underlying_price,underlying_index,timestamp,state,settlement_price,open_interest,min_price,max_price,mark_price,mark_iv,last_price,interest_rate,instrument_name,index_price,bid_iv,best_bid_price,best_bid_amount,best_ask_price,best_ask_amount,ask_iv,vega,theta,rho,gamma,delta
8552.68,BTC-26JUN20,1579863540938,open,1.34,0.1,1.3005,1.429,1.35815357,82.99,1.85,0.0,BTC-26JUN20-20000-P,8228.84,0.0,0.0005,5.0,1.88,0.1,310.06,9.42872,-2.54257,-81.57936,4e-05,-0.90441
8702.18,SYN.BTC-25SEP20,1579863540955,open,0.17,108.5,0.134,0.233,0.1780253,69.86,0.174,0.0,BTC-25SEP20-8000-P,8228.84,68.0,0.1725,2.0,0.1815,15.0,71.02,25.88976,-3.69278,-29.80338,7e-05,-0.33246
158.85,ETH-27MAR20,1579863540992,open,0.13,4825.0,0.092,0.182,0.135462,79.68,0.131,0.0,ETH-27MAR20-160-P,155.96,76.35,0.13,164.0,0.14,371.0,82.45,0.26033,-0.16495,-0.15827,0.00752,-0.44293
162.14,ETH-26JUN20,1579863540993,open,0.03,793.0,0.009,0.061,0.028074,100.32,0.035,0.0,ETH-26JUN20-440-C,155.96,97.79,0.025,384.0,0.031,120.0,102.6,0.20272,-0.06608,0.05854,0.00182,0.11372
156.59,SYN.ETH-7FEB20,1579863541022,open,0.2,0.0,0.181,0.262,0.21966,73.06,None,0.0,ETH-7FEB20-190-P,155.96,0.0,0.0,0.0,0.336,1.0,250.08,0.05324,-0.14017,-0.0667,0.00782,-0.90086
8701.99,SYN.BTC-25SEP20,1579863541989,open,2.67,0.0,2.6125,2.7985,2.6966053,88.7,None,0.0,BTC-25SEP20-32000-P,8228.84,0.0,0.0,0.0,0.0,0.0,0.0,10.24342,-1.8553,-211.34507,2e-05,-0.92349
8701.99,SYN.BTC-25SEP20,1579863541989,open,1.33,0.1,1.2785,1.4305,1.34604249,80.6,1.21,0.0,BTC-25SEP20-20000-P,8228.84,0.0,0.0,0.0,1.35,0.4,82.44,18.4448,-3.03557,-126.6848,5e-05,-0.82392
162.14,ETH-26JUN20,1579863541996,open,0.19,3510.0,0.13,0.237,0.183485,87.01,0.202,0.0,ETH-26JUN20-180-C,155.96,85.27,0.179,10.0,0.188,447.0,88.76,0.418,-0.11818,0.2429,0.00433,0.53884
156.28,SYN.ETH-31JAN20,1579863542033,open,0.07,1292.0,0.03,0.091,0.055933,59.49,0.055,0.0,ETH-31JAN20-150-C,155.96,53.19,0.053,80.0,0.06,80.0,67.97,0.07384,-0.31948,0.01915,0.02698,0.7064
158.86,ETH-27MAR20,1579863542040,open,0.2,667.0,0.151,0.231,0.192008,79.89,0.187,0.0,ETH-27MAR20-140-C,155.96,76.36,0.187,20.0,0.196,551.0,82.68,0.2265,-0.14388,0.14115,0.00652,0.70779
162.14,ETH-26JUN20,1579863542042,open,0.08,894.0,0.037,0.125,0.07687,93.02,0.08,0.0,ETH-26JUN20-280-C,155.96,92.15,0.075,1.0,0.079,140.0,94.0,0.35026,-0.10587,0.13434,0.0034,0.2734
157.57,SYN.ETH-28FEB20,1579863542042,open,0.02,43.0,0.005,0.038,0.017253,80.03,0.02,0.0,ETH-28FEB20-210-C,155.96,78.26,0.016,265.0,0.019,475.0,82.41,0.11344,-0.13016,0.01995,0.00598,0.14976
8247.22,SYN.BTC-31JAN20,1579863542044,open,0.04,430.0,0.026,0.0745,0.04532932,49.14,0.043,0.0,BTC-31JAN20-8500-P,8228.84,44.46,0.043,1.0,0.0445,2.0,47.48,4.14504,-14.81224,-1.0966,0.00066,-0.66053
164.97,SYN.ETH-25SEP20,1579863542046,open,0.06,84.0,0.024,0.109,0.05971,100.08,0.06,0.0,ETH-25SEP20-480-C,155.96,98.37,0.056,298.0,0.064,100.0,102.01,0.36181,-0.07394,0.1397,0.00198,0.18593
157.57,SYN.ETH-28FEB20,1579863542050,open,0.12,184.0,0.077,0.146,0.111962,71.46,0.142,0.0,ETH-28FEB20-150-C,155.96,68.92,0.109,164.0,0.115,20.0,74.06,0.18381,-0.18831,0.07808,0.01084,0.63054
156.28,SYN.ETH-31JAN20,1579863542071,open,0.12,1280.0,0.079,0.139,0.108887,66.25,0.14,0.0,ETH-31JAN20-140-C,155.96,57.85,0.107,80.0,0.113,60.0,80.71,0.03893,-0.18756,0.02315,0.01277,0.89527
164.97,SYN.ETH-25SEP20,1579863542073,open,0.07,46.0,0.029,0.12,0.068519,98.84,0.075,0.0,ETH-25SEP20-440-C,155.96,96.9,0.064,296.0,0.073,100.0,100.72,0.38926,-0.07856,0.15642,0.00216,0.20985
158.86,ETH-27MAR20,1579863542121,open,0.2,1687.0,0.167,0.272,0.218516,81.0,0.213,0.0,ETH-27MAR20-180-P,155.96,76.97,0.212,164.0,0.224,281.0,84.37,0.25765,-0.16595,-0.2187,0.00732,-0.58065
158.86,ETH-27MAR20,1579863542123,open,0.0,2393.0,0.001,0.011,0.001793,121.01,0.003,0.0,ETH-27MAR20-560-C,155.96,113.56,0.001,199.0,0.003,435.0,128.71,0.02058,-0.01981,0.00279,0.00039,0.01199
158.86,ETH-27MAR20,1579863542127,open,0.03,1677.0,0.014,0.061,0.034267,82.49,0.032,0.0,ETH-27MAR20-120-P,155.96,80.24,0.032,25.0,0.036,319.0,84.19,0.16105,-0.10565,-0.05342,0.00449,-0.16095
164.97,SYN.ETH-25SEP20,1579863542129,open,0.66,1.0,0.634,0.677,0.654749,92.62,0.645,0.0,ETH-25SEP20-60-C,155.96,71.14,0.642,58.0,0.667,58.0,107.17,0.12439,-0.02352,0.33408,0.00074,0.9566
162.14,ETH-26JUN20,1579863542146,open,0.44,1.0,0.394,0.465,0.429766,86.53,0.38,0.0,ETH-26JUN20-100-C,155.96,64.29,0.403,47.0,0.456,47.0,104.89,0.21902,-0.06158,0.30303,0.00228,0.87309
8396.92,BTC-27MAR20,1579863542192,open,0.1,50.4,0.078,0.1465,0.1088324,61.74,0.105,0.0,BTC-27MAR20-8500-P,8228.84,60.93,0.1075,2.0,0.111,2.0,63.06,13.85853,-6.80435,-8.34247,0.00018,-0.46791
8322.07,SYN.BTC-28FEB20,1579863542253,open,0.08,240.1,0.055,0.112,0.08093661,56.02,0.0765,0.0,BTC-28FEB20-8500-P,8228.84,53.23,0.0775,18.6,0.081,11.5,56.07,10.25607,-8.23634,-4.73237,0.00028,-0.5142
156.28,SYN.ETH-31JAN20,1579863542274,open,0.01,5960.0,0.001,0.016,0.0036,71.84,0.003,0.0,ETH-31JAN20-180-C,155.96,68.85,0.003,7.0,0.004,300.0,73.69,0.03283,-0.17152,0.00234,0.00993,0.08316
8552.73,BTC-26JUN20,1579863542310,open,1.57,0.0,1.5275,1.6605,1.58737596,84.8,None,0.0,BTC-26JUN20-22000-P,8228.84,0.0,0.11,1.0,2.22,0.1,369.91,7.84887,-2.16279,-90.59254,3e-05,-0.92515
8396.92,BTC-27MAR20,1579863542343,open,0.02,1715.1,0.0065,0.041,0.0183627,70.15,0.0175,0.0,BTC-27MAR20-12000-C,8228.84,68.65,0.017,82.9,0.0195,28.8,71.36,7.75335,-4.32507,1.75804,9e-05,0.1399
8265.93,SYN.BTC-7FEB20,1579863542582,open,0.0,4.0,0.0005,0.0115,0.00191129,61.38,0.003,0.0,BTC-7FEB20-10250-C,8228.84,58.81,0.0015,45.0,0.0025,30.0,64.54,1.42043,-3.14172,0.12322,9e-05,0.04112
8322.09,SYN.BTC-28FEB20,1579863543425,open,0.04,312.2,0.02,0.0645,0.03901634,56.66,0.04,0.0,BTC-28FEB20-9000-C,8228.76,54.91,0.037,19.9,0.0405,17.0,57.94,9.62029,-7.81501,2.54918,0.00026,0.3596
8322.09,SYN.BTC-28FEB20,1579863543429,open,0.04,312.2,0.02,0.0645,0.03901634,56.66,0.04,0.0,BTC-28FEB20-9000-C,8228.76,54.91,0.037,20.5,0.0405,17.0,57.94,9.62029,-7.81501,2.54918,0.00026,0.3596
162.14,ETH-26JUN20,1579863543694,open,0.44,1.0,0.394,0.465,0.42979,86.53,0.38,0.0,ETH-26JUN20-100-C,155.96,64.29,0.403,47.0,0.454,47.0,103.55,0.21902,-0.06158,0.30303,0.00228,0.87309
162.14,ETH-26JUN20,1579863543703,open,0.44,1.0,0.394,0.465,0.42979,86.53,0.38,0.0,ETH-26JUN20-100-C,155.96,67.15,0.406,47.0,0.454,47.0,103.55,0.21902,-0.06158,0.30303,0.00228,0.87309
162.14,ETH-26JUN20,1579863543727,open,0.44,1.0,0.394,0.465,0.42979,86.53,0.38,0.0,ETH-26JUN20-100-C,155.96,67.15,0.406,47.0,0.455,47.0,104.22,0.21902,-0.06158,0.30303,0.00228,0.87309
162.14,ETH-26JUN20,1579863543731,open,0.44,1.0,0.394,0.465,0.42979,86.53,0.38,0.0,ETH-26JUN20-100-C,155.96,66.21,0.405,47.0,0.455,47.0,104.22,0.21902,-0.06158,0.30303,0.00228,0.87309
164.97,SYN.ETH-25SEP20,1579863543928,open,0.66,1.0,0.634,0.677,0.654768,92.62,0.645,0.0,ETH-25SEP20-60-C,155.96,68.63,0.641,58.0,0.667,58.0,107.17,0.12439,-0.02352,0.33408,0.00074,0.9566
8396.92,BTC-27MAR20,1579863543956,open,0.0,226.0,0.0005,0.011,0.00101388,103.85,0.001,0.0,BTC-27MAR20-26000-C,8228.82,96.69,0.0005,30.5,0.002,25.0,112.14,0.76781,-0.63405,0.10172,1e-05,0.00805
8396.92,BTC-27MAR20,1579863543956,open,0.3,22.1,0.2775,0.321,0.29752377,65.79,0.34,0.0,BTC-27MAR20-6000-C,8228.82,0.0,0.282,16.0,0.3175,16.0,90.72,5.45838,-2.85556,8.92093,7e-05,0.91426
8552.75,BTC-26JUN20,1579863543956,open,0.01,357.8,0.0005,0.0315,0.01041253,89.42,0.011,0.0,BTC-26JUN20-26000-C,8228.82,88.06,0.0095,2.0,0.0115,37.0,90.94,5.91823,-1.71953,1.5032,2e-05,0.0521
8552.81,BTC-26JUN20,1579863543959,open,0.67,12.5,0.634,0.7515,0.68662594,74.97,0.619,0.0,BTC-26JUN20-14000-P,8228.82,0.0,0.1,2.0,0.69,1.0,76.71,16.4843,-4.01588,-52.84675,7e-05,-0.77903
8396.98,BTC-27MAR20,1579863543959,open,0.0,727.9,0.0005,0.012,0.00222393,91.59,0.004,0.0,BTC-27MAR20-20000-C,8228.82,90.33,0.002,1.0,0.0025,25.0,93.02,1.55545,-1.13286,0.2307,1e-05,0.01817
8396.98,BTC-27MAR20,1579863543959,open,0.0,95.4,0.0005,0.0105,0.00089412,108.09,0.001,0.0,BTC-27MAR20-28000-C,8228.82,102.07,0.0005,30.1,0.0015,44.0,114.27,0.67418,-0.57948,0.08748,1e-05,0.00694
8552.81,BTC-26JUN20,1579863543958,open,0.89,2.1,0.852,0.972,0.90534536,77.6,0.89,0.0,BTC-26JUN20-16000-P,8228.82,0.0,0.0,0.0,2.0,0.1,500.0,13.55654,-3.4184,-62.90208,6e-05,-0.83919
8552.81,BTC-26JUN20,1579863543959,open,0.01,101.6,0.0005,0.0265,0.00786568,93.69,0.008,0.0,BTC-26JUN20-30000-C,8228.82,92.06,0.007,1.0,0.009,47.0,95.66,4.71808,-1.43636,1.13373,2e-05,0.03931
8396.98,BTC-27MAR20,1579863543959,open,0.0,207.8,0.0005,0.011,0.00122359,99.7,0.002,0.0,BTC-27MAR20-24000-C,8228.82,97.5,0.001,3.0,0.0015,24.0,102.04,0.9187,-0.72835,0.12514,1e-05,0.00987
8396.98,BTC-27MAR20,1579863543960,open,0.78,0.0,0.7535,0.84,0.79305197,79.02,None,0.0,BTC-27MAR20-15000-P,8228.82,0.0,0.0,0.0,0.0,0.0,0.0,3.83522,-2.41008,-25.15141,4e-05,-0.94575
8396.98,BTC-27MAR20,1579863543960,open,0.05,649.0,0.03,0.0825,0.05226652,61.74,0.051,0.0,BTC-27MAR20-7500-P,8228.82,60.13,0.05,24.3,0.0525,13.5,61.91,11.82592,-5.8066,-4.87405,0.00016,-0.28469
8396.98,BTC-27MAR20,1579863543960,open,0.33,0.0,0.301,0.3825,0.33813551,67.25,None,0.0,BTC-27MAR20-11000-P,8228.82,0.0,0.0405,1.0,0.641,1.0,259.11,9.87021,-5.27871,-16.40664,0.00012,-0.79611
8396.98,BTC-27MAR20,1579863543960,open,0.01,487.5,0.0025,0.0315,0.01240679,72.91,0.013,0.0,BTC-27MAR20-13000-C,8228.82,71.62,0.0115,35.0,0.0135,65.8,74.4,6.02565,-3.49343,1.23779,7e-05,0.09798
8396.98,BTC-27MAR20,1579863543960,open,0.2,261.8,0.173,0.229,0.19912725,61.78,0.2225,0.0,BTC-27MAR20-7000-C,8228.82,45.8,0.182,16.0,0.219,16.0,78.0,9.78837,-4.80928,8.67602,0.00013,0.79893
8396.98,BTC-27MAR20,1579863543960,open,0.01,95.7,0.0005,0.0195,0.007382,69.64,0.007,0.0,BTC-27MAR20-5500-P,8228.82,68.78,0.007,24.0,0.008,0.1,70.97,3.81328,-2.11162,-0.88587,5e-05,-0.05386
8396.98,BTC-27MAR20,1579863543961,open,2.31,0.0,2.2695,2.4075,2.33546601,108.58,None,0.0,BTC-27MAR20-28000-P,8228.82,0.0,0.0,0.0,0.0,0.0,0.0,0.69611,-0.60103,-48.14279,1e-05,-0.9928
8396.98,BTC-27MAR20,1579863543961,open,0.55,0.0,0.523,0.6055,0.56060088,72.93,None,0.0,BTC-27MAR20-13000-P,8228.82,0.0,0.0,0.0,0.0,0.0,0.0,6.03004,-3.4972,-21.15516,7e-05,-0.90192
8552.81,BTC-26JUN20,1579863543962,open,0.02,57.2,0.0045,0.04,0.01508343,84.79,0.0175,0.0,BTC-26JUN20-22000-C,8228.82,83.58,0.014,2.0,0.0165,26.0,86.29,7.8448,-2.16125,2.15312,3e-05,0.0748
8247.15,SYN.BTC-31JAN20,1579863543956,open,0.0,760.2,0.0005,0.0105,0.00017976,80.37,0.0005,0.0,BTC-31JAN20-11000-C,8228.82,0.0,0.0,0.0,0.0005,2.0,90.59,0.17223,-1.00658,0.00795,2e-05,0.00529
8552.81,BTC-26JUN20,1579863543963,open,0.2,167.1,0.164,0.261,0.20780769,68.47,0.174,0.0,BTC-26JUN20-9000-P,8228.82,65.63,0.2005,23.8,0.213,12.2,70.48,22.02631,-4.90034,-23.97594,0.0001,-0.45714
8702.01,SYN.BTC-25SEP20,1579863543961,open,0.24,61.6,0.197,0.307,0.2465184,69.85,0.235,0.0,BTC-25SEP20-9000-P,8228.82,66.39,0.2355,13.0,0.246,0.1,69.68,27.71074,-3.95193,-38.33636,8e-05,-0.41014
8702.01,SYN.BTC-25SEP20,1579863543956,open,1.77,0.0,1.719,1.8805,1.79106299,83.46,None,0.0,BTC-25SEP20-24000-P,8228.82,0.0,0.0,0.0,0.0,0.0,0.0,14.80961,-2.52376,-155.54982,3e-05,-0.87332
8247.15,SYN.BTC-31JAN20,1579863543961,open,0.08,0.0,0.048,0.095,0.06730238,51.17,None,0.0,BTC-31JAN20-7750-C,8228.82,44.35,0.065,1.5,0.0735,16.5,66.92,2.95644,-11.00116,1.17141,0.00045,0.82132
8702.01,SYN.BTC-25SEP20,1579863543961,open,2.22,0.0,2.1645,2.3385,2.24275573,86.53,None,0.0,BTC-25SEP20-28000-P,8228.82,0.0,0.0,0.0,0.0,0.0,0.0,12.30234,-2.17363,-183.60901,3e-05,-0.90225
8247.15,SYN.BTC-31JAN20,1579863543959,open,0.0,757.0,0.0005,0.0105,0.00025761,72.93,0.001,0.0,BTC-31JAN20-6500-P,8228.82,0.0,0.0,0.0,0.001,51.5,88.26,0.23662,-1.25482,-0.01218,3e-05,-0.00758
8247.15,SYN.BTC-31JAN20,1579863543956,open,0.35,0.0,0.3375,0.393,0.36418995,79.42,None,0.0,BTC-31JAN20-11250-P,8228.82,0.0,0.0005,0.2,0.0,0.0,0.0,0.09112,-0.52625,-2.1153,1e-05,-0.9974
8247.15,SYN.BTC-31JAN20,1579863543959,open,0.28,51.3,0.258,0.287,0.27250007,74.99,0.3385,0.0,BTC-31JAN20-6000-C,8228.82,0.0,0.2685,10.0,0.2855,10.0,194.97,0.03241,-0.17676,1.12891,0.0,0.99916
8322.03,SYN.BTC-28FEB20,1579863543960,open,0.02,711.2,0.013,0.05,0.02765,56.03,0.022,0.0,BTC-28FEB20-7500-P,8228.82,53.8,0.0255,39.3,0.0265,1.6,54.84,8.1045,-6.50965,-2.17596,0.00022,-0.246
8322.03,SYN.BTC-28FEB20,1579863543959,open,0.35,4.1,0.3265,0.3595,0.34188682,75.07,0.3945,0.0,BTC-28FEB20-5500-C,8228.82,0.0,0.334,11.0,0.3555,11.0,113.32,1.68509,-1.81349,5.00523,3e-05,0.97134
8247.15,SYN.BTC-31JAN20,1579863543959,open,0.0,385.5,0.0005,0.0105,4.908e-05,80.63,0.001,0.0,BTC-31JAN20-11500-C,8228.82,0.0,0.0,0.0,0.001,30.0,112.27,0.05835,-0.34209,0.0024,1e-05,0.00159
8247.15,SYN.BTC-31JAN20,1579863543960,open,0.38,0.0,0.3675,0.4235,0.39445759,78.6,None,0.0,BTC-31JAN20-11500-P,8228.82,0.0,0.0005,0.3,0.0,0.0,0.0,0.0461,-0.26347,-2.16446,0.0,-0.99877
158.87,ETH-27MAR20,1579863544015,open,0.06,3507.0,0.027,0.093,0.057326,82.7,0.068,0.0,ETH-27MAR20-200-C,155.97,81.1,0.055,25.0,0.06,257.0,84.52,0.23224,-0.15273,0.06883,0.00646,0.30883
162.15,ETH-26JUN20,1579863544015,open,0.29,679.0,0.228,0.327,0.27837,85.25,0.302,0.0,ETH-26JUN20-140-C,155.97,81.06,0.269,255.0,0.285,435.0,88.22,0.36262,-0.10045,0.29241,0.00384,0.70613
158.88,ETH-27MAR20,1579863544015,open,0.51,20.0,0.483,0.522,0.501844,98.01,0.613,0.0,ETH-27MAR20-80-C,155.97,0.0,0.496,47.0,0.513,46.0,126.91,0.04409,-0.03436,0.1283,0.00103,0.97063
158.88,ETH-27MAR20,1579863544016,open,2.96,0.0,2.912,3.158,3.029685,128.75,None,0.0,ETH-27MAR20-640-P,155.97,0.0,0.01,50.0,0.0,0.0,0.0,0.01701,-0.01742,-1.10025,0.0003,-0.99036
162.15,ETH-26JUN20,1579863544016,open,0.54,0.0,0.503,0.555,0.528588,89.99,None,0.0,ETH-26JUN20-80-C,155.97,61.8,0.511,50.0,0.548,50.0,110.37,0.1361,-0.0398,0.27669,0.00136,0.93335
158.88,ETH-27MAR20,1579863544016,open,0.01,2245.0,0.001,0.026,0.009356,97.02,0.014,0.0,ETH-27MAR20-320-C,155.97,94.23,0.008,265.0,0.011,625.0,100.11,0.08067,-0.06224,0.01443,0.00191,0.06208
162.15,ETH-26JUN20,1579863544016,open,0.11,1062.0,0.06,0.158,0.106213,90.85,0.118,0.0,ETH-26JUN20-240-C,155.97,87.01,0.097,282.0,0.114,282.0,94.05,0.39226,-0.1158,0.1706,0.0039,0.35578
162.15,ETH-26JUN20,1579863544016,open,2.89,0.0,2.836,3.1,2.959944,108.52,None,0.0,ETH-26JUN20-640-P,155.97,0.0,0.01,50.0,0.0,0.0,0.0,0.11747,-0.04142,-2.66923,0.00098,-0.94479
156.6,SYN.ETH-7FEB20,1579863544015,open,0.01,21.0,0.001,0.02,0.006291,73.01,0.005,0.0,ETH-7FEB20-190-C,155.97,69.0,0.005,330.0,0.008,700.0,77.76,0.05322,-0.14002,0.00552,0.00782,0.09907
156.6,SYN.ETH-7FEB20,1579863544015,open,0.05,42.0,0.032,0.097,0.062762,65.14,0.054,0.0,ETH-7FEB20-160-P,155.97,60.27,0.059,200.0,0.065,180.0,68.03,0.12114,-0.28435,-0.036,0.01995,-0.54201
158.88,ETH-27MAR20,1579863544017,open,0.0,8174.0,0.001,0.011,0.001426,123.24,0.001,0.0,ETH-27MAR20-600-C,155.97,118.72,0.001,3929.0,0.002,65.0,127.99,0.01694,-0.0166,0.00223,0.00032,0.00959
162.15,ETH-26JUN20,1579863544018,open,2.41,0.0,2.359,2.598,2.470967,105.95,None,0.0,ETH-26JUN20-560-P,155.97,0.0,0.01,50.0,0.0,0.0,0.0,0.14518,-0.04998,-2.32317,0.00124,-0.92753
158.88,ETH-27MAR20,1579863544018,open,0.01,874.0,0.001,0.015,0.005432,98.24,0.006,0.0,ETH-27MAR20-80-P,155.97,92.67,0.004,540.0,0.007,645.0,103.47,0.04438,-0.03467,-0.00959,0.00104,-0.0296
156.6,SYN.ETH-7FEB20,1579863544015,open,0.32,0.0,0.303,0.388,0.343163,80.6,None,0.0,ETH-7FEB20-210-P,155.97,0.0,0.0,0.0,0.627,1.0,500.0,0.02462,-0.07149,-0.07777,0.00328,-0.96314
157.57,SYN.ETH-28FEB20,1579863544015,open,0.07,640.0,0.03,0.09,0.058686,72.61,0.062,0.0,ETH-28FEB20-170-C,155.97,70.37,0.056,433.0,0.062,653.0,75.36,0.18942,-0.19719,0.05299,0.011,0.41062
158.88,ETH-27MAR20,1579863544018,open,1.97,0.0,1.934,2.124,2.024387,117.05,None,0.0,ETH-27MAR20-480-P,155.97,0.0,0.004,50.0,0.0,0.0,0.0,0.03331,-0.03101,-0.82199,0.00065,-0.97897
158.88,ETH-27MAR20,1579863544018,open,0.03,4424.0,0.009,0.055,0.02762,86.93,0.029,0.0,ETH-27MAR20-240-C,155.97,85.36,0.026,300.0,0.03,824.0,89.18,0.16549,-0.11441,0.03837,0.00438,0.16782
162.15,ETH-26JUN20,1579863544018,open,0.23,517.0,0.17,0.275,0.223286,85.25,0.27,0.0,ETH-26JUN20-160-C,155.97,81.91,0.215,261.0,0.23,441.0,87.97,0.40143,-0.1112,0.26999,0.00425,0.61825
156.6,SYN.ETH-7FEB20,1579863544015,open,0.01,2.0,0.003,0.033,0.013393,67.04,0.009,0.0,ETH-7FEB20-140-P,155.97,64.25,0.012,270.0,0.015,240.0,70.15,0.07958,-0.19222,-0.0114,0.01273,-0.17806
162.15,ETH-26JUN20,1579863544019,open,0.02,286.0,0.004,0.043,0.017162,105.72,0.019,0.0,ETH-26JUN20-560-C,155.97,101.95,0.014,390.0,0.02,440.0,108.77,0.14415,-0.04952,0.03735,0.00123,0.07181
162.15,ETH-26JUN20,1579863544019,open,2.17,0.0,2.12,2.348,2.22712,104.32,None,0.0,ETH-26JUN20-520-P,155.97,0.0,0.01,50.0,0.0,0.0,0.0,0.1617,-0.05481,-2.14892,0.0014,-0.91647
156.6,SYN.ETH-7FEB20,1579863544015,open,0.05,20.0,0.016,0.069,0.041051,65.12,0.046,0.0,ETH-7FEB20-160-C,155.97,61.18,0.038,205.0,0.044,464.0,68.93,0.12113,-0.28426,0.02482,0.01995,0.45797
156.6,SYN.ETH-7FEB20,1579863544015,open,0.08,0.0,0.042,0.104,0.073452,65.12,None,0.0,ETH-7FEB20-150-C,155.97,60.29,0.07,180.0,0.077,180.0,70.05,0.11232,-0.26358,0.03471,0.0185,0.65642
157.57,SYN.ETH-28FEB20,1579863544016,open,0.06,313.0,0.034,0.098,0.063961,71.5,0.061,0.0,ETH-28FEB20-150-P,155.97,68.96,0.061,212.0,0.066,220.0,73.25,0.18381,-0.18842,-0.06525,0.01084,-0.36942
156.6,SYN.ETH-7FEB20,1579863544015,open,0.09,0.0,0.071,0.146,0.107262,66.73,None,0.0,ETH-7FEB20-170-P,155.97,60.16,0.103,60.0,0.11,60.0,70.81,0.10379,-0.24955,-0.04891,0.01668,-0.71428
156.6,SYN.ETH-7FEB20,1579863544015,open,0.01,10.0,0.002,0.03,0.011544,69.66,0.016,0.0,ETH-7FEB20-180-C,155.97,66.44,0.01,271.0,0.013,240.0,72.56,0.07704,-0.19338,0.00939,0.01186,0.16921
156.28,SYN.ETH-31JAN20,1579863544015,open,0.0,883.0,0.001,0.021,0.004782,66.46,0.004,0.0,ETH-31JAN20-140-P,155.97,63.22,0.004,330.0,0.006,320.0,71.1,0.0391,-0.18898,-0.00324,0.01279,-0.10538
164.97,SYN.ETH-25SEP20,1579863544018,open,1.46,0.0,1.397,1.621,1.503228,97.1,None,0.0,ETH-25SEP20-400-P,155.97,0.0,0.0,0.0,0.0,0.0,0.0,0.41719,-0.08272,-2.50818,0.00235,-0.76299
156.6,SYN.ETH-7FEB20,1579863544015,open,0.03,380.0,0.01,0.059,0.031307,65.14,0.034,0.0,ETH-7FEB20-150-P,155.97,60.51,0.028,265.0,0.033,265.0,67.5,0.11233,-0.26366,-0.02232,0.0185,-0.3436
157.57,SYN.ETH-28FEB20,1579863544018,open,0.16,113.0,0.116,0.184,0.151076,72.17,0.148,0.0,ETH-28FEB20-140-C,155.97,68.08,0.147,68.0,0.154,20.0,75.07,0.15817,-0.16365,0.08859,0.00924,0.73944
156.6,SYN.ETH-7FEB20,1579863544015,open,0.03,100.0,0.005,0.045,0.021693,66.7,0.035,0.0,ETH-7FEB20-170-C,155.97,62.59,0.019,270.0,0.024,551.0,70.15,0.10377,-0.24943,0.01571,0.01669,0.28564
156.6,SYN.ETH-7FEB20,1579863544015,open,0.13,0.0,0.088,0.15,0.119395,67.01,None,0.0,ETH-7FEB20-140-C,155.97,62.16,0.117,60.0,0.123,80.0,73.87,0.07956,-0.1921,0.04183,0.01273,0.82201
157.57,SYN.ETH-28FEB20,1579863544018,open,0.03,4159.0,0.007,0.046,0.022966,77.95,0.024,0.0,ETH-28FEB20-200-C,155.97,75.59,0.021,217.0,0.025,511.0,80.32,0.1332,-0.14886,0.02551,0.0072,0.19241
157.57,SYN.ETH-28FEB20,1579863544018,open,0.01,630.0,0.003,0.029,0.012941,76.92,0.013,0.0,ETH-28FEB20-120-P,155.97,75.2,0.012,540.0,0.014,265.0,78.81,0.08736,-0.09634,-0.01746,0.00479,-0.10303
156.6,SYN.ETH-7FEB20,1579863544015,open,0.0,0.0,0.001,0.015,0.003842,77.72,None,0.0,ETH-7FEB20-200-C,155.97,73.95,0.003,300.0,0.005,380.0,82.25,0.03731,-0.10449,0.00346,0.00515,0.06198
157.57,SYN.ETH-28FEB20,1579863544015,open,0.05,1318.0,0.018,0.071,0.042047,73.74,0.045,0.0,ETH-28FEB20-180-C,155.97,71.88,0.04,497.0,0.044,304.0,75.51,0.17402,-0.18398,0.04174,0.00995,0.31927
156.6,SYN.ETH-7FEB20,1579863544015,open,0.14,0.0,0.123,0.202,0.16097,69.7,None,0.0,ETH-7FEB20-180-P,155.97,0.0,0.0,0.0,0.252,1.0,201.08,0.07707,-0.19357,-0.05903,0.01186,-0.83066
156.28,SYN.ETH-31JAN20,1579863544016,open,0.26,0.0,0.243,0.321,0.280151,76.68,0.233,0.0,ETH-31JAN20-200-P,155.97,0.0,0.035,1.0,0.42,3.0,418.2,0.0062,-0.03455,-0.03736,0.00176,-0.98903
156.6,SYN.ETH-7FEB20,1579863544015,open,0.0,345.0,0.001,0.012,0.002167,80.48,0.002,0.0,ETH-7FEB20-210-C,155.97,71.2,0.001,326.0,0.003,320.0,85.3,0.02449,-0.07102,0.00205,0.00326,0.03662
156.28,SYN.ETH-31JAN20,1579863544016,open,0.0,2091.0,0.001,0.011,0.0,76.77,0.001,0.0,ETH-31JAN20-260-C,155.97,0.0,0.0,0.0,0.001,272.0,160.44,0.0,0.0,0.0,0.0,0.0
157.57,SYN.ETH-28FEB20,1579863544019,open,0.01,894.0,0.001,0.022,0.007899,86.02,0.009,0.0,ETH-28FEB20-240-C,155.97,83.87,0.007,540.0,0.009,235.0,88.49,0.06797,-0.08383,0.00989,0.00333,0.07362
156.28,SYN.ETH-31JAN20,1579863544019,open,0.0,1245.0,0.001,0.011,1.8e-05,80.41,0.001,0.0,ETH-31JAN20-110-P,155.97,0.0,0.0,0.0,0.001,24.0,123.66,0.00045,-0.00265,-2e-05,0.00012,-0.0006
156.6,SYN.ETH-7FEB20,1579863544015,open,0.19,0.0,0.147,0.204,0.175949,73.93,None,0.0,ETH-7FEB20-130-C,155.97,0.0,0.169,1.0,0.194,33.0,116.88,0.04808,-0.12808,0.04392,0.00697,0.91365
156.6,SYN.ETH-7FEB20,1579863544015,open,0.26,0.0,0.241,0.325,0.280981,77.8,None,0.0,ETH-7FEB20-200-P,155.97,0.0,0.0,0.0,0.423,1.0,300.89,0.0374,-0.10486,-0.07256,0.00516,-0.93782
156.6,SYN.ETH-7FEB20,1579863544015,open,0.01,41.0,0.001,0.019,0.006089,73.97,0.007,0.0,ETH-7FEB20-130-P,155.97,70.27,0.005,300.0,0.007,300.0,76.84,0.04812,-0.12826,-0.00551,0.00698,-0.08645
156.28,SYN.ETH-31JAN20,1579863544043,open,0.03,2930.0,0.007,0.055,0.022148,59.01,0.024,0.0,ETH-31JAN20-160-C,155.97,54.95,0.02,444.0,0.024,26.0,62.49,0.08293,-0.35588,0.01116,0.03055,0.40125
156.28,SYN.ETH-31JAN20,1579863544046,open,0.03,2930.0,0.007,0.055,0.022148,59.01,0.024,0.0,ETH-31JAN20-160-C,155.97,54.95,0.02,444.0,0.024,1.0,62.49,0.08293,-0.35588,0.01116,0.03055,0.40125
156.28,SYN.ETH-31JAN20,1579863544308,open,0.25,349.0,0.209,0.255,0.232395,79.97,0.261,0.0,ETH-31JAN20-120-C,155.97,0.0,0.218,32.0,0.25,32.0,187.84,0.00414,-0.02406,0.02239,0.00112,0.99308
8265.87,SYN.BTC-7FEB20,1579863544423,open,0.01,137.4,0.004,0.042,0.01355636,48.61,0.0135,0.0,BTC-7FEB20-7750-P,8228.82,46.83,0.0125,45.4,0.015,48.2,51.0,4.93534,-8.64516,-0.7764,0.00039,-0.23352
8552.81,BTC-26JUN20,1579863544424,open,0.55,0.5,0.5265,0.5595,0.54086418,75.47,0.589,0.0,BTC-26JUN20-4000-C,8228.82,71.63,0.539,11.0,0.5445,21.7,81.89,4.41663,-1.08308,15.24772,2e-05,0.96375
156.28,SYN.ETH-31JAN20,1579863544498,open,0.04,1730.0,0.022,0.086,0.04597,59.02,0.048,0.0,ETH-31JAN20-160-P,155.97,51.5,0.042,180.0,0.049,200.0,64.71,0.08294,-0.35596,-0.01898,0.03054,-0.59872
156.28,SYN.ETH-31JAN20,1579863544500,open,0.04,1730.0,0.022,0.086,0.04597,59.02,0.048,0.0,ETH-31JAN20-160-P,155.97,51.5,0.042,180.0,0.048,180.0,62.84,0.08294,-0.35596,-0.01898,0.03054,-0.59872
156.28,SYN.ETH-31JAN20,1579863544501,open,0.04,1730.0,0.022,0.086,0.04597,59.02,0.048,0.0,ETH-31JAN20-160-P,155.97,51.5,0.042,379.0,0.048,180.0,62.84,0.08294,-0.35596,-0.01898,0.03054,-0.59872
156.6,SYN.ETH-7FEB20,1579863544501,open,0.13,0.0,0.088,0.15,0.119395,67.01,None,0.0,ETH-7FEB20-140-C,155.97,62.16,0.117,60.0,0.123,20.0,73.87,0.07956,-0.1921,0.04183,0.01273,0.82201
157.57,SYN.ETH-28FEB20,1579863544504,open,0.16,113.0,0.116,0.184,0.151076,72.17,0.148,0.0,ETH-28FEB20-140-C,155.97,69.09,0.148,48.0,0.154,20.0,75.07,0.15817,-0.16365,0.08859,0.00924,0.73944
158.88,ETH-27MAR20,1579863544506,open,0.13,4825.0,0.092,0.182,0.135391,79.7,0.131,0.0,ETH-27MAR20-160-P,155.97,76.42,0.13,20.0,0.14,371.0,82.52,0.26035,-0.16502,-0.15821,0.00751,-0.44268
156.28,SYN.ETH-31JAN20,1579863544508,open,0.0,883.0,0.001,0.021,0.004782,66.46,0.004,0.0,ETH-31JAN20-140-P,155.97,63.22,0.004,30.0,0.006,320.0,71.1,0.0391,-0.18898,-0.00324,0.01279,-0.10538
156.28,SYN.ETH-31JAN20,1579863544514,open,0.04,1730.0,0.022,0.086,0.04597,59.02,0.048,0.0,ETH-31JAN20-160-P,155.97,51.5,0.042,399.0,0.048,180.0,62.84,0.08294,-0.35596,-0.01898,0.03054,-0.59872
156.28,SYN.ETH-31JAN20,1579863544516,open,0.07,1292.0,0.03,0.091,0.055975,59.57,0.055,0.0,ETH-31JAN20-150-C,155.97,55.36,0.054,60.0,0.06,80.0,67.96,0.07387,-0.32,0.01914,0.02695,0.70621
156.6,SYN.ETH-7FEB20,1579863544518,open,0.03,100.0,0.005,0.045,0.021693,66.7,0.035,0.0,ETH-7FEB20-170-C,155.97,64.13,0.02,240.0,0.024,551.0,70.15,0.10377,-0.24943,0.01571,0.01669,0.28564
157.57,SYN.ETH-28FEB20,1579863544520,open,0.09,48.0,0.06,0.135,0.096438,71.39,0.075,0.0,ETH-28FEB20-160-P,155.97,69.41,0.094,20.0,0.099,220.0,73.47,0.19415,-0.1987,-0.08733,0.01146,-0.48361
156.6,SYN.ETH-7FEB20,1579863544521,open,0.09,0.0,0.071,0.146,0.107262,66.73,None,0.0,ETH-7FEB20-170-P,155.97,60.16,0.103,60.0,0.109,60.0,69.33,0.10379,-0.24955,-0.04891,0.01668,-0.71428
156.6,SYN.ETH-7FEB20,1579863544525,open,0.03,100.0,0.005,0.045,0.021693,66.7,0.035,0.0,ETH-7FEB20-170-C,155.97,64.13,0.02,240.0,0.024,270.0,70.15,0.10377,-0.24943,0.01571,0.01669,0.28564
158.88,ETH-27MAR20,1579863544525,open,0.14,3340.0,0.087,0.169,0.128215,79.63,0.129,0.0,ETH-27MAR20-160-C,155.97,77.67,0.125,20.0,0.132,421.0,81.94,0.26036,-0.16486,0.11742,0.00752,0.55725
158.88,ETH-27MAR20,1579863544527,open,0.14,3340.0,0.087,0.169,0.128215,79.63,0.129,0.0,ETH-27MAR20-160-C,155.97,77.67,0.125,20.0,0.132,277.0,81.94,0.26036,-0.16486,0.11742,0.00752,0.55725
157.57,SYN.ETH-28FEB20,1579863544529,open,0.09,519.0,0.048,0.114,0.081007,71.36,0.099,0.0,ETH-28FEB20-160-C,155.97,69.73,0.079,144.0,0.084,240.0,73.79,0.19415,-0.19862,0.06555,0.01147,0.51636
158.88,ETH-27MAR20,1579863544530,open,0.2,1687.0,0.167,0.272,0.218467,81.03,0.213,0.0,ETH-27MAR20-180-P,155.97,77.03,0.212,164.0,0.223,144.0,83.82,0.25771,-0.16606,-0.21865,0.00731,-0.58042
156.6,SYN.ETH-7FEB20,1579863544532,open,0.05,42.0,0.032,0.097,0.062762,65.14,0.054,0.0,ETH-7FEB20-160-P,155.97,60.27,0.059,20.0,0.065,180.0,68.03,0.12114,-0.28435,-0.036,0.01995,-0.54201
157.57,SYN.ETH-28FEB20,1579863544645,open,0.16,113.0,0.116,0.184,0.151076,72.17,0.148,0.0,ETH-28FEB20-140-C,155.97,69.09,0.148,68.0,0.154,20.0,75.07,0.15817,-0.16365,0.08859,0.00924,0.73944
156.28,SYN.ETH-31JAN20,1579863544646,open,0.0,883.0,0.001,0.021,0.004782,66.46,0.004,0.0,ETH-31JAN20-140-P,155.97,58.63,0.003,394.0,0.006,320.0,71.1,0.0391,-0.18898,-0.00324,0.01279,-0.10538
156.6,SYN.ETH-7FEB20,1579863544651,open,0.03,100.0,0.005,0.045,0.021693,66.7,0.035,0.0,ETH-7FEB20-170-C,155.97,64.13,0.02,270.0,0.024,270.0,70.15,0.10377,-0.24943,0.01571,0.01669,0.28564
156.28,SYN.ETH-31JAN20,1579863544651,open,0.0,883.0,0.001,0.021,0.004782,66.46,0.004,0.0,ETH-31JAN20-140-P,155.97,58.63,0.003,694.0,0.006,320.0,71.1,0.0391,-0.18898,-0.00324,0.01279,-0.10538
156.6,SYN.ETH-7FEB20,1579863544653,open,0.05,42.0,0.032,0.097,0.062762,65.14,0.054,0.0,ETH-7FEB20-160-P,155.97,58.98,0.058,180.0,0.065,180.0,68.03,0.12114,-0.28435,-0.036,0.01995,-0.54201
156.6,SYN.ETH-7FEB20,1579863544656,open,0.13,0.0,0.088,0.15,0.119395,67.01,None,0.0,ETH-7FEB20-140-C,155.97,62.16,0.117,60.0,0.124,60.0,75.7,0.07956,-0.1921,0.04183,0.01273,0.82201
156.28,SYN.ETH-31JAN20,1579863544752,open,0.04,1730.0,0.022,0.086,0.04597,59.02,0.048,0.0,ETH-31JAN20-160-P,155.97,51.5,0.042,399.0,0.049,180.0,64.71,0.08294,-0.35596,-0.01898,0.03054,-0.59872
8552.86,BTC-26JUN20,1579863544962,open,0.66,26.7,0.6425,0.664,0.65221743,82.64,0.68,0.0,BTC-26JUN20-3000-C,8228.78,76.19,0.651,13.0,0.654,12.0,89.63,1.88174,-0.50531,12.06458,1e-05,0.98682
8552.86,BTC-26JUN20,1579863544962,open,0.01,434.7,0.0005,0.021,0.00855239,75.48,0.0085,0.0,BTC-26JUN20-4000-P,8228.78,74.39,0.008,15.0,0.009,0.2,76.34,4.41814,-1.08361,-1.61612,2e-05,-0.03627
8397.01,BTC-27MAR20,1579863544962,open,0.03,1136.8,0.016,0.058,0.03276865,61.79,0.03,0.0,BTC-27MAR20-7000-P,8228.78,61.13,0.032,19.3,0.033,0.2,61.99,9.7889,-4.81016,-3.38271,0.00013,-0.20109
8552.86,BTC-26JUN20,1579863544962,open,0.01,76.8,0.0005,0.028,0.00864489,91.07,0.01,0.0,BTC-26JUN20-28000-C,8228.78,89.08,0.0075,32.0,0.01,47.0,93.22,5.13444,-1.51936,1.26153,2e-05,0.04363
8397.01,BTC-27MAR20,1579863544962,open,0.01,1852.8,0.0005,0.0175,0.00509293,81.68,0.0055,0.0,BTC-27MAR20-16000-C,8228.78,80.02,0.0045,15.0,0.006,61.0,84.02,3.10144,-2.01453,0.52832,3e-05,0.04162
8397.01,BTC-27MAR20,1579863544962,open,0.0,163.3,0.0005,0.0105,0.00071264,119.83,0.001,0.0,BTC-27MAR20-34000-C,8228.78,115.92,0.0005,11.3,0.001,32.5,123.89,0.52048,-0.49596,0.06469,0.0,0.00518
8397.01,BTC-27MAR20,1579863544962,open,0.08,1608.3,0.048,0.109,0.0752364,62.78,0.075,0.0,BTC-27MAR20-9000-C,8228.78,62.33,0.0745,0.5,0.076,2.0,63.25,13.77598,-6.87783,5.36263,0.00018,0.44597
8397.01,BTC-27MAR20,1579863544962,open,1.13,0.0,1.1025,1.198,1.14677408,86.55,1.23,0.0,BTC-27MAR20-18000-P,8228.78,0.0,0.0125,1.0,0.0,0.0,0.0,2.10522,-1.44893,-30.67666,2e-05,-0.974
8552.86,BTC-26JUN20,1579863544962,open,0.28,139.5,0.243,0.349,0.29098556,70.08,0.2755,0.0,BTC-26JUN20-10000-P,8228.78,61.49,0.269,12.8,0.3095,11.4,77.26,22.00579,-5.01117,-30.18567,0.0001,-0.54618
8397.01,BTC-27MAR20,1579863544962,open,0.05,1601.1,0.024,0.076,0.04543894,64.82,0.0465,0.0,BTC-27MAR20-10000-C,8228.78,63.83,0.044,2.0,0.0465,19.0,65.55,12.17789,-6.27757,3.73038,0.00015,0.30333
8397.01,BTC-27MAR20,1579863544962,open,0.07,559.0,0.0505,0.112,0.07766939,61.74,0.074,0.0,BTC-27MAR20-8000-P,8228.78,60.37,0.0755,2.0,0.0785,24.9,62.27,13.2218,-6.49198,-6.55608,0.00018,-0.37557
8397.01,BTC-27MAR20,1579863544962,open,0.25,0.0,0.2225,0.2725,0.2456447,62.89,None,0.0,BTC-27MAR20-6500-C,8228.78,31.48,0.227,16.0,0.268,16.0,85.02,7.49627,-3.7491,8.98536,0.0001,0.86683
8397.01,BTC-27MAR20,1579863544962,open,0.36,0.0,0.335,0.373,0.35237982,69.62,None,0.0,BTC-27MAR20-5500-C,8228.78,0.0,0.34,11.0,0.369,11.0,96.61,3.81145,-2.11014,8.58912,5e-05,0.94617
8397.01,BTC-27MAR20,1579863544962,open,1.37,5.2,1.3355,1.439,1.38404975,91.72,2.035,0.0,BTC-27MAR20-20000-P,8228.78,0.0,0.0,0.0,0.0,0.0,0.0,1.5676,-1.14342,-34.21969,1e-05,-0.98166
8397.01,BTC-27MAR20,1579863544962,open,3.73,1.0,3.6705,3.864,3.76405877,126.29,3.41,0.0,BTC-27MAR20-40000-P,8228.78,0.0,0.0,0.0,0.0,0.0,0.0,0.34774,-0.34922,-68.86372,0.0,-0.9967
8397.01,BTC-27MAR20,1579863544962,open,0.0,322.4,0.0005,0.011,0.00142939,94.45,0.003,0.0,BTC-27MAR20-22000-C,8228.78,90.68,0.001,54.0,0.002,24.0,98.38,1.07937,-0.81074,0.15122,1e-05,0.01188
8397.01,BTC-27MAR20,1579863544962,open,0.41,1.8,0.394,0.427,0.40906345,74.29,0.4545,0.0,BTC-27MAR20-5000-C,8228.78,0.0,0.3995,12.0,0.4225,12.0,103.33,2.57971,-1.52411,8.06733,3e-05,0.96678
8552.86,BTC-26JUN20,1579863544962,open,0.03,363.4,0.0095,0.056,0.02510008,80.0,0.0285,0.0,BTC-26JUN20-18000-C,8228.78,78.75,0.0235,22.9,0.027,27.5,81.43,11.13717,-2.89512,3.43748,5e-05,0.12043
8397.01,BTC-27MAR20,1579863544962,open,0.9,1.2,0.8695,0.959,0.91054015,81.7,0.95,0.0,BTC-27MAR20-16000-P,8228.78,0.0,0.0035,5.0,0.95,0.1,133.06,3.10404,-2.0167,-27.0331,3e-05,-0.95834
8397.01,BTC-27MAR20,1579863544962,open,0.0,1431.4,0.0005,0.011,0.00124399,82.37,0.002,0.0,BTC-27MAR20-4000-P,8228.78,79.93,0.001,39.0,0.0015,0.2,84.62,0.89968,-0.58933,-0.15745,1e-05,-0.00964
8552.86,BTC-26JUN20,1579863544962,open,0.01,436.6,0.0025,0.035,0.01225878,87.01,0.013,0.0,BTC-26JUN20-24000-C,8228.78,85.36,0.011,25.0,0.0135,26.0,88.54,6.72781,-1.90213,1.76858,3e-05,0.06131
8397.01,BTC-27MAR20,1579863544962,open,0.14,273.5,0.113,0.1875,0.14705797,62.79,0.143,0.0,BTC-27MAR20-9000-P,8228.78,58.17,0.1395,25.0,0.163,15.0,72.47,13.77606,-6.87865,-10.14088,0.00018,-0.55401
8397.01,BTC-27MAR20,1579863544962,open,0.23,160.3,0.2,0.2795,0.23634513,64.83,0.2195,0.0,BTC-27MAR20-10000-P,8228.78,53.04,0.22,11.0,0.291,6.1,100.01,12.17821,-6.27813,-13.49567,0.00015,-0.69665
8397.01,BTC-27MAR20,1579863544963,open,2.78,0.0,2.7365,2.894,2.81177568,118.07,None,0.0,BTC-27MAR20-32000-P,8228.78,0.0,0.0,0.0,0.0,0.0,0.0,0.63392,-0.59518,-55.04319,0.0,-0.99353
8552.86,BTC-26JUN20,1579863544963,open,2.72,0.0,2.67,2.839,2.7481826,95.16,None,0.0,BTC-26JUN20-32000-P,8228.78,0.0,0.0005,1.0,0.0,0.0,0.0,4.17872,-1.29216,-133.92598,1e-05,-0.96611
8552.86,BTC-26JUN20,1579863544962,open,1.11,1.1,1.0745,1.198,1.12967223,80.01,1.35,0.0,BTC-26JUN20-18000-P,8228.78,0.0,0.9,0.1,2.1,0.1,500.0,11.13994,-2.8962,-72.44536,5e-05,-0.87952
8552.82,BTC-26JUN20,1579863544963,open,0.03,267.6,0.0145,0.07,0.03459205,77.59,0.0395,0.0,BTC-26JUN20-16000-C,8228.78,76.25,0.0325,46.5,0.037,35.7,79.09,13.55279,-3.41681,4.54865,6e-05,0.16074
8552.82,BTC-26JUN20,1579863544963,open,0.14,191.4,0.1015,0.1875,0.13978047,68.47,0.1355,0.0,BTC-26JUN20-8000-P,8228.78,65.25,0.132,25.0,0.1355,0.9,66.69,20.66875,-4.59818,-17.83044,0.0001,-0.35473
8397.01,BTC-27MAR20,1579863544963,open,0.0,889.3,0.0005,0.0105,0.00040734,125.0,0.0005,0.0,BTC-27MAR20-40000-C,8228.78,127.26,0.0005,13.7,0.001,15.8,135.77,0.3174,-0.3155,0.03728,0.0,0.00298
8397.01,BTC-27MAR20,1579863544963,open,0.44,55.3,0.4105,0.492,0.44745474,70.16,0.3565,0.0,BTC-27MAR20-12000-P,8228.78,0.0,0.1495,1.0,0.6795,0.1,224.69,7.75563,-4.32705,-18.91273,9e-05,-0.86004
8397.01,BTC-27MAR20,1579863544963,open,0.03,111.0,0.012,0.0545,0.02812573,67.24,0.029,0.0,BTC-27MAR20-11000-C,8228.78,65.84,0.0265,45.5,0.0295,44.9,68.4,9.86857,-5.27679,2.54158,0.00012,0.20383
8552.82,BTC-26JUN20,1579863544963,open,0.05,678.1,0.0245,0.0895,0.04971776,74.96,0.0535,0.0,BTC-26JUN20-14000-C,8228.78,73.54,0.047,37.7,0.052,27.1,76.14,16.4822,-4.01483,6.17298,7e-05,0.22092
8397.01,BTC-27MAR20,1579863544963,open,0.13,1233.5,0.0955,0.159,0.12493911,61.74,0.1335,0.0,BTC-27MAR20-8000-C,8228.78,58.6,0.12,34.0,0.126,18.0,62.41,13.22177,-6.49129,7.22508,0.00018,0.62443
8397.01,BTC-27MAR20,1579863544963,open,0.0,581.5,0.0005,0.013,0.00313094,86.46,0.004,0.0,BTC-27MAR20-18000-C,8228.78,83.74,0.0025,53.1,0.004,52.0,89.67,2.09523,-1.44052,0.32873,2e-05,0.02586
8552.82,BTC-26JUN20,1579863544963,open,0.12,598.7,0.084,0.1695,0.12177098,70.08,0.125,0.0,BTC-26JUN20-10000-C,8228.78,69.39,0.12,5.8,0.124,28.7,70.94,22.00556,-5.01074,11.97178,0.0001,0.4538
8397.01,BTC-27MAR20,1579863544963,open,0.01,1115.6,0.0005,0.025,0.00881815,75.79,0.0105,0.0,BTC-27MAR20-14000-C,8228.78,74.31,0.008,27.0,0.0095,24.0,76.98,4.73577,-2.85442,0.90088,5e-05,0.0711
8552.82,BTC-26JUN20,1579863544963,open,2.02,0.0,1.9835,2.13,2.05034974,89.42,None,0.0,BTC-26JUN20-26000-P,8228.78,0.0,0.0005,1.0,0.0,0.0,0.0,5.91972,-1.72007,-108.10645,2e-05,-0.94788
8397.01,BTC-27MAR20,1579863544963,open,0.53,23.8,0.5145,0.537,0.52488217,82.36,0.562,0.0,BTC-27MAR20-4000-C,8228.78,0.0,0.5195,14.0,0.5345,14.0,122.04,0.89883,-0.58866,6.73321,1e-05,0.99037
8552.82,BTC-26JUN20,1579863544963,open,0.02,380.1,0.009,0.0405,0.02033939,70.44,0.0175,0.0,BTC-26JUN20-5000-P,8228.78,68.5,0.0185,34.0,0.022,47.5,72.13,8.28641,-1.89662,-3.63206,4e-05,-0.08039
8397.01,BTC-27MAR20,1579863544963,open,0.0,163.3,0.0005,0.0105,0.00089402,113.26,0.0025,0.0,BTC-27MAR20-30000-C,8228.78,107.04,0.0005,61.0,0.0015,44.0,119.65,0.65208,-0.5873,0.08377,0.0,0.00669
8397.01,BTC-27MAR20,1579863544963,open,0.47,2.1,0.454,0.482,0.46680223,79.5,0.518,0.0,BTC-27MAR20-4500-C,8228.78,0.0,0.4595,13.0,0.478,13.0,112.02,1.68111,-1.06275,7.42462,2e-05,0.98009
8552.82,BTC-26JUN20,1579863544963,open,0.02,1093.9,0.0065,0.048,0.0197566,83.03,0.0205,0.0,BTC-26JUN20-20000-C,8228.78,82.34,0.019,0.2,0.0205,16.0,83.7,9.4417,-2.54746,2.74066,4e-05,0.09577
8397.01,BTC-27MAR20,1579863544963,open,0.02,98.0,0.008,0.0395,0.01973362,62.9,0.0195,0.0,BTC-27MAR20-6500-P,8228.78,62.63,0.0195,24.0,0.02,0.1,63.19,7.49675,-3.74959,-2.21192,0.0001,-0.13318
8552.82,BTC-26JUN20,1579863544963,open,0.27,130.4,0.2315,0.3075,0.26634941,68.46,0.273,0.0,BTC-26JUN20-7000-C,8228.78,65.38,0.26,25.0,0.27,25.0,70.23,17.66504,-3.92983,17.42143,8e-05,0.74952
8397.01,BTC-27MAR20,1579863544963,open,0.0,35.9,0.0005,0.0125,0.00270918,79.51,0.0025,0.0,BTC-27MAR20-4500-P,8228.78,75.63,0.002,67.0,0.0035,41.0,83.16,1.68183,-1.06333,-0.32735,2e-05,-0.01992
8397.01,BTC-27MAR20,1579863544963,open,0.16,0.0,0.1305,0.1915,0.15908381,61.74,None,0.0,BTC-27MAR20-7500-C,8228.78,58.11,0.154,17.0,0.165,17.0,65.92,11.82571,-5.80607,8.04589,0.00016,0.71532
8552.82,BTC-26JUN20,1579863544963,open,0.44,0.0,0.415,0.4615,0.4357362,70.44,None,0.0,BTC-26JUN20-5000-C,8228.78,50.15,0.4205,10.0,0.456,10.0,88.68,8.28631,-1.89658,17.44687,4e-05,0.91961
8552.82,BTC-26JUN20,1579863544963,open,0.21,224.0,0.166,0.2495,0.20441189,68.46,0.205,0.0,BTC-26JUN20-8000-C,8228.78,67.05,0.201,5.0,0.2095,26.0,70.57,20.66877,-4.59806,15.89588,0.0001,0.64527
8397.01,BTC-27MAR20,1579863544963,open,0.01,1314.7,0.0025,0.0275,0.01207359,65.79,0.0125,0.0,BTC-27MAR20-6000-P,8228.78,64.9,0.0115,24.0,0.0125,1.1,66.44,5.45875,-2.85596,-1.41494,7e-05,-0.08575
8397.01,BTC-27MAR20,1579863544963,open,0.0,306.9,0.0005,0.0105,0.00071273,123.94,0.001,0.0,BTC-27MAR20-36000-C,8228.78,119.94,0.0005,18.1,0.001,29.8,128.1,0.50815,-0.50082,0.06269,0.0,0.00505
8397.01,BTC-27MAR20,1579863544963,open,0.0,526.2,0.0005,0.0145,0.00451961,74.31,0.004,0.0,BTC-27MAR20-5000-P,8228.78,72.57,0.004,24.0,0.005,11.1,75.83,2.58165,-1.52566,-0.54631,3e-05,-0.03325
8552.82,BTC-26JUN20,1579863544963,open,1.79,0.0,1.755,1.8945,1.81837377,87.04,None,0.0,BTC-26JUN20-24000-P,8228.78,0.0,0.0005,1.0,0.0,0.0,0.0,6.73512,-1.90484,-99.40771,3e-05,-0.93861
8397.01,BTC-27MAR20,1579863544963,open,2.07,0.0,2.036,2.165,2.09735432,103.85,None,0.0,BTC-27MAR20-26000-P,8228.78,0.0,0.0,0.0,0.0,0.0,0.0,0.76793,-0.63416,-44.68643,1e-05,-0.99195
8397.01,BTC-27MAR20,1579863544963,open,1.6,5.6,1.569,1.68,1.6214376,94.67,1.545,0.0,BTC-27MAR20-22000-P,8228.78,0.0,0.0,0.0,0.0,0.0,0.0,1.09425,-0.8238,-37.74413,1e-05,-0.98793
8552.82,BTC-26JUN20,1579863544963,open,0.08,473.8,0.0435,0.119,0.07493815,72.09,0.08,0.0,BTC-26JUN20-12000-C,8228.78,71.03,0.0725,43.9,0.077,1.0,72.99,19.65362,-4.60393,8.55739,9e-05,0.31227
8552.82,BTC-26JUN20,1579863544963,open,0.0,208.9,0.0005,0.0125,0.0029818,82.66,0.0025,0.0,BTC-26JUN20-3000-P,8228.78,80.35,0.0025,38.0,0.0035,1.1,84.9,1.88349,-0.5059,-0.58341,1e-05,-0.0132
8552.82,BTC-26JUN20,1579863544963,open,0.01,235.1,0.0005,0.024,0.00669595,95.07,0.006,0.0,BTC-26JUN20-32000-C,8228.78,93.58,0.006,1.0,0.0075,15.0,96.66,4.15935,-1.28485,0.9736,1e-05,0.0337
8397.01,BTC-27MAR20,1579863544963,open,1.84,0.0,1.8025,1.9225,1.85939414,99.79,None,0.0,BTC-27MAR20-24000-P,8228.78,0.0,0.0005,5.0,0.0,0.0,0.0,0.92426,-0.73345,-41.21694,1e-05,-0.99006
8397.01,BTC-27MAR20,1579863544963,open,3.26,0.0,3.2035,3.3795,3.28796839,124.19,None,0.0,BTC-27MAR20-36000-P,8228.78,0.0,0.0,0.0,0.0,0.0,0.0,0.51636,-0.50995,-61.95058,0.0,-0.99486
8397.01,BTC-27MAR20,1579863544963,open,0.66,67.9,0.638,0.722,0.67607851,75.8,0.57,0.0,BTC-27MAR20-14000-P,8228.78,0.0,0.58,13.4,0.6795,1.5,81.34,4.73584,-2.85448,-23.21581,5e-05,-0.9289
8552.82,BTC-26JUN20,1579863544963,open,2.49,0.0,2.441,2.603,2.51548537,93.7,None,0.0,BTC-26JUN20-30000-P,8228.78,0.0,0.0005,1.0,0.0,0.0,0.0,4.71987,-1.43704,-125.33895,2e-05,-0.96067
8397.01,BTC-27MAR20,1579863544963,open,0.01,175.4,0.0005,0.021,0.00667482,78.98,0.0065,0.0,BTC-27MAR20-15000-C,8228.78,77.45,0.006,37.0,0.0075,51.0,80.73,3.82844,-2.40443,0.68646,4e-05,0.05413
8397.01,BTC-27MAR20,1579863544963,open,3.02,0.0,2.97,3.1365,3.04978746,120.06,None,0.0,BTC-27MAR20-34000-P,8228.78,0.0,0.0,0.0,0.0,0.0,0.0,0.52842,-0.50451,-58.50337,0.0,-0.99473
8552.82,BTC-26JUN20,1579863544963,open,0.47,6.7,0.427,0.54,0.47798581,72.09,0.4395,0.0,BTC-26JUN20-12000-P,8228.78,0.0,0.001,0.5,0.54,0.1,97.56,19.65371,-4.60399,-42.03182,9e-05,-0.68773
8552.82,BTC-26JUN20,1579863544964,open,0.04,367.2,0.024,0.0745,0.04430802,68.46,0.041,0.0,BTC-26JUN20-6000-P,8228.78,66.3,0.041,43.3,0.043,0.1,67.61,13.17214,-2.93038,-7.14773,6e-05,-0.15393
8397.01,BTC-27MAR20,1579863544964,open,2.55,0.0,2.503,2.651,2.57360711,113.42,None,0.0,BTC-27MAR20-30000-P,8228.78,0.0,0.0,0.0,0.0,0.0,0.0,0.65898,-0.59437,-51.59391,0.0,-0.99323
8552.82,BTC-26JUN20,1579863544964,open,2.25,0.0,2.212,2.3655,2.28244572,91.11,None,0.0,BTC-26JUN20-28000-P,8228.78,0.0,0.0005,1.0,0.0,0.0,0.0,5.14431,-1.52303,-116.77731,2e-05,-0.95626
8322.11,SYN.BTC-28FEB20,1579863544962,open,0.01,505.6,0.0005,0.02,0.00756916,61.38,0.007,0.0,BTC-28FEB20-6500-P,8228.78,60.13,0.007,39.0,0.008,30.0,62.29,3.86581,-3.40161,-0.70547,0.0001,-0.08115
8397.01,BTC-27MAR20,1579863544964,open,0.0,268.9,0.0005,0.0105,0.00085457,117.52,0.001,0.0,BTC-27MAR20-32000-C,8228.78,111.64,0.0005,17.1,0.0015,44.0,124.62,0.61231,-0.57221,0.0777,0.0,0.00623
8247.21,SYN.BTC-31JAN20,1579863544962,open,0.02,1357.0,0.0135,0.0585,0.02643943,47.98,0.0235,0.0,BTC-31JAN20-8250-P,8228.78,43.52,0.024,21.5,0.026,2.1,47.18,4.514,-15.74922,-0.80064,0.00073,-0.48891
8397.01,BTC-27MAR20,1579863544964,open,0.1,47.1,0.068,0.131,0.09655221,61.74,0.1,0.0,BTC-27MAR20-8500-C,8228.78,60.49,0.0945,2.0,0.098,28.9,62.61,13.85865,-6.80382,6.3001,0.00018,0.5321
8552.82,BTC-26JUN20,1579863544965,open,0.35,20.1,0.3145,0.3765,0.3427828,68.46,0.377,0.0,BTC-26JUN20-6000-C,8228.78,51.85,0.3195,15.0,0.37,15.0,85.17,13.17198,-2.93028,18.14709,6e-05,0.84608
8702.12,SYN.BTC-25SEP20,1579863544962,open,0.15,104.0,0.1065,0.2075,0.1512999,72.32,0.174,0.0,BTC-25SEP20-11000-C,8228.78,70.85,0.1465,15.7,0.156,24.7,73.77,28.29548,-4.17845,18.04688,8e-05,0.46042
8322.11,SYN.BTC-28FEB20,1579863544962,open,0.55,0.0,0.5325,0.6025,0.56493156,74.3,None,0.0,BTC-28FEB20-13000-P,8228.78,0.0,0.0,0.0,0.0,0.0,0.0,1.93304,-2.05907,-12.17495,4e-05,-0.96617
8322.11,SYN.BTC-28FEB20,1579863544962,open,0.26,0.0,0.2435,0.309,0.27365889,62.36,None,0.0,BTC-28FEB20-10500-P,8228.78,0.0,0.224,3.0,0.3395,3.0,129.83,5.54476,-4.95687,-9.06567,0.00013,-0.86642
8322.11,SYN.BTC-28FEB20,1579863544962,open,0.0,344.8,0.0005,0.014,0.00410878,66.45,0.004,0.0,BTC-28FEB20-6000-P,8228.78,64.29,0.0035,39.1,0.0045,11.0,67.76,2.43856,-2.32329,-0.39054,6e-05,-0.045
8265.94,SYN.BTC-7FEB20,1579863544962,open,0.01,62.4,0.0005,0.0305,0.00802457,50.57,0.008,0.0,BTC-7FEB20-7500-P,8228.78,49.4,0.0075,30.6,0.0085,0.1,51.6,3.76101,-6.85296,-0.49719,0.00029,-0.1502
8702.12,SYN.BTC-25SEP20,1579863544962,open,0.39,1.0,0.3495,0.4225,0.38272306,69.86,0.425,0.0,BTC-25SEP20-6000-C,8228.78,56.13,0.355,7.0,0.411,7.0,82.94,18.35159,-2.61783,25.84019,5e-05,0.82533
8265.94,SYN.BTC-7FEB20,1579863544962,open,0.07,0.1,0.057,0.113,0.07573686,49.73,0.06,0.0,BTC-7FEB20-8750-P,8228.78,22.12,0.0605,15.0,0.0795,15.0,55.23,5.56188,-9.96663,-2.45295,0.00043,-0.70487
8265.94,SYN.BTC-7FEB20,1579863544962,open,0.11,0.0,0.0825,0.13,0.10067909,50.55,None,0.0,BTC-7FEB20-7500-C,8228.78,0.0,0.0865,10.0,0.111,10.0,70.31,3.75985,-6.84866,2.35422,0.00029,0.84987
8247.21,SYN.BTC-31JAN20,1579863544963,open,0.11,57.4,0.101,0.152,0.12472654,59.51,0.115,0.0,BTC-31JAN20-9250-P,8228.78,0.0,0.063,3.0,0.1635,3.0,155.29,1.78098,-7.707,-1.61332,0.00023,-0.91373
8552.82,BTC-26JUN20,1579863544966,open,0.16,284.1,0.1165,0.2025,0.15551481,68.46,0.156,0.0,BTC-26JUN20-9000-C,8228.78,67.1,0.152,39.1,0.158,11.3,69.43,22.02637,-4.90014,13.96612,0.0001,0.54285
8265.94,SYN.BTC-7FEB20,1579863544962,open,0.0,0.9,0.0005,0.021,0.00472336,53.07,0.0045,0.0,BTC-7FEB20-7250-P,8228.78,52.38,0.0045,37.4,0.005,5.2,53.91,2.69377,-5.15166,-0.30888,0.0002,-0.09357
8322.11,SYN.BTC-28FEB20,1579863544963,open,0.13,84.6,0.102,0.1535,0.12642987,56.02,0.1335,0.0,BTC-28FEB20-7500-C,8228.78,37.65,0.11,16.0,0.133,16.0,62.64,8.10406,-6.50883,4.99054,0.00022,0.75403
8265.94,SYN.BTC-7FEB20,1579863544962,open,0.12,0.0,0.1035,0.1605,0.12644878,52.41,None,0.0,BTC-7FEB20-9250-P,8228.78,0.0,0.0,0.0,0.0,0.0,0.0,3.70589,-6.99812,-3.07803,0.00027,-0.85308
8322.11,SYN.BTC-28FEB20,1579863544962,open,0.29,0.7,0.266,0.3025,0.28313123,66.43,0.352,0.0,BTC-28FEB20-6000-C,8228.78,0.0,0.2735,15.0,0.3005,15.0,103.45,2.43646,-2.3205,5.34289,6e-05,0.95504
8265.94,SYN.BTC-7FEB20,1579863544962,open,0.2,0.0,0.187,0.2415,0.2123651,59.03,None,0.0,BTC-7FEB20-10000-P,8228.78,0.0,0.0,0.0,0.0,0.0,0.0,1.79617,-3.82082,-3.63643,0.00012,-0.94487
8322.11,SYN.BTC-28FEB20,1579863544963,open,0.38,0.0,0.3575,0.424,0.38817171,67.34,None,0.0,BTC-28FEB20-11500-P,8228.78,0.0,0.0,0.0,0.0,0.0,0.0,3.5881,-3.46399,-10.45345,8e-05,-0.92644
8322.11,SYN.BTC-28FEB20,1579863544962,open,0.01,242.1,0.0005,0.023,0.00854075,64.78,0.0105,0.0,BTC-28FEB20-11000-C,8228.78,63.76,0.008,17.1,0.009,24.0,65.63,4.44867,-4.13188,0.71142,0.0001,0.09801
8702.12,SYN.BTC-25SEP20,1579863544962,open,0.26,32.9,0.2155,0.31,0.25873604,69.86,0.278,0.0,BTC-25SEP20-8000-C,8228.78,67.43,0.2515,15.9,0.263,15.9,71.3,25.88955,-3.69316,23.86675,7e-05,0.66754
8265.94,SYN.BTC-7FEB20,1579863544962,open,0.0,0.6,0.0005,0.011,0.00140982,63.46,0.0025,0.0,BTC-7FEB20-10500-C,8228.78,60.09,0.001,60.0,0.002,30.0,67.37,1.11537,-2.55037,0.09179,7e-05,0.03062
8702.12,SYN.BTC-25SEP20,1579863544962,open,0.03,63.2,0.0085,0.06,0.02512064,86.54,0.029,0.0,BTC-25SEP20-28000-C,8228.78,85.37,0.0235,5.0,0.027,23.0,87.84,12.30547,-2.17437,4.24212,3e-05,0.09778
8265.94,SYN.BTC-7FEB20,1579863544962,open,0.05,4.1,0.0385,0.092,0.05462458,49.25,0.054,0.0,BTC-7FEB20-8500-P,8228.78,45.1,0.0515,25.0,0.0555,29.0,50.41,6.24289,-11.07947,-2.04419,0.00049,-0.59591
8247.21,SYN.BTC-31JAN20,1579863544964,open,0.06,149.7,0.048,0.101,0.06903089,51.19,0.067,0.0,BTC-31JAN20-8750-P,8228.78,41.5,0.0655,1.0,0.071,1.0,56.02,3.26027,-12.13653,-1.3349,0.0005,-0.79021
8247.21,SYN.BTC-31JAN20,1579863544963,open,0.17,0.0,0.1595,0.2115,0.18374617,68.48,None,0.0,BTC-31JAN20-9750-P,8228.78,0.0,0.1215,3.0,0.222,3.0,180.2,1.00406,-4.99984,-1.77463,0.00011,-0.95855
8265.94,SYN.BTC-7FEB20,1579863544962,open,0.19,0.0,0.1675,0.2045,0.18523391,60.33,None,0.0,BTC-7FEB20-6750-C,8228.78,0.0,0.175,10.0,0.203,10.0,113.84,1.3161,-2.8612,2.44261,8e-05,0.96256
8265.94,SYN.BTC-7FEB20,1579863544962,open,0.17,0.0,0.1375,0.178,0.15620017,57.11,None,0.0,BTC-7FEB20-7000-C,8228.78,0.0,0.147,10.0,0.176,10.0,106.45,1.9386,-3.98959,2.46061,0.00013,0.93925
8247.21,SYN.BTC-31JAN20,1579863544963,open,0.0,594.4,0.0005,0.012,0.00202546,63.28,0.002,0.0,BTC-31JAN20-9500-C,8228.78,59.64,0.0015,45.5,0.0025,30.4,66.15,1.28647,-5.92033,0.08465,0.00016,0.05651
8247.21,SYN.BTC-31JAN20,1579863544962,open,0.03,125.5,0.013,0.0565,0.02609372,47.96,0.0265,0.0,BTC-31JAN20-8250-C,8228.78,49.62,0.027,7.2,0.0275,2.0,50.53,4.514,-15.74462,0.75346,0.00073,0.51108
8322.11,SYN.BTC-28FEB20,1579863544964,open,0.06,401.2,0.037,0.087,0.0595688,56.02,0.063,0.0,BTC-28FEB20-8500-C,8228.78,54.75,0.058,18.5,0.061,33.2,57.18,10.25615,-8.23766,3.38947,0.00028,0.48582
8265.94,SYN.BTC-7FEB20,1579863544962,open,0.26,0.0,0.246,0.301,0.2716935,63.53,None,0.0,BTC-7FEB20-10500-P,8228.78,0.0,0.0,0.0,0.0,0.0,0.0,1.12034,-2.5648,-3.89936,7e-05,-0.96921
8247.21,SYN.BTC-31JAN20,1579863544962,open,0.0,98.3,0.0005,0.0105,9.464e-05,80.49,0.0005,0.0,BTC-31JAN20-11250-C,8228.78,0.0,0.0,0.0,0.001,45.0,106.04,0.10142,-0.59365,0.00441,1e-05,0.00293
8265.94,SYN.BTC-7FEB20,1579863544962,open,0.0,46.3,0.0005,0.0105,0.00090765,64.03,0.0015,0.0,BTC-7FEB20-10750-C,8228.78,58.96,0.0005,58.2,0.0015,30.0,69.2,0.7989,-1.84333,0.06176,5e-05,0.02056
8247.21,SYN.BTC-31JAN20,1579863544962,open,0.13,0.4,0.1035,0.1435,0.12280485,59.62,0.1575,0.0,BTC-31JAN20-7250-C,8228.78,37.01,0.121,1.5,0.129,13.9,87.32,1.22385,-5.30589,1.28035,0.00016,0.94694
8322.11,SYN.BTC-28FEB20,1579863544963,open,0.02,492.3,0.006,0.037,0.01724534,60.05,0.019,0.0,BTC-28FEB20-10000-C,8228.78,58.52,0.016,70.3,0.0185,19.3,61.55,6.86509,-5.90996,1.33341,0.00017,0.18493
8322.11,SYN.BTC-28FEB20,1579863544962,open,0.0,298.0,0.0005,0.011,0.00146374,80.77,0.002,0.0,BTC-28FEB20-5000-P,8228.78,76.36,0.001,53.0,0.002,49.0,84.87,0.98408,-1.13954,-0.13232,2e-05,-0.01518
8322.11,SYN.BTC-28FEB20,1579863544963,open,0.05,326.6,0.029,0.0775,0.0500664,56.03,0.046,0.0,BTC-28FEB20-8000-P,8228.78,52.99,0.0465,19.2,0.05,15.1,55.97,9.76739,-7.84602,-3.39247,0.00026,-0.37656
8265.94,SYN.BTC-7FEB20,1579863544962,open,0.14,0.0,0.13,0.1865,0.15433733,54.4,None,0.0,BTC-7FEB20-9500-P,8228.78,0.0,0.0,0.0,0.0,0.0,0.0,2.9111,-5.70648,-3.3004,0.00021,-0.89596
8702.12,SYN.BTC-25SEP20,1579863544963,open,0.02,67.9,0.006,0.033,0.01582005,70.66,0.018,0.0,BTC-25SEP20-4000-P,8228.78,69.09,0.0145,31.0,0.017,0.1,72.0,7.50237,-1.08236,-3.91824,2e-05,-0.05129
8247.21,SYN.BTC-31JAN20,1579863544963,open,0.22,51.0,0.196,0.229,0.2121065,72.72,0.26,0.0,BTC-31JAN20-6500-C,8228.78,0.0,0.2035,10.0,0.227,10.0,165.11,0.23277,-1.23089,1.21249,2e-05,0.99256
8322.11,SYN.BTC-28FEB20,1579863544963,open,0.01,130.9,0.0005,0.0155,0.0045284,69.13,0.0045,0.0,BTC-28FEB20-12000-C,8228.78,67.52,0.004,15.0,0.005,0.1,70.48,2.82622,-2.80091,0.3945,6e-05,0.05414
8702.12,SYN.BTC-25SEP20,1579863544963,open,0.12,139.1,0.083,0.167,0.11945914,69.87,0.115,0.0,BTC-25SEP20-7000-P,8228.78,66.44,0.1105,24.5,0.118,9.1,69.31,22.77232,-3.24866,-21.71881,6e-05,-0.25255
8247.21,SYN.BTC-31JAN20,1579863544962,open,0.29,0.0,0.278,0.3325,0.30381225,80.43,None,0.0,BTC-31JAN20-10750-P,8228.78,0.0,0.0,0.0,0.0,0.0,0.0,0.28833,-1.68633,-2.01081,3e-05,-0.99051
8702.12,SYN.BTC-25SEP20,1579863544963,open,0.69,2.9,0.6425,0.782,0.70530467,75.39,0.695,0.0,BTC-25SEP20-14000-P,8228.78,0.0,0.0,0.0,0.722,0.1,80.97,25.56502,-3.9351,-80.74366,7e-05,-0.67772
8247.21,SYN.BTC-31JAN20,1579863544963,open,0.1,461.0,0.0735,0.116,0.09431628,55.57,0.105,0.0,BTC-31JAN20-7500-C,8228.78,54.23,0.094,0.1,0.0985,1.7,70.32,1.98196,-8.00927,1.25217,0.00028,0.90031
8702.12,SYN.BTC-25SEP20,1579863544962,open,0.05,164.3,0.0215,0.0925,0.04776272,80.62,0.047,0.0,BTC-25SEP20-20000-C,8228.78,78.82,0.044,15.9,0.051,27.9,82.13,18.45225,-3.03755,7.4975,5e-05,0.17618
8247.21,SYN.BTC-31JAN20,1579863544962,open,0.0,797.3,0.0005,0.0105,1.235e-05,80.77,0.0005,0.0,BTC-31JAN20-12000-C,8228.78,0.0,0.0,0.0,0.0005,18.8,113.54,0.01778,-0.10187,0.00066,0.0,0.00044
8702.12,SYN.BTC-25SEP20,1579863544963,open,0.02,57.1,0.006,0.0505,0.01936336,88.77,0.0255,0.0,BTC-25SEP20-32000-C,8228.78,87.14,0.0175,6.0,0.0215,14.0,90.53,10.26677,-1.86088,3.34935,2e-05,0.07673
8247.21,SYN.BTC-31JAN20,1579863544963,open,0.2,9.1,0.189,0.2415,0.21361117,72.29,0.21,0.0,BTC-31JAN20-10000-P,8228.78,0.0,0.1515,3.0,0.252,3.0,192.78,0.75308,-3.95888,-1.84007,8e-05,-0.9708
8702.12,SYN.BTC-25SEP20,1579863544962,open,0.47,0.0,0.4375,0.494,0.46282216,69.86,None,0.0,BTC-25SEP20-5000-C,8228.78,55.76,0.444,7.0,0.486,7.0,84.36,12.94569,-1.84666,25.24121,4e-05,0.89517
8265.94,SYN.BTC-7FEB20,1579863544962,open,0.0,28.0,0.0005,0.011,0.00148304,66.92,0.001,0.0,BTC-7FEB20-6500-P,8228.78,62.64,0.001,45.0,0.002,30.1,70.66,1.04323,-2.51581,-0.09344,6e-05,-0.02825
8322.11,SYN.BTC-28FEB20,1579863544962,open,0.21,0.2,0.1885,0.254,0.2188746,60.06,0.1555,0.0,BTC-28FEB20-10000-P,8228.78,0.0,0.1695,3.0,0.285,3.0,122.59,6.86658,-5.91256,-8.22115,0.00017,-0.815
8265.94,SYN.BTC-7FEB20,1579863544962,open,0.0,17.0,0.0005,0.014,0.00305595,57.14,0.0035,0.0,BTC-7FEB20-7000-P,8228.78,54.65,0.0025,45.0,0.0035,0.1,58.97,1.9408,-3.99614,-0.20078,0.00013,-0.06084
8265.94,SYN.BTC-7FEB20,1579863544962,open,0.03,45.1,0.024,0.073,0.0360704,47.66,0.0325,0.0,BTC-7FEB20-8250-P,8228.78,45.64,0.0345,2.0,0.0375,18.0,49.51,6.41507,-11.01825,-1.6003,0.00052,-0.4732
8702.12,SYN.BTC-25SEP20,1579863544963,open,0.32,12.8,0.273,0.393,0.32714487,70.99,0.31,0.0,BTC-25SEP20-10000-P,8228.78,0.0,0.0,0.0,0.4005,0.1,93.65,28.3977,-4.11605,-47.08851,8e-05,-0.47942
8322.11,SYN.BTC-28FEB20,1579863544962,open,0.41,0.5,0.3875,0.4155,0.40064912,80.72,0.459,0.0,BTC-28FEB20-5000-C,8228.78,0.0,0.3945,11.0,0.4125,11.0,125.94,0.98171,-1.13614,4.64555,2e-05,0.98487
8702.12,SYN.BTC-25SEP20,1579863544962,open,0.22,106.5,0.167,0.266,0.21227722,69.84,0.2195,0.0,BTC-25SEP20-9000-C,8228.78,68.5,0.208,8.2,0.2165,8.2,71.17,27.71098,-3.95192,22.04452,8e-05,0.58987
8322.11,SYN.BTC-28FEB20,1579863544962,open,0.43,0.0,0.4155,0.4825,0.44648351,69.17,None,0.0,BTC-28FEB20-12000-P,8228.78,0.0,0.0,0.0,0.0,0.0,0.0,2.83088,-2.80711,-11.07069,6e-05,-0.94575
8322.11,SYN.BTC-28FEB20,1579863544962,open,0.01,664.4,0.0045,0.031,0.01435802,57.66,0.014,0.0,BTC-28FEB20-7000-P,8228.78,56.42,0.0135,24.0,0.0155,71.0,59.26,5.85249,-4.8376,-1.26405,0.00015,-0.14461
8247.21,SYN.BTC-31JAN20,1579863544963,open,0.4,18.7,0.3815,0.4055,0.39372987,0.0,0.4425,0.0,BTC-31JAN20-5000-C,8228.78,0.0,0.391,12.0,0.404,12.0,261.54,0.0,0.0,0.94188,0.0,1.0
8247.21,SYN.BTC-31JAN20,1579863544963,open,0.0,258.8,0.0005,0.0145,0.0031268,59.47,0.003,0.0,BTC-31JAN20-9250-C,8228.78,58.87,0.003,0.1,0.0035,30.5,61.15,1.77863,-7.69166,0.12893,0.00023,0.08611
8322.11,SYN.BTC-28FEB20,1579863544963,open,0.11,117.6,0.092,0.154,0.12048039,56.67,0.116,0.0,BTC-28FEB20-9000-P,8228.78,49.67,0.1125,24.8,0.123,19.0,58.84,9.62055,-7.81606,-6.05015,0.00026,-0.64038
8702.12,SYN.BTC-25SEP20,1579863544962,open,0.07,137.3,0.04,0.1245,0.07388563,77.07,0.075,0.0,BTC-25SEP20-16000-C,8228.78,75.59,0.07,15.5,0.078,26.5,78.61,23.03316,-3.62454,10.75577,6e-05,0.25812
8247.21,SYN.BTC-31JAN20,1579863544963,open,0.14,8.3,0.13,0.1815,0.15393871,63.34,0.15,0.0,BTC-31JAN20-9500-P,8228.78,0.0,0.092,3.0,0.1925,3.0,167.79,1.28951,-5.93965,-1.70466,0.00016,-0.94332
8265.94,SYN.BTC-7FEB20,1579863544962,open,0.17,0.0,0.1585,0.2135,0.18341,57.78,None,0.0,BTC-7FEB20-9750-P,8228.78,0.0,0.0,0.0,0.0,0.0,0.0,2.38126,-4.95774,-3.46934,0.00016,-0.92065
8702.12,SYN.BTC-25SEP20,1579863544963,open,1.11,0.2,1.061,1.2085,1.12662959,78.68,1.02,0.0,BTC-25SEP20-18000-P,8228.78,0.0,0.0,0.0,1.17,0.5,95.29,20.55776,-3.30284,-111.88067,5e-05,-0.78973
8702.12,SYN.BTC-25SEP20,1579863544963,open,0.1,261.0,0.0575,0.1505,0.09648153,75.38,0.097,0.0,BTC-25SEP20-14000-C,8228.78,74.02,0.0925,15.2,0.1005,19.2,76.74,25.56383,-3.93455,13.18036,7e-05,0.32224
8247.21,SYN.BTC-31JAN20,1579863544963,open,0.0,782.3,0.0005,0.0105,5e-07,73.18,0.0005,0.0,BTC-31JAN20-5500-P,8228.78,0.0,0.0,0.0,0.0005,31.0,127.53,0.00108,-0.00416,-4e-05,0.0,-2e-05
8702.12,SYN.BTC-25SEP20,1579863544963,open,0.13,225.1,0.086,0.1855,0.12936709,73.45,0.1355,0.0,BTC-25SEP20-12000-C,8228.78,72.07,0.125,15.9,0.134,24.9,74.9,27.67187,-4.14996,16.25239,7e-05,0.40775
8265.94,SYN.BTC-7FEB20,1579863544962,open,0.04,22.5,0.026,0.0735,0.03799037,47.65,0.0485,0.0,BTC-7FEB20-8250-C,8228.78,45.73,0.0365,25.0,0.0395,2.0,49.6,6.41507,-11.01586,1.53601,0.00052,0.5268
8247.21,SYN.BTC-31JAN20,1579863544963,open,0.0,152.5,0.0005,0.0105,0.00074631,72.64,0.0005,0.0,BTC-31JAN20-6750-P,8228.78,68.41,0.0005,55.0,0.001,31.0,76.16,0.54203,-2.86337,-0.03183,6e-05,-0.01974
8265.94,SYN.BTC-7FEB20,1579863544962,open,0.02,82.7,0.013,0.0565,0.0227101,47.8,0.021,0.0,BTC-7FEB20-8000-P,8228.78,45.41,0.021,45.0,0.024,41.0,49.59,5.94123,-10.23352,-1.15707,0.00048,-0.34551
8702.12,SYN.BTC-25SEP20,1579863544962,open,0.18,88.9,0.1325,0.2335,0.17798548,70.98,0.18,0.0,BTC-25SEP20-10000-C,8228.78,69.61,0.1735,8.5,0.182,15.5,72.21,28.39775,-4.1158,20.0008,8e-05,0.52057
8322.11,SYN.BTC-28FEB20,1579863544962,open,0.32,0.0,0.3,0.366,0.33033293,64.81,None,0.0,BTC-28FEB20-11000-P,8228.78,0.0,0.2805,3.0,0.396,3.0,137.53,4.45169,-4.13614,-9.79843,0.0001,-0.9019
8247.21,SYN.BTC-31JAN20,1579863544963,open,0.0,1095.3,0.0005,0.0105,1.756e-05,73.07,0.0005,0.0,BTC-31JAN20-6000-P,8228.78,0.0,0.0,0.0,0.0005,0.9,102.75,0.02514,-0.13361,-0.00102,0.0,-0.00064
8322.11,SYN.BTC-28FEB20,1579863544963,open,0.0,188.2,0.0005,0.013,0.003445,71.4,0.0035,0.0,BTC-28FEB20-12500-C,8228.78,69.72,0.003,15.0,0.004,24.0,73.33,2.2868,-2.34091,0.3031,5e-05,0.04156
8702.12,SYN.BTC-25SEP20,1579863544962,open,0.32,5.6,0.2755,0.3615,0.31504756,69.86,0.315,0.0,BTC-25SEP20-7000-C,8228.78,64.67,0.3015,15.0,0.3215,15.0,72.33,22.77224,-3.24846,25.24436,6e-05,0.74745
8247.21,SYN.BTC-31JAN20,1579863544964,open,0.0,565.2,0.0005,0.0105,0.0,73.26,0.0005,0.0,BTC-31JAN20-5000-P,8228.78,0.0,0.0,0.0,0.0005,31.0,154.34,1e-05,-4e-05,0.0,0.0,0.0
8247.21,SYN.BTC-31JAN20,1579863544964,open,0.32,0.0,0.308,0.3625,0.33397399,80.85,None,0.0,BTC-31JAN20-11000-P,8228.78,0.0,0.0005,0.2,0.0,0.0,0.0,0.17928,-1.05403,-2.06382,2e-05,-0.99446
8265.94,SYN.BTC-7FEB20,1579863544962,open,0.14,0.0,0.109,0.153,0.12762272,53.05,None,0.0,BTC-7FEB20-7250-C,8228.78,0.0,0.1165,10.0,0.15,10.0,99.73,2.69201,-5.1462,2.44753,0.0002,0.90651
8247.21,SYN.BTC-31JAN20,1579863544963,open,0.44,0.0,0.427,0.4845,0.45506067,84.69,None,0.0,BTC-31JAN20-12000-P,8228.78,0.0,0.0,0.0,0.0,0.0,0.0,0.02986,-0.18389,-2.25935,0.0,-0.99923
8265.94,SYN.BTC-7FEB20,1579863544962,open,0.0,122.5,0.0005,0.0125,0.00257112,58.99,0.002,0.0,BTC-7FEB20-10000-C,8228.78,56.17,0.002,104.0,0.0035,30.0,62.92,1.79243,-3.80997,0.1647,0.00012,0.05498
8247.21,SYN.BTC-31JAN20,1579863544964,open,0.0,664.8,0.0005,0.0105,0.0005549,79.05,0.0005,0.0,BTC-31JAN20-10500-C,8228.78,0.0,0.0,0.0,0.001,76.0,86.03,0.42719,-2.45565,0.02235,4e-05,0.01494
8247.21,SYN.BTC-31JAN20,1579863544963,open,0.0,174.4,0.0005,0.0115,0.00151942,68.4,0.001,0.0,BTC-31JAN20-9750-C,8228.78,63.59,0.001,45.5,0.002,61.1,72.05,1.0006,-4.97716,0.06176,0.00011,0.04128
8322.11,SYN.BTC-28FEB20,1579863544962,open,0.23,11.6,0.207,0.2485,0.22651015,61.36,0.256,0.0,BTC-28FEB20-6500-C,8228.78,0.0,0.2135,15.0,0.2475,15.0,94.68,3.86416,-3.3993,5.50569,0.0001,0.9189
8265.94,SYN.BTC-7FEB20,1579863544962,open,0.0,30.0,0.0005,0.016,0.00386088,57.74,0.0045,0.0,BTC-7FEB20-9750-C,8228.78,56.46,0.0035,0.1,0.0045,30.0,59.88,2.37834,-4.94883,0.23681,0.00016,0.07922
8247.21,SYN.BTC-31JAN20,1579863544962,open,0.0,754.9,0.0005,0.0155,0.00372148,55.6,0.004,0.0,BTC-31JAN20-7500-P,8228.78,52.46,0.003,30.5,0.004,0.5,56.74,1.98357,-8.01993,-0.16082,0.00028,-0.0998
8247.21,SYN.BTC-31JAN20,1579863544963,open,0.34,27.7,0.3195,0.346,0.33310336,0.0,0.394,0.0,BTC-31JAN20-5500-C,8228.78,0.0,0.33,11.0,0.3445,11.0,226.54,0.0,0.0,1.03606,0.0,1.0
8265.94,SYN.BTC-7FEB20,1579863544962,open,0.09,0.0,0.0785,0.136,0.10018071,51.16,None,0.0,BTC-7FEB20-9000-P,8228.78,0.0,0.0,0.0,0.0,0.0,0.0,4.65707,-8.58465,-2.79429,0.00035,-0.78906
8247.21,SYN.BTC-31JAN20,1579863544962,open,0.01,1217.5,0.0005,0.018,0.0047945,54.9,0.005,0.0,BTC-31JAN20-9000-C,8228.78,52.07,0.004,17.5,0.0055,32.5,57.25,2.40728,-9.60988,0.19607,0.00034,0.131
8247.21,SYN.BTC-31JAN20,1579863544963,open,0.23,0.0,0.219,0.2715,0.24354849,74.8,None,0.0,BTC-31JAN20-10250-P,8228.78,0.0,0.0,0.0,0.0,0.0,0.0,0.53405,-2.90491,-1.9018,6e-05,-0.9806
8322.11,SYN.BTC-28FEB20,1579863544962,open,0.03,228.8,0.011,0.0485,0.02590073,58.32,0.026,0.0,BTC-28FEB20-9500-C,8228.78,56.92,0.0245,18.7,0.0275,48.3,59.91,8.34012,-6.97386,1.85956,0.00022,0.25976
8247.21,SYN.BTC-31JAN20,1579863544963,open,0.0,1074.8,0.0005,0.011,0.00107091,72.19,0.001,0.0,BTC-31JAN20-10000-C,8228.78,64.35,0.0005,81.2,0.0015,60.5,76.43,0.74908,-3.93225,0.04341,8e-05,0.02901
8247.21,SYN.BTC-31JAN20,1579863544964,open,0.01,316.2,0.0005,0.0305,0.00805816,51.17,0.009,0.0,BTC-31JAN20-8750-C,8228.78,49.74,0.0075,0.4,0.0085,24.0,52.28,3.25934,-12.12818,0.31324,0.0005,0.20968
8265.94,SYN.BTC-7FEB20,1579863544962,open,0.01,93.6,0.0015,0.0365,0.01136613,51.14,0.0105,0.0,BTC-7FEB20-9000-C,8228.78,49.58,0.0105,45.6,0.0125,24.0,53.13,4.65604,-8.58015,0.62689,0.00035,0.21086
8247.21,SYN.BTC-31JAN20,1579863544963,open,0.16,334.9,0.1345,0.172,0.15246265,66.74,0.16,0.0,BTC-31JAN20-7000-C,8228.78,0.0,0.1455,16.0,0.1695,12.4,137.03,0.83732,-4.06376,1.26514,0.0001,0.96681
8322.11,SYN.BTC-28FEB20,1579863544963,open,0.16,53.2,0.1375,0.202,0.16744852,58.34,0.137,0.0,BTC-28FEB20-9500-P,8228.78,0.0,0.1405,13.0,0.1935,9.6,82.39,8.34091,-6.97578,-7.21738,0.00022,-0.7402
8322.11,SYN.BTC-28FEB20,1579863544963,open,0.0,556.3,0.0005,0.0125,0.00281353,74.24,0.003,0.0,BTC-28FEB20-13000-C,8228.78,70.35,0.002,39.0,0.0035,37.0,77.01,1.92698,-2.05091,0.24562,4e-05,0.0337
8247.21,SYN.BTC-31JAN20,1579863544963,open,0.01,434.4,0.0005,0.028,0.00701413,51.15,0.007,0.0,BTC-31JAN20-7750-P,8228.78,49.7,0.0065,30.0,0.0075,39.5,52.5,2.95547,-10.99422,-0.28834,0.00045,-0.17858
8247.21,SYN.BTC-31JAN20,1579863544963,open,0.01,1021.5,0.004,0.038,0.01376239,48.32,0.013,0.0,BTC-31JAN20-8000-P,8228.78,44.65,0.012,37.4,0.014,2.0,48.81,4.00081,-14.05736,-0.50506,0.00065,-0.31133
8322.11,SYN.BTC-28FEB20,1579863544963,open,0.0,224.7,0.0005,0.0125,0.00277848,75.05,0.0025,0.0,BTC-28FEB20-5500-P,8228.78,73.63,0.0025,16.0,0.003,30.0,76.12,1.68352,-1.81131,-0.24972,3e-05,-0.02863
8702.12,SYN.BTC-25SEP20,1579863544963,open,0.9,5.2,0.848,0.992,0.91254065,77.08,0.875,0.0,BTC-25SEP20-16000-P,8228.78,0.0,0.7925,0.2,1.0,0.1,106.71,23.03538,-3.62531,-96.58558,6e-05,-0.74184
8247.21,SYN.BTC-31JAN20,1579863544963,open,0.0,104.6,0.0005,0.0105,0.00069472,74.65,0.0005,0.0,BTC-31JAN20-10250-C,8228.78,71.28,0.0005,0.5,0.001,1.0,78.86,0.52932,-2.87352,0.02875,6e-05,0.0192
8265.94,SYN.BTC-7FEB20,1579863544962,open,0.06,2.5,0.0405,0.09,0.05487492,47.79,0.053,0.0,BTC-7FEB20-8000-C,8228.78,45.87,0.0535,18.0,0.0575,25.0,51.43,5.94107,-10.23092,1.88428,0.00048,0.65452
8247.21,SYN.BTC-31JAN20,1579863544963,open,0.26,0.0,0.2485,0.3025,0.27372217,79.24,None,0.0,BTC-31JAN20-10500-P,8228.78,0.0,0.005,0.1,0.0,0.0,0.0,0.43221,-2.49043,-1.95529,4e-05,-0.98486
8702.12,SYN.BTC-25SEP20,1579863544962,open,0.56,0.0,0.539,0.578,0.55615629,70.65,None,0.0,BTC-25SEP20-4000-C,8228.78,69.28,0.555,8.0,0.562,16.1,76.96,7.50112,-1.08207,22.91842,2e-05,0.94872
8265.94,SYN.BTC-7FEB20,1579863544962,open,0.03,19.0,0.0155,0.059,0.0262997,49.24,0.0285,0.0,BTC-7FEB20-8500-C,8228.78,47.52,0.025,15.0,0.0275,23.8,50.83,6.24277,-11.0768,1.18707,0.00049,0.40406
8322.11,SYN.BTC-28FEB20,1579863544963,open,0.01,60.3,0.002,0.029,0.01194817,62.34,0.0145,0.0,BTC-28FEB20-10500-C,8228.78,60.89,0.011,20.7,0.013,47.0,63.89,5.54252,-4.95348,0.96653,0.00013,0.1335
8702.12,SYN.BTC-25SEP20,1579863544963,open,0.5,3.5,0.4485,0.581,0.50835836,73.45,0.4955,0.0,BTC-25SEP20-12000-P,8228.78,0.0,0.0,0.0,0.5055,1.0,72.55,27.67227,-4.15033,-64.25429,7e-05,-0.59223
8322.11,SYN.BTC-28FEB20,1579863544963,open,0.18,32.1,0.151,0.1975,0.17321754,57.64,0.2435,0.0,BTC-28FEB20-7000-C,8228.78,0.0,0.1555,15.0,0.1975,15.0,87.08,5.85144,-4.83581,5.42481,0.00015,0.85543
8702.12,SYN.BTC-25SEP20,1579863544962,open,0.41,16.2,0.358,0.485,0.41537523,72.33,0.3995,0.0,BTC-25SEP20-11000-P,8228.78,34.46,0.3,5.0,0.49,0.5,95.2,28.29562,-4.17875,-55.75111,8e-05,-0.53956
8702.12,SYN.BTC-25SEP20,1579863544964,open,0.07,198.0,0.045,0.1105,0.07221869,69.87,0.066,0.0,BTC-25SEP20-6000-P,8228.78,66.41,0.065,19.3,0.067,0.9,67.38,18.35197,-2.61804,-14.41419,5e-05,-0.17468
8702.12,SYN.BTC-25SEP20,1579863544963,open,0.03,28.4,0.013,0.072,0.03308998,83.47,0.0415,0.0,BTC-25SEP20-24000-C,8228.78,81.91,0.0305,16.0,0.036,29.0,85.14,14.81193,-2.5243,5.46538,3e-05,0.1267
8265.94,SYN.BTC-7FEB20,1579863544962,open,0.01,31.7,0.0005,0.0215,0.00503306,54.37,0.005,0.0,BTC-7FEB20-9500-C,8228.78,52.82,0.0045,77.4,0.006,30.0,57.01,2.90868,-5.69896,0.31073,0.00021,0.10392
8265.94,SYN.BTC-7FEB20,1579863544962,open,0.01,86.3,0.0005,0.0285,0.00738935,52.38,0.008,0.0,BTC-7FEB20-9250-C,8228.78,50.35,0.0065,78.8,0.0085,80.0,54.8,3.70417,-6.99218,0.43812,0.00027,0.14682
8247.21,SYN.BTC-31JAN20,1579863544963,open,0.02,1232.2,0.0045,0.038,0.01468745,49.16,0.0145,0.0,BTC-31JAN20-8500-C,8228.78,47.79,0.014,2.2,0.016,43.4,51.76,4.14531,-14.81843,0.50467,0.00066,0.33953
8702.12,SYN.BTC-25SEP20,1579863544963,open,0.04,301.7,0.0195,0.065,0.03740185,69.87,0.0335,0.0,BTC-25SEP20-5000-P,8228.78,67.2,0.0335,21.9,0.0355,3.0,68.58,12.94648,-1.84691,-8.30436,4e-05,-0.10484
8265.94,SYN.BTC-7FEB20,1579863544962,open,0.29,0.0,0.2755,0.3305,0.30143617,64.14,None,0.0,BTC-7FEB20-10750-P,8228.78,0.0,0.0,0.0,0.0,0.0,0.0,0.80487,-1.86024,-4.02438,5e-05,-0.97926
8265.94,SYN.BTC-7FEB20,1579863544962,open,0.02,16.1,0.0075,0.047,0.01716713,49.72,0.0185,0.0,BTC-7FEB20-8750-C,8228.78,48.72,0.0165,15.0,0.0185,30.0,51.68,5.56139,-9.96322,0.87327,0.00043,0.29507
8247.21,SYN.BTC-31JAN20,1579863544963,open,0.0,263.8,0.0005,0.0115,0.00189654,59.66,0.002,0.0,BTC-31JAN20-7250-P,8228.78,56.83,0.0015,52.6,0.0025,45.6,63.43,1.22616,-5.31996,-0.08557,0.00016,-0.05318
8702.12,SYN.BTC-25SEP20,1579863544963,open,0.06,70.1,0.0285,0.1055,0.05814269,78.67,0.0555,0.0,BTC-25SEP20-18000-C,8228.78,77.33,0.055,10.7,0.0615,27.7,80.08,20.55432,-3.30181,8.878,5e-05,0.21021
8265.94,SYN.BTC-7FEB20,1579863544962,open,0.23,0.0,0.2165,0.271,0.24194903,61.43,None,0.0,BTC-7FEB20-10250-P,8228.78,0.0,0.0,0.0,0.0,0.0,0.0,1.42431,-3.15294,-3.77297,9e-05,-0.95874
8247.21,SYN.BTC-31JAN20,1579863544963,open,0.19,10.1,0.165,0.201,0.18228164,72.55,0.2485,0.0,BTC-31JAN20-6750-C,8228.78,0.0,0.1765,16.0,0.198,12.4,150.6,0.53915,-2.8444,1.23991,6e-05,0.98038
8265.94,SYN.BTC-7FEB20,1579863544963,open,0.22,0.0,0.198,0.2335,0.21511696,66.87,None,0.0,BTC-7FEB20-6500-C,8228.78,0.0,0.2075,15.0,0.2315,15.0,123.71,1.04057,-2.50751,2.37787,6e-05,0.97184
8247.21,SYN.BTC-31JAN20,1579863544963,open,0.0,107.5,0.0005,0.0105,0.00033147,80.14,0.0005,0.0,BTC-31JAN20-10750-C,8228.78,0.0,0.0,0.0,0.001,65.5,92.94,0.28239,-1.64566,0.01389,3e-05,0.00927
8265.94,SYN.BTC-7FEB20,1579863544962,open,0.0,3.0,0.0005,0.0115,0.00184484,60.37,0.002,0.0,BTC-7FEB20-6750-P,8228.78,58.08,0.0015,45.0,0.002,1.0,61.32,1.31877,-2.86896,-0.12375,8e-05,-0.03754
8322.11,SYN.BTC-28FEB20,1579863544965,open,0.49,0.0,0.474,0.542,0.50548157,71.45,None,0.0,BTC-28FEB20-12500-P,8228.78,0.0,0.0,0.0,0.0,0.0,0.0,2.29225,-2.34814,-11.63977,5e-05,-0.95832
8322.11,SYN.BTC-28FEB20,1579863544963,open,0.09,207.6,0.064,0.117,0.088763,56.02,0.0925,0.0,BTC-28FEB20-8000-C,8228.78,52.39,0.0845,30.6,0.09,14.4,57.08,9.76733,-7.84493,4.25164,0.00026,0.62344
8322.11,SYN.BTC-28FEB20,1579863544964,open,0.01,86.8,0.0005,0.019,0.00629807,67.31,0.007,0.0,BTC-28FEB20-11500-C,8228.78,65.39,0.0055,19.1,0.007,24.0,68.89,3.58432,-3.45882,0.53408,8e-05,0.07346
8247.21,SYN.BTC-31JAN20,1579863544963,open,0.09,157.0,0.072,0.123,0.09608074,54.92,0.0915,0.0,BTC-31JAN20-9000-P,8228.78,0.0,0.0745,12.3,0.0985,8.0,62.55,2.40897,-9.62163,-1.49911,0.00034,-0.86887
157.58,SYN.ETH-28FEB20,1579863545030,open,0.04,1682.0,0.011,0.057,0.031009,75.92,0.035,0.0,ETH-28FEB20-190-C,155.97,74.89,0.03,1.0,0.033,472.0,77.94,0.15424,-0.16788,0.03272,0.00856,0.24833
156.29,SYN.ETH-31JAN20,1579863545030,open,0.51,0.0,0.491,0.583,0.535723,107.75,None,0.0,ETH-31JAN20-240-P,155.97,0.0,0.011,3.0,0.0,0.0,0.0,0.00158,-0.01235,-0.04514,0.00032,-0.99765
158.88,ETH-27MAR20,1579863545033,open,0.4,1200.0,0.369,0.486,0.425358,85.84,0.365,0.0,ETH-27MAR20-220-P,155.97,0.0,0.001,14.0,1.43,5.0,500.0,0.20073,-0.13702,-0.32688,0.00538,-0.76897
162.15,ETH-26JUN20,1579863545033,open,1.93,0.0,1.883,2.099,1.983829,102.37,None,0.0,ETH-26JUN20-480-P,155.97,0.0,0.01,50.0,0.0,0.0,0.0,0.18032,-0.05998,-1.97359,0.00159,-0.90327
158.88,ETH-27MAR20,1579863545033,open,0.0,2448.0,0.001,0.012,0.002446,119.48,0.004,0.0,ETH-27MAR20-520-C,155.97,116.62,0.002,1996.0,0.003,78.0,122.58,0.02648,-0.02516,0.00373,0.00051,0.01606
162.15,ETH-26JUN20,1579863545033,open,0.13,1061.0,0.075,0.176,0.12373,88.62,0.14,0.0,ETH-26JUN20-220-C,155.97,85.13,0.115,278.0,0.13,418.0,91.1,0.40784,-0.11743,0.1917,0.00415,0.40416
164.98,SYN.ETH-25SEP20,1579863545033,open,2.62,0.0,2.55,2.832,2.682298,105.35,None,0.0,ETH-25SEP20-600-P,155.97,0.0,0.0,0.0,0.0,0.0,0.0,0.30584,-0.06579,-3.91688,0.00159,-0.8565
158.88,ETH-27MAR20,1579863545035,open,0.4,1148.0,0.358,0.412,0.384644,88.14,0.346,0.0,ETH-27MAR20-100-C,155.97,59.97,0.373,61.0,0.395,61.0,103.97,0.09215,-0.06459,0.14823,0.0024,0.92626
158.88,ETH-27MAR20,1579863545035,open,1.73,0.0,1.689,1.865,1.772633,109.65,None,0.0,ETH-27MAR20-440-P,155.97,0.0,0.003,50.0,0.0,0.0,0.0,0.03484,-0.03038,-0.75277,0.00073,-0.97783
162.15,ETH-26JUN20,1579863545035,open,0.46,0.0,0.407,0.557,0.480499,88.62,None,0.0,ETH-26JUN20-220-P,155.97,0.0,0.001,10.0,0.0,0.0,0.0,0.40784,-0.11743,-0.73577,0.00415,-0.59584
158.88,ETH-27MAR20,1579863545035,open,1.23,7.0,1.201,1.351,1.271764,100.74,1.702,0.0,ETH-27MAR20-360-P,155.97,0.0,0.01,30.0,0.0,0.0,0.0,0.05718,-0.0458,-0.61073,0.00131,-0.9597
158.88,ETH-27MAR20,1579863545035,open,0.75,161.0,0.717,0.845,0.777196,91.51,1.397,0.0,ETH-27MAR20-280-P,155.97,0.0,0.002,50.0,0.0,0.0,0.0,0.11272,-0.08203,-0.46,0.00283,-0.90353
157.58,SYN.ETH-28FEB20,1579863545035,open,0.44,20.0,0.412,0.45,0.430696,90.9,0.328,0.0,ETH-28FEB20-90-C,155.97,0.0,0.428,1.0,0.442,41.0,135.56,0.01993,-0.02597,0.08325,0.00092,0.98358
157.58,SYN.ETH-28FEB20,1579863545035,open,0.32,5.0,0.284,0.334,0.30897,80.9,0.229,0.0,ETH-28FEB20-110-C,155.97,38.91,0.302,37.0,0.325,37.0,113.45,0.05732,-0.06648,0.09515,0.00299,0.94093
162.15,ETH-26JUN20,1579863545037,open,0.04,4038.0,0.012,0.071,0.035269,98.96,0.051,0.0,ETH-26JUN20-400-C,155.97,95.91,0.031,382.0,0.039,420.0,101.49,0.23341,-0.07506,0.07104,0.00213,0.13919
158.88,ETH-27MAR20,1579863545037,open,0.09,4341.0,0.049,0.124,0.085437,80.97,0.087,0.0,ETH-27MAR20-180-C,155.97,79.46,0.083,20.0,0.089,745.0,83.16,0.25769,-0.16592,0.09141,0.00732,0.41942
164.98,SYN.ETH-25SEP20,1579863545037,open,0.41,0.0,0.35,0.448,0.400123,87.42,0.359,0.0,ETH-25SEP20-120-C,155.97,83.13,0.39,260.0,0.412,260.0,92.42,0.39065,-0.06973,0.43031,0.00245,0.7889
164.98,SYN.ETH-25SEP20,1579863545037,open,0.12,648.0,0.082,0.177,0.127529,87.44,0.115,0.0,ETH-25SEP20-120-P,155.97,83.4,0.118,275.0,0.128,170.0,87.63,0.39066,-0.06974,-0.37482,0.00245,-0.21111
157.58,SYN.ETH-28FEB20,1579863545039,open,0.01,944.0,0.001,0.026,0.010046,83.92,0.009,0.0,ETH-28FEB20-230-C,155.97,81.81,0.009,540.0,0.011,40.0,85.74,0.08046,-0.0968,0.01235,0.00404,0.09209
156.29,SYN.ETH-31JAN20,1579863545039,open,0.0,683.0,0.001,0.011,8.9e-05,76.51,0.001,0.0,ETH-31JAN20-210-C,155.97,0.0,0.0,0.0,0.001,20.0,101.72,0.00189,-0.01054,8e-05,0.00054,0.00289
164.98,SYN.ETH-25SEP20,1579863545039,open,0.42,41.0,0.353,0.511,0.430843,88.88,0.399,0.0,ETH-25SEP20-200-P,155.97,0.0,0.0,0.0,0.0,0.0,0.0,0.53643,-0.09735,-0.98639,0.00331,-0.46034
164.98,SYN.ETH-25SEP20,1579863545039,open,0.21,428.0,0.13,0.253,0.191169,89.54,0.198,0.0,ETH-25SEP20-220-C,155.97,87.95,0.186,275.0,0.197,110.0,91.32,0.53892,-0.09852,0.33045,0.0033,0.48972
157.58,SYN.ETH-28FEB20,1579863545039,open,0.27,0.0,0.246,0.342,0.292216,78.04,None,0.0,ETH-28FEB20-200-P,155.97,0.0,0.001,5.0,0.0,0.0,0.0,0.13339,-0.14924,-0.16554,0.0072,-0.80717
164.98,SYN.ETH-25SEP20,1579863545039,open,0.18,240.0,0.133,0.248,0.189299,87.44,0.172,0.0,ETH-25SEP20-140-P,155.97,83.33,0.178,259.0,0.19,170.0,87.69,0.45369,-0.081,-0.51777,0.00284,-0.27849
162.15,ETH-26JUN20,1579863545041,open,1.46,0.0,1.41,1.606,1.502266,99.06,None,0.0,ETH-26JUN20-400-P,155.97,0.0,0.01,50.0,0.0,0.0,0.0,0.23386,-0.07528,-1.6151,0.00213,-0.86042
162.15,ETH-26JUN20,1579863545041,open,0.16,2625.0,0.097,0.202,0.149168,87.43,0.154,0.0,ETH-26JUN20-200-C,155.97,85.43,0.144,273.0,0.155,413.0,89.69,0.41848,-0.11889,0.21648,0.00432,0.46585
162.15,ETH-26JUN20,1579863545041,open,0.01,2398.0,0.003,0.035,0.012737,108.18,0.013,0.0,ETH-26JUN20-640-C,155.97,104.07,0.01,392.0,0.015,140.0,111.18,0.11612,-0.04082,0.02849,0.00097,0.05441
162.15,ETH-26JUN20,1579863545041,open,0.02,340.0,0.004,0.04,0.01515,107.53,0.025,0.0,ETH-26JUN20-600-C,155.97,103.37,0.012,391.0,0.018,450.0,110.87,0.13131,-0.04588,0.03315,0.0011,0.06364
162.15,ETH-26JUN20,1579863545041,open,0.08,2271.0,0.05,0.127,0.086195,85.27,0.079,0.0,ETH-26JUN20-120-P,155.97,80.81,0.078,281.0,0.09,281.0,87.32,0.29996,-0.08311,-0.19971,0.00317,-0.20595
164.98,SYN.ETH-25SEP20,1579863545041,open,0.81,0.0,0.741,0.932,0.833637,92.69,None,0.0,ETH-25SEP20-280-P,155.97,0.0,0.0,0.0,0.0,0.0,0.0,0.51266,-0.09703,-1.61384,0.00303,-0.62443
156.29,SYN.ETH-31JAN20,1579863545041,open,0.01,887.0,0.004,0.047,0.015806,59.63,0.013,0.0,ETH-31JAN20-150-P,155.97,55.77,0.014,279.0,0.018,266.0,64.23,0.07386,-0.32024,-0.00911,0.02692,-0.29366
164.98,SYN.ETH-25SEP20,1579863545041,open,0.29,21.0,0.231,0.348,0.290758,87.41,0.318,0.0,ETH-25SEP20-160-C,155.97,85.5,0.285,264.0,0.297,120.0,89.48,0.49749,-0.08879,0.40395,0.00312,0.65571
164.98,SYN.ETH-25SEP20,1579863545041,open,2.38,0.0,2.315,2.581,2.44028,101.91,None,0.0,ETH-25SEP20-560-P,155.97,0.0,0.0,0.0,0.0,0.0,0.0,0.31169,-0.06485,-3.64447,0.00167,-0.85241
158.88,ETH-27MAR20,1579863545043,open,2.22,0.0,2.178,2.383,2.275562,120.68,None,0.0,ETH-27MAR20-520-P,155.97,0.0,0.006,50.0,0.0,0.0,0.0,0.028,-0.02687,-0.8918,0.00053,-0.98286
162.15,ETH-26JUN20,1579863545043,open,0.56,4.0,0.509,0.667,0.586338,90.86,0.934,0.0,ETH-26JUN20-240-P,155.97,0.0,0.01,50.0,0.0,0.0,0.0,0.39227,-0.11581,-0.84118,0.0039,-0.6442
158.88,ETH-27MAR20,1579863545043,open,0.07,1878.0,0.041,0.111,0.073264,79.9,0.06,0.0,ETH-27MAR20-140-P,155.97,76.9,0.069,212.0,0.076,271.0,81.82,0.22648,-0.1439,-0.09999,0.00652,-0.29209
162.15,ETH-26JUN20,1579863545043,open,0.01,1453.0,0.001,0.02,0.008824,96.52,0.011,0.0,ETH-26JUN20-60-P,155.97,91.98,0.007,300.0,0.011,393.0,101.34,0.06911,-0.02168,-0.02567,0.00065,-0.02873
162.15,ETH-26JUN20,1579863545043,open,0.05,1435.0,0.016,0.083,0.043683,96.6,0.054,0.0,ETH-26JUN20-360-C,155.97,93.67,0.039,298.0,0.048,438.0,99.19,0.26544,-0.08332,0.08568,0.00248,0.16902
158.88,ETH-27MAR20,1579863545043,open,0.24,112.0,0.194,0.269,0.232548,80.68,0.194,0.0,ETH-27MAR20-130-C,155.97,75.31,0.226,237.0,0.24,237.0,86.65,0.1961,-0.12581,0.14937,0.00559,0.77833
164.98,SYN.ETH-25SEP20,1579863545043,open,0.61,0.0,0.537,0.713,0.62341,90.32,None,0.0,ETH-25SEP20-240-P,155.97,0.0,0.0,0.0,0.0,0.0,0.0,0.53408,-0.0985,-1.30362,0.00324,-0.55438
157.58,SYN.ETH-28FEB20,1579863545043,open,0.39,0.0,0.362,0.462,0.409463,82.47,None,0.0,ETH-28FEB20-220-P,155.97,0.0,0.0,0.0,0.0,0.0,0.0,0.09671,-0.11436,-0.19435,0.00494,-0.88127
164.98,SYN.ETH-25SEP20,1579863545043,open,0.05,34.0,0.016,0.091,0.045266,105.23,0.049,0.0,ETH-25SEP20-600-C,155.97,102.87,0.041,30.0,0.05,300.0,107.73,0.30512,-0.06556,0.10817,0.00159,0.143
158.88,ETH-27MAR20,1579863545045,open,0.01,1646.0,0.004,0.031,0.014056,88.15,0.013,0.0,ETH-27MAR20-100-P,155.97,84.49,0.012,625.0,0.016,745.0,91.41,0.09217,-0.06461,-0.02403,0.0024,-0.07376
158.88,ETH-27MAR20,1579863545045,open,0.3,2008.0,0.262,0.374,0.316233,82.75,0.272,0.0,ETH-27MAR20-200-P,155.97,0.0,0.001,14.0,1.322,5.0,500.0,0.23234,-0.15289,-0.27564,0.00646,-0.69091
156.29,SYN.ETH-31JAN20,1579863545045,open,0.0,4160.0,0.001,0.011,1e-06,80.59,0.001,0.0,ETH-31JAN20-100-P,155.97,0.0,0.0,0.0,0.001,26.0,152.88,2e-05,-8e-05,0.0,1e-05,-2e-05
158.88,ETH-27MAR20,1579863545047,open,0.29,158.0,0.244,0.313,0.278942,82.48,0.211,0.0,ETH-27MAR20-120-C,155.97,65.38,0.263,60.0,0.289,60.0,92.08,0.16099,-0.10559,0.15333,0.00449,0.83916
158.88,ETH-27MAR20,1579863545047,open,0.01,1.0,0.001,0.021,0.008504,91.92,0.008,0.0,ETH-27MAR20-90-P,155.97,88.01,0.007,540.0,0.01,545.0,95.48,0.06411,-0.04686,-0.01504,0.0016,-0.04644
164.98,SYN.ETH-25SEP20,1579863545047,open,0.27,371.0,0.19,0.311,0.25149,88.22,0.27,0.0,ETH-25SEP20-180-C,155.97,86.49,0.246,268.0,0.258,388.0,90.27,0.5237,-0.09434,0.38033,0.00325,0.59511
164.98,SYN.ETH-25SEP20,1579863545047,open,0.05,307.0,0.016,0.09,0.045717,101.79,0.039,0.0,ETH-25SEP20-560-C,155.97,98.1,0.039,300.0,0.054,300.0,106.02,0.31102,-0.06464,0.11224,0.00167,0.14712
158.88,ETH-27MAR20,1579863545049,open,0.02,141.0,0.008,0.043,0.022137,84.75,0.019,0.0,ETH-27MAR20-110-P,155.97,81.99,0.02,265.0,0.024,325.0,87.09,0.12482,-0.08413,-0.03645,0.00339,-0.11103
158.88,ETH-27MAR20,1579863545049,open,0.0,5093.0,0.001,0.011,0.000982,123.28,0.005,0.0,ETH-27MAR20-640-C,155.97,0.0,0.0,0.0,0.002,200.0,133.03,0.01254,-0.01229,0.00159,0.00023,0.00681
158.88,ETH-27MAR20,1579863545056,open,0.04,1635.0,0.016,0.073,0.04059,85.78,0.045,0.0,ETH-27MAR20-220-C,155.97,85.31,0.04,1.0,0.041,25.0,86.1,0.20062,-0.13685,0.05206,0.00538,0.2308
158.88,ETH-27MAR20,1579863545066,open,0.51,136.0,0.481,0.601,0.538212,86.95,0.445,0.0,ETH-27MAR20-240-P,155.97,0.0,0.4,15.0,1.544,10.0,500.0,0.16554,-0.11446,-0.37504,0.00438,-0.83211
158.88,ETH-27MAR20,1579863545066,open,0.0,1609.0,0.001,0.015,0.004298,105.48,0.006,0.0,ETH-27MAR20-400-C,155.97,100.24,0.003,660.0,0.006,355.0,110.97,0.04408,-0.03697,0.00686,0.00096,0.02936
162.15,ETH-26JUN20,1579863545066,open,0.28,411.0,0.229,0.36,0.29359,87.01,0.248,0.0,ETH-26JUN20-180-P,155.97,82.52,0.282,159.0,0.299,339.0,89.11,0.41802,-0.11818,-0.51591,0.00433,-0.46112
156.29,SYN.ETH-31JAN20,1579863545066,open,0.18,133.0,0.143,0.197,0.170056,79.34,0.178,0.0,ETH-31JAN20-130-C,155.97,0.0,0.157,51.0,0.187,51.0,149.43,0.01864,-0.10756,0.02324,0.00511,0.95958
162.15,ETH-26JUN20,1579863545069,open,0.03,634.0,0.007,0.054,0.023607,102.37,0.03,0.0,ETH-26JUN20-480-C,155.97,99.95,0.021,387.0,0.026,120.0,104.47,0.18032,-0.05998,0.04998,0.00159,0.09673
158.88,ETH-27MAR20,1579863545069,open,0.01,1868.0,0.001,0.019,0.0059,100.74,0.008,0.0,ETH-27MAR20-360-C,155.97,98.1,0.005,540.0,0.007,270.0,103.63,0.05716,-0.04579,0.00941,0.0013,0.04029
156.29,SYN.ETH-31JAN20,1579863545069,open,0.0,862.0,0.001,0.011,1e-06,76.67,0.001,0.0,ETH-31JAN20-240-C,155.97,0.0,0.0,0.0,0.001,580.0,138.96,3e-05,-0.0001,0.0,1e-05,3e-05
164.98,SYN.ETH-25SEP20,1579863545069,open,0.14,514.0,0.08,0.197,0.136355,92.66,0.149,0.0,ETH-25SEP20-280-C,155.97,90.93,0.131,283.0,0.143,393.0,94.79,0.51259,-0.09698,0.26461,0.00303,0.37542
156.29,SYN.ETH-31JAN20,1579863545069,open,0.2,8.0,0.181,0.257,0.217176,77.03,0.215,0.0,ETH-31JAN20-190-P,155.97,0.0,0.187,1.0,0.222,1.0,104.52,0.0171,-0.09576,-0.03476,0.00482,-0.96365
164.98,SYN.ETH-25SEP20,1579863545069,open,0.24,183.0,0.196,0.327,0.260633,87.43,0.248,0.0,ETH-25SEP20-160-P,155.97,80.95,0.241,222.0,0.258,1.0,86.56,0.49748,-0.08881,-0.66952,0.00312,-0.34426
162.15,ETH-26JUN20,1579863545073,open,1.23,1.0,1.176,1.362,1.263849,96.6,1.827,0.0,ETH-26JUN20-360-P,155.97,0.0,0.015,2.0,0.0,0.0,0.0,0.26544,-0.08332,-1.432,0.00248,-0.83098
158.88,ETH-27MAR20,1579863545073,open,0.99,10.0,0.959,1.097,1.023585,97.27,1.59,0.0,ETH-27MAR20-320-P,155.97,0.0,0.011,5.0,0.0,0.0,0.0,0.08131,-0.06289,-0.53667,0.00192,-0.93729
157.58,SYN.ETH-28FEB20,1579863545073,open,0.0,829.0,0.001,0.011,0.001856,91.18,0.004,0.0,ETH-28FEB20-90-P,155.97,83.15,0.001,335.0,0.003,250.0,98.83,0.02018,-0.02638,-0.00279,0.00093,-0.01666
164.98,SYN.ETH-25SEP20,1579863545073,open,1.69,0.0,1.625,1.859,1.735684,98.91,None,0.0,ETH-25SEP20-440-P,155.97,0.0,0.0,0.0,0.0,0.0,0.0,0.38967,-0.0787,-2.7953,0.00216,-0.7898
158.88,ETH-27MAR20,1579863545077,open,0.0,275.0,0.001,0.012,0.00222,98.38,0.003,0.0,ETH-27MAR20-70-P,155.97,87.65,0.001,189.0,0.005,300.0,113.17,0.02281,-0.01785,-0.0043,0.00053,-0.0135
164.98,SYN.ETH-25SEP20,1579863545077,open,0.34,2.0,0.27,0.417,0.3426,88.24,0.325,0.0,ETH-25SEP20-180-P,155.97,81.47,0.321,165.0,0.352,165.0,91.21,0.52369,-0.09436,-0.8273,0.00325,-0.40485
164.98,SYN.ETH-25SEP20,1579863545077,open,0.05,8.0,0.019,0.098,0.051334,100.62,0.055,0.0,ETH-25SEP20-520-C,155.97,96.33,0.043,300.0,0.061,300.0,105.23,0.33326,-0.06847,0.12398,0.00181,0.16335
162.15,ETH-26JUN20,1579863545079,open,0.77,0.0,0.723,0.891,0.803679,93.02,None,0.0,ETH-26JUN20-280-P,155.97,0.0,0.011,3.0,0.0,0.0,0.0,0.35031,-0.10588,-1.04606,0.0034,-0.72657
158.88,ETH-27MAR20,1579863545079,open,2.47,0.0,2.422,2.641,2.526467,121.01,None,0.0,ETH-27MAR20-560-P,155.97,0.0,0.02,50.0,0.0,0.0,0.0,0.0206,-0.01982,-0.96187,0.00039,-0.988
162.15,ETH-26JUN20,1579863545117,open,1.0,0.0,0.947,1.124,1.030941,95.03,1.06,0.0,ETH-26JUN20-320-P,155.97,0.0,0.015,2.0,0.0,0.0,0.0,0.30665,-0.09469,-1.24216,0.00291,-0.78617
162.15,ETH-26JUN20,1579863545117,open,0.65,3.0,0.622,0.657,0.638796,96.52,0.588,0.0,ETH-26JUN20-60-C,155.97,47.04,0.63,56.0,0.649,56.0,116.0,0.06911,-0.02168,0.22727,0.00065,0.97127
158.88,ETH-27MAR20,1579863545117,open,0.05,426.0,0.025,0.083,0.050793,80.69,0.048,0.0,ETH-27MAR20-130-P,155.97,78.42,0.048,217.0,0.053,284.0,82.47,0.19611,-0.12584,-0.07458,0.00559,-0.2217
156.29,SYN.ETH-31JAN20,1579863545117,open,0.38,1.0,0.367,0.451,0.407765,88.89,0.739,0.0,ETH-31JAN20-220-P,155.97,0.0,0.011,3.0,0.0,0.0,0.0,0.002,-0.0129,-0.04136,0.00049,-0.99694
164.98,SYN.ETH-25SEP20,1579863545117,open,1.02,0.0,0.953,1.155,1.050417,94.04,None,0.0,ETH-25SEP20-320-P,155.97,0.0,0.0,0.0,0.0,0.0,0.0,0.48159,-0.09247,-1.91816,0.0028,-0.6826
157.58,SYN.ETH-28FEB20,1579863545117,open,0.01,104.0,0.001,0.019,0.007054,81.02,0.007,0.0,ETH-28FEB20-110-P,155.97,78.02,0.006,540.0,0.008,125.0,83.53,0.0575,-0.06679,-0.00999,0.00299,-0.05931
156.29,SYN.ETH-31JAN20,1579863545117,open,0.14,40.0,0.12,0.194,0.155397,72.18,0.149,0.0,ETH-31JAN20-180-P,155.97,0.0,0.131,33.0,0.17,33.0,117.89,0.03319,-0.17423,-0.03153,0.00999,-0.91563
158.88,ETH-27MAR20,1579863545119,open,0.45,0.0,0.42,0.465,0.442038,91.92,None,0.0,ETH-27MAR20-90-C,155.97,0.0,0.433,44.0,0.456,43.0,118.8,0.06411,-0.04686,0.14,0.0016,0.95356
164.98,SYN.ETH-25SEP20,1579863545119,open,1.92,0.0,1.854,2.099,1.969345,100.16,None,0.0,ETH-25SEP20-480-P,155.97,0.0,0.02,10.0,0.0,0.0,0.0,0.36231,-0.0741,-3.08035,0.00198,-0.81367
157.58,SYN.ETH-28FEB20,1579863545119,open,0.38,21.0,0.347,0.392,0.369358,86.84,0.267,0.0,ETH-28FEB20-100-C,155.97,0.0,0.365,1.0,0.382,39.0,122.28,0.03653,-0.04548,0.08988,0.00177,0.96625
164.98,SYN.ETH-25SEP20,1579863545119,open,1.24,0.0,1.173,1.386,1.274817,95.71,None,0.0,ETH-25SEP20-360-P,155.97,0.0,0.0,0.0,0.0,0.0,0.0,0.44939,-0.08782,-2.21553,0.00257,-0.72686
158.88,ETH-27MAR20,1579863545123,open,0.0,1873.0,0.001,0.012,0.00286,115.16,0.003,0.0,ETH-27MAR20-480-C,155.97,110.14,0.002,1989.0,0.004,385.0,120.43,0.03061,-0.02804,0.00443,0.00061,0.01903
158.88,ETH-27MAR20,1579863545123,open,2.71,0.0,2.667,2.899,2.778099,125.35,None,0.0,ETH-27MAR20-600-P,155.97,0.0,0.03,50.0,0.0,0.0,0.0,0.01894,-0.01888,-1.03105,0.00035,-0.9891
164.98,SYN.ETH-25SEP20,1579863545123,open,2.15,0.0,2.084,2.338,2.203429,100.72,None,0.0,ETH-25SEP20-520-P,155.97,0.0,0.0,0.0,0.0,0.0,0.0,0.33382,-0.06865,-3.3644,0.00182,-0.83622
164.98,SYN.ETH-25SEP20,1579863545123,open,0.12,62.0,0.059,0.169,0.110667,94.0,0.146,0.0,ETH-25SEP20-320-C,155.97,92.39,0.106,287.0,0.116,100.0,95.82,0.48147,-0.09241,0.22861,0.00281,0.31721
157.58,SYN.ETH-28FEB20,1579863545123,open,0.45,0.0,0.421,0.523,0.469677,84.1,None,0.0,ETH-28FEB20-230-P,155.97,0.0,0.0,0.0,0.0,0.0,0.0,0.08082,-0.09745,-0.20734,0.00405,-0.90735
156.29,SYN.ETH-31JAN20,1579863545123,open,0.0,790.0,0.001,0.011,0.0,80.78,0.001,0.0,ETH-31JAN20-90-P,155.97,0.0,0.0,0.0,0.001,26.0,184.78,0.0,0.0,0.0,0.0,0.0
158.88,ETH-27MAR20,1579863545125,open,0.0,1543.0,0.001,0.013,0.003246,109.64,0.004,0.0,ETH-27MAR20-440-C,155.97,103.0,0.002,540.0,0.005,405.0,116.53,0.03483,-0.03037,0.00518,0.00073,0.02217
157.58,SYN.ETH-28FEB20,1579863545125,open,0.17,31.0,0.141,0.23,0.184376,73.8,0.169,0.0,ETH-28FEB20-180-P,155.97,52.13,0.162,49.0,0.214,48.0,99.52,0.1741,-0.18421,-0.13022,0.00994,-0.68043
156.29,SYN.ETH-31JAN20,1579863545125,open,0.32,1.0,0.305,0.386,0.343846,81.92,0.273,0.0,ETH-31JAN20-210-P,155.97,0.0,0.0,0.0,0.0,0.0,0.0,0.00314,-0.0187,-0.03941,0.00083,-0.99493
164.98,SYN.ETH-25SEP20,1579863545125,open,0.07,188.0,0.044,0.115,0.076978,87.44,0.116,0.0,ETH-25SEP20-100-P,155.97,84.76,0.072,289.0,0.08,170.0,89.06,0.30832,-0.05505,-0.24595,0.00193,-0.14523
164.98,SYN.ETH-25SEP20,1579863545125,open,0.04,318.0,0.02,0.069,0.041442,89.26,0.038,0.0,ETH-25SEP20-80-P,155.97,86.58,0.038,300.0,0.045,470.0,91.95,0.2151,-0.0392,-0.14285,0.00132,-0.08762
157.58,SYN.ETH-28FEB20,1579863545125,open,0.51,0.0,0.482,0.586,0.530994,86.24,None,0.0,ETH-28FEB20-240-P,155.97,0.0,0.0,0.0,0.0,0.0,0.0,0.06843,-0.08461,-0.21934,0.00334,-0.92574
157.58,SYN.ETH-28FEB20,1579863545125,open,0.01,322.0,0.003,0.032,0.013295,82.33,0.02,0.0,ETH-28FEB20-220-C,155.97,80.16,0.012,240.0,0.015,785.0,85.04,0.09643,-0.11382,0.0158,0.00494,0.11823
156.29,SYN.ETH-31JAN20,1579863545125,open,0.0,1066.0,0.001,0.011,0.001906,79.78,0.002,0.0,ETH-31JAN20-130-P,155.97,70.91,0.001,322.0,0.003,330.0,87.7,0.01894,-0.10988,-0.00127,0.00516,-0.04122
157.58,SYN.ETH-28FEB20,1579863545125,open,0.04,1294.0,0.017,0.068,0.039567,72.21,0.03,0.0,ETH-28FEB20-140-P,155.97,69.64,0.037,212.0,0.042,692.0,74.62,0.15817,-0.16375,-0.04519,0.00923,-0.26054
164.98,SYN.ETH-25SEP20,1579863545125,open,2.85,0.0,2.782,3.074,2.918794,105.37,None,0.0,ETH-25SEP20-640-P,155.97,0.0,0.1,10.0,0.0,0.0,0.0,0.28176,-0.06062,-4.19655,0.00146,-0.87268
157.58,SYN.ETH-28FEB20,1579863545127,open,0.0,1339.0,0.001,0.011,0.000542,91.36,0.002,0.0,ETH-28FEB20-80-P,155.97,0.0,0.0,0.0,0.002,8.0,109.42,0.00768,-0.01006,-0.00091,0.00035,-0.00551
164.98,SYN.ETH-25SEP20,1579863545127,open,0.18,7.0,0.109,0.23,0.168597,90.29,0.175,0.0,ETH-25SEP20-240-C,155.97,88.56,0.163,278.0,0.175,110.0,92.27,0.53406,-0.09846,0.3065,0.00324,0.44551
157.58,SYN.ETH-28FEB20,1579863545127,open,0.57,0.0,0.543,0.65,0.593287,89.49,None,0.0,ETH-28FEB20-250-P,155.97,0.0,0.0,0.0,0.0,0.0,0.0,0.06029,-0.07736,-0.23042,0.00284,-0.93699
157.58,SYN.ETH-28FEB20,1579863545127,open,0.22,1.0,0.191,0.285,0.236791,76.0,0.169,0.0,ETH-28FEB20-190-P,155.97,0.0,0.001,5.0,1.241,5.0,500.0,0.15434,-0.16816,-0.14879,0.00856,-0.75137
164.98,SYN.ETH-25SEP20,1579863545127,open,0.35,23.0,0.284,0.394,0.340658,87.42,0.327,0.0,ETH-25SEP20-140-C,155.97,82.82,0.328,261.0,0.354,261.0,92.28,0.4537,-0.08098,0.42153,0.00284,0.7215
162.15,ETH-26JUN20,1579863545129,open,0.37,266.0,0.313,0.455,0.38265,87.45,0.335,0.0,ETH-26JUN20-200-P,155.97,0.0,0.001,10.0,0.0,0.0,0.0,0.41848,-0.11892,-0.62667,0.00432,-0.53409
162.15,ETH-26JUN20,1579863545129,open,0.02,1009.0,0.009,0.042,0.021983,90.02,0.021,0.0,ETH-26JUN20-80-P,155.97,85.09,0.018,300.0,0.025,200.0,93.52,0.13616,-0.03983,-0.06061,0.00136,-0.06668
162.15,ETH-26JUN20,1579863545129,open,0.05,754.0,0.023,0.077,0.046536,86.55,0.043,0.0,ETH-26JUN20-100-P,155.97,81.61,0.04,295.0,0.05,295.0,89.09,0.21904,-0.0616,-0.11857,0.00228,-0.12692
164.98,SYN.ETH-25SEP20,1579863545129,open,0.1,32.0,0.046,0.149,0.092598,95.66,0.1,0.0,ETH-25SEP20-360-C,155.97,93.96,0.088,291.0,0.098,100.0,97.63,0.44919,-0.08774,0.19956,0.00257,0.2729
164.98,SYN.ETH-25SEP20,1579863545129,open,0.02,812.0,0.007,0.035,0.018471,92.65,0.028,0.0,ETH-25SEP20-60-P,155.97,89.27,0.016,300.0,0.021,170.0,95.91,0.12444,-0.02354,-0.0685,0.00074,-0.04342
158.88,ETH-27MAR20,1579863545131,open,1.48,5.0,1.446,1.608,1.52208,106.04,2.004,0.0,ETH-27MAR20-400-P,155.97,0.0,0.046,50.0,0.0,0.0,0.0,0.04512,-0.03805,-0.682,0.00098,-0.9698
164.98,SYN.ETH-25SEP20,1579863545131,open,0.56,0.0,0.526,0.588,0.556504,89.23,None,0.0,ETH-25SEP20-80-C,155.97,78.23,0.543,54.0,0.575,54.0,102.68,0.21505,-0.03918,0.39393,0.00132,0.91241
156.29,SYN.ETH-31JAN20,1579863545131,open,0.37,4.0,0.341,0.379,0.360116,0.0,0.4,0.0,ETH-31JAN20-100-C,155.97,0.0,0.354,37.0,0.37,37.0,235.86,0.0,0.0,0.01884,0.0,1.0
157.58,SYN.ETH-28FEB20,1579863545133,open,0.33,0.0,0.303,0.401,0.349973,80.15,None,0.0,ETH-28FEB20-210-P,155.97,0.0,0.0,0.0,0.0,0.0,0.0,0.11372,-0.13067,-0.18064,0.00598,-0.8497
162.15,ETH-26JUN20,1579863545142,open,0.2,660.0,0.153,0.269,0.210086,85.28,0.208,0.0,ETH-26JUN20-160-P,155.97,82.01,0.202,225.0,0.216,225.0,87.67,0.40142,-0.11123,-0.40456,0.00425,-0.38173
162.15,ETH-26JUN20,1579863545142,open,0.36,318.0,0.302,0.389,0.34614,85.27,0.379,0.0,ETH-26JUN20-120-C,155.97,80.84,0.338,252.0,0.355,252.0,90.03,0.29996,-0.08311,0.30619,0.00317,0.79405
162.15,ETH-26JUN20,1579863545142,open,0.02,225.0,0.005,0.048,0.020015,104.12,0.025,0.0,ETH-26JUN20-520-C,155.97,100.94,0.017,388.0,0.023,450.0,107.02,0.16082,-0.05441,0.04301,0.00139,0.08293
158.88,ETH-27MAR20,1579863545142,open,0.34,20.0,0.299,0.36,0.329755,84.71,0.272,0.0,ETH-27MAR20-110-C,155.97,67.64,0.318,60.0,0.341,60.0,98.03,0.12475,-0.08404,0.15308,0.00339,0.88906
158.88,ETH-27MAR20,1579863545142,open,0.02,2412.0,0.004,0.036,0.014855,91.51,0.024,0.0,ETH-27MAR20-280-C,155.97,88.8,0.013,565.0,0.017,595.0,94.43,0.1127,-0.08201,0.02233,0.00283,0.09645
162.15,ETH-26JUN20,1579863545142,open,0.14,1315.0,0.094,0.193,0.14182,85.28,0.11,0.0,ETH-26JUN20-140-P,155.97,81.33,0.133,262.0,0.146,262.0,87.15,0.36262,-0.10048,-0.29783,0.00384,-0.29387
158.88,ETH-27MAR20,1579863545142,open,0.57,0.0,0.547,0.577,0.561608,98.19,None,0.0,ETH-27MAR20-70-C,155.97,0.0,0.559,50.0,0.571,49.0,135.16,0.02263,-0.01767,0.11632,0.00053,0.98662
156.29,SYN.ETH-31JAN20,1579863545142,open,0.31,2.0,0.275,0.317,0.296145,0.0,0.331,0.0,ETH-31JAN20-110-C,155.97,0.0,0.29,34.0,0.308,34.0,204.64,0.0,0.0,0.02072,0.0,1.0
156.29,SYN.ETH-31JAN20,1579863545142,open,0.0,2922.0,0.001,0.011,1.9e-05,76.58,0.001,0.0,ETH-31JAN20-220-C,155.97,0.0,0.0,0.0,0.001,120.0,114.93,0.00051,-0.00284,2e-05,0.00014,0.00069
164.98,SYN.ETH-25SEP20,1579863545142,open,0.08,207.0,0.036,0.132,0.078541,97.1,0.085,0.0,ETH-25SEP20-400-C,155.97,95.69,0.075,294.0,0.083,114.0,98.84,0.41722,-0.08272,0.17541,0.00235,0.23702
157.58,SYN.ETH-28FEB20,1579863545144,open,0.26,60.0,0.222,0.28,0.25139,76.84,0.262,0.0,ETH-28FEB20-120-C,155.97,51.64,0.241,57.0,0.273,57.0,108.98,0.08721,-0.09608,0.09724,0.00478,0.89722
164.98,SYN.ETH-25SEP20,1579863545144,open,0.04,137.0,0.013,0.082,0.039294,105.23,0.046,0.0,ETH-25SEP20-640-C,155.97,100.07,0.031,300.0,0.046,300.0,109.02,0.2809,-0.06036,0.09681,0.00146,0.12676
157.58,SYN.ETH-28FEB20,1579863545144,open,0.0,403.0,0.001,0.013,0.003981,87.02,0.006,0.0,ETH-28FEB20-100-P,155.97,82.47,0.003,540.0,0.005,265.0,91.12,0.03674,-0.04583,-0.00572,0.00178,-0.03398
157.58,SYN.ETH-28FEB20,1579863545144,open,0.02,669.0,0.008,0.045,0.023013,73.86,0.023,0.0,ETH-28FEB20-130-P,155.97,71.25,0.021,511.0,0.025,477.0,76.38,0.12294,-0.13019,-0.02896,0.00701,-0.1693
156.29,SYN.ETH-31JAN20,1579863545144,open,0.0,1512.0,0.001,0.011,0.001395,76.3,0.001,0.0,ETH-31JAN20-190-C,155.97,72.19,0.001,300.0,0.002,34.0,81.41,0.01655,-0.09184,0.00099,0.00471,0.03494
156.29,SYN.ETH-31JAN20,1579863545144,open,0.43,2.0,0.407,0.441,0.424104,0.0,0.473,0.0,ETH-31JAN20-90-C,155.97,0.0,0.419,40.0,0.433,40.0,273.79,0.0,0.0,0.01695,0.0,1.0
156.29,SYN.ETH-31JAN20,1579863545144,open,0.01,2561.0,0.001,0.03,0.008005,63.27,0.01,0.0,ETH-31JAN20-170-C,155.97,60.39,0.007,533.0,0.009,153.0,66.0,0.05579,-0.25667,0.00499,0.01916,0.17747
157.58,SYN.ETH-28FEB20,1579863545144,open,0.21,28.0,0.165,0.229,0.198004,73.8,0.249,0.0,ETH-28FEB20-130-C,155.97,42.95,0.179,57.0,0.224,57.0,103.93,0.12286,-0.12999,0.09529,0.00702,0.83087
156.29,SYN.ETH-31JAN20,1579863545144,open,0.08,1016.0,0.063,0.136,0.095808,63.46,0.083,0.0,ETH-31JAN20-170-P,155.97,51.66,0.092,80.0,0.098,60.0,69.35,0.05595,-0.2582,-0.02701,0.01916,-0.82172
157.58,SYN.ETH-28FEB20,1579863545144,open,0.01,1219.0,0.001,0.02,0.006732,89.23,0.016,0.0,ETH-28FEB20-250-C,155.97,87.24,0.006,240.0,0.008,485.0,92.41,0.0598,-0.0765,0.00838,0.00282,0.06236
157.58,SYN.ETH-28FEB20,1579863545144,open,0.13,390.0,0.097,0.18,0.137556,72.66,0.14,0.0,ETH-28FEB20-170-P,155.97,69.7,0.134,164.0,0.14,220.0,74.69,0.18946,-0.19736,-0.10942,0.01099,-0.58915
164.98,SYN.ETH-25SEP20,1579863545144,open,0.23,67.0,0.156,0.28,0.218499,88.86,0.231,0.0,ETH-25SEP20-200-C,155.97,87.17,0.213,272.0,0.225,382.0,90.86,0.53644,-0.09733,0.3554,0.00331,0.5396
162.15,ETH-26JUN20,1579863545146,open,1.69,0.0,1.646,1.851,1.741782,100.45,None,0.0,ETH-26JUN20-440-P,155.97,0.0,0.01,50.0,0.0,0.0,0.0,0.20335,-0.06638,-1.79618,0.00183,-0.88579
162.15,ETH-26JUN20,1579863545146,open,2.65,0.0,2.597,2.849,2.715652,107.81,None,0.0,ETH-26JUN20-600-P,155.97,0.0,0.01,50.0,0.0,0.0,0.0,0.13246,-0.0464,-2.49598,0.00111,-0.93565
164.98,SYN.ETH-25SEP20,1579863545146,open,0.48,0.0,0.43,0.511,0.470806,87.42,None,0.0,ETH-25SEP20-100-C,155.97,76.54,0.451,51.0,0.497,51.0,101.13,0.3083,-0.05503,0.42501,0.00193,0.85479
157.58,SYN.ETH-28FEB20,1579863545146,open,0.5,1.0,0.477,0.509,0.492844,90.68,0.522,0.0,ETH-28FEB20-80-C,155.97,0.0,0.492,1.0,0.502,44.0,147.64,0.00736,-0.00957,0.07557,0.00034,0.99475
156.29,SYN.ETH-31JAN20,1579863545146,open,0.63,0.0,0.616,0.715,0.6637,126.3,None,0.0,ETH-31JAN20-260-P,155.97,0.0,0.011,3.0,0.0,0.0,0.0,0.00148,-0.01355,-0.04892,0.00025,-0.99781
156.29,SYN.ETH-31JAN20,1579863545146,open,0.0,1600.0,0.001,0.011,0.000262,80.19,0.001,0.0,ETH-31JAN20-120-P,155.97,0.0,0.0,0.0,0.002,311.0,108.67,0.0042,-0.02447,-0.00021,0.00114,-0.00703
164.98,SYN.ETH-25SEP20,1579863545146,open,0.51,0.0,0.442,0.61,0.524747,89.56,None,0.0,ETH-25SEP20-220-P,155.97,0.0,0.0,0.0,0.0,0.0,0.0,0.53892,-0.09855,-1.14551,0.0033,-0.51019
162.17,ETH-26JUN20,1579863546030,open,0.03,793.0,0.009,0.061,0.028083,100.31,0.035,0.0,ETH-26JUN20-440-C,155.99,97.78,0.025,384.0,0.031,120.0,102.59,0.2028,-0.0661,0.05857,0.00182,0.11375
162.17,ETH-26JUN20,1579863546063,open,0.65,3.0,0.622,0.657,0.638796,96.42,0.588,0.0,ETH-26JUN20-60-C,155.99,0.0,0.63,57.0,0.649,56.0,115.94,0.06893,-0.0216,0.22737,0.00064,0.97136
162.17,ETH-26JUN20,1579863546069,open,0.65,3.0,0.622,0.657,0.638796,96.42,0.588,0.0,ETH-26JUN20-60-C,155.99,0.0,0.63,58.0,0.649,56.0,115.94,0.06893,-0.0216,0.22737,0.00064,0.97136
8552.98,BTC-26JUN20,1579863546981,open,1.34,0.1,1.3005,1.429,1.35816666,83.07,1.85,0.0,BTC-26JUN20-20000-P,8228.86,0.0,0.0005,5.0,1.88,0.1,310.09,9.45281,-2.55163,-81.57088,4e-05,-0.90408
8552.98,BTC-26JUN20,1579863530623,open,0.04,367.2,0.024,0.0745,0.04430538,68.47,0.041,0.0,BTC-26JUN20-6000-P,8228.86,66.3,0.041,43.3,0.043,0.1,67.61,13.1719,-2.93036,-7.14746,6e-05,-0.15392
8702.17,SYN.BTC-25SEP20,1579863524389,open,0.07,198.0,0.045,0.1105,0.07221531,69.87,0.066,0.0,BTC-25SEP20-6000-P,8228.86,66.41,0.065,19.3,0.067,0.9,67.38,18.35182,-2.61799,-14.41387,5e-05,-0.17467
8397.04,BTC-27MAR20,1579863491427,open,0.01,1314.7,0.0025,0.0275,0.01207345,65.79,0.0125,0.0,BTC-27MAR20-6000-P,8228.86,64.9,0.0115,24.0,0.0125,1.1,66.44,5.45872,-2.85596,-1.41492,7e-05,-0.08574
8322.11,SYN.BTC-28FEB20,1579863491687,open,0.01,664.4,0.0045,0.031,0.01435699,57.65,0.014,0.0,BTC-28FEB20-7000-P,8228.86,56.42,0.0135,24.0,0.0155,71.0,59.26,5.85235,-4.83736,-1.264,0.00015,-0.1446
8397.12,BTC-27MAR20,1579863526866,open,0.05,649.0,0.03,0.0825,0.05226,61.74,0.051,0.0,BTC-27MAR20-7500-P,8228.86,60.14,0.05,24.3,0.0525,13.5,61.91,11.82565,-5.80641,-4.8737,0.00016,-0.28467
8322.11,SYN.BTC-28FEB20,1579863491414,open,0.01,505.6,0.0005,0.02,0.0075681,61.37,0.007,0.0,BTC-28FEB20-6500-P,8228.86,60.13,0.007,39.0,0.008,30.0,62.29,3.86556,-3.40126,-0.70541,0.0001,-0.08114
8397.04,BTC-27MAR20,1579863528942,open,0.03,1136.8,0.016,0.058,0.03276637,61.79,0.03,0.0,BTC-27MAR20-7000-P,8228.86,61.13,0.032,19.3,0.033,0.2,61.99,9.78873,-4.80998,-3.38259,0.00013,-0.20108
8247.18,SYN.BTC-31JAN20,1579863547638,open,0.03,125.5,0.013,0.0565,0.02610127,47.98,0.0275,0.0,BTC-31JAN20-8250-C,8228.86,50.54,0.0275,5.2,0.028,18.5,51.45,4.51399,-15.75026,0.75342,0.00073,0.51106
8247.18,SYN.BTC-31JAN20,1579863547640,open,0.03,130.7,0.013,0.0565,0.02610127,47.98,0.0275,0.0,BTC-31JAN20-8250-C,8228.86,46.88,0.0255,2.0,0.028,18.5,51.45,4.51399,-15.75026,0.75342,0.00073,0.51106
8247.18,SYN.BTC-31JAN20,1579863547641,open,0.03,130.7,0.013,0.0565,0.02610127,47.98,0.0275,0.0,BTC-31JAN20-8250-C,8228.86,46.88,0.0255,2.0,0.028,25.5,51.45,4.51399,-15.75026,0.75342,0.00073,0.51106
8247.18,SYN.BTC-31JAN20,1579863547652,open,0.03,130.7,0.013,0.0565,0.02610127,47.98,0.0275,0.0,BTC-31JAN20-8250-C,8228.86,46.88,0.0255,2.0,0.0275,13.0,50.54,4.51399,-15.75026,0.75342,0.00073,0.51106
8247.18,SYN.BTC-31JAN20,1579863547655,open,0.03,130.7,0.013,0.0565,0.02610127,47.98,0.0275,0.0,BTC-31JAN20-8250-C,8228.86,46.88,0.0255,2.0,0.028,37.5,51.45,4.51399,-15.75026,0.75342,0.00073,0.51106
157.58,SYN.ETH-28FEB20,1579863547659,open,0.05,1318.0,0.018,0.071,0.042074,73.75,0.045,0.0,ETH-28FEB20-180-C,155.99,71.87,0.04,497.0,0.044,279.0,75.49,0.17406,-0.18404,0.04176,0.00995,0.3194
8247.18,SYN.BTC-31JAN20,1579863547663,open,0.03,130.7,0.013,0.0565,0.02610127,47.98,0.0275,0.0,BTC-31JAN20-8250-C,8228.86,46.88,0.0255,2.0,0.028,36.5,51.45,4.51399,-15.75026,0.75342,0.00073,0.51106
8397.04,BTC-27MAR20,1579863547670,open,0.05,1601.1,0.024,0.076,0.04543983,64.82,0.0465,0.0,BTC-27MAR20-10000-C,8228.86,63.83,0.044,2.0,0.047,38.3,65.9,12.17802,-6.27763,3.73045,0.00015,0.30334
8265.91,SYN.BTC-7FEB20,1579863547673,open,0.04,22.5,0.026,0.0735,0.03799432,47.66,0.0485,0.0,BTC-7FEB20-8250-C,8228.86,46.38,0.037,14.0,0.0395,2.0,49.6,6.41507,-11.01746,1.53596,0.00052,0.52679
158.9,ETH-27MAR20,1579863547673,open,0.03,4424.0,0.009,0.055,0.027657,86.94,0.029,0.0,ETH-27MAR20-240-C,155.99,85.34,0.026,325.0,0.03,824.0,89.17,0.16557,-0.11446,0.0384,0.00438,0.16791
8397.04,BTC-27MAR20,1579863547674,open,0.05,1601.1,0.024,0.076,0.04543983,64.82,0.0465,0.0,BTC-27MAR20-10000-C,8228.86,63.83,0.044,2.0,0.047,51.4,65.9,12.17802,-6.27763,3.73045,0.00015,0.30334
8247.18,SYN.BTC-31JAN20,1579863547675,open,0.08,0.0,0.048,0.095,0.06730115,51.16,None,0.0,BTC-31JAN20-7750-C,8228.86,45.9,0.0655,10.0,0.0735,16.5,66.92,2.9558,-10.99632,1.17151,0.00045,0.82138
157.58,SYN.ETH-28FEB20,1579863547678,open,0.22,1.0,0.191,0.285,0.236729,75.94,0.169,0.0,ETH-28FEB20-190-P,155.99,0.0,0.001,25.0,1.241,5.0,500.0,0.15426,-0.16794,-0.14882,0.00856,-0.75162
156.29,SYN.ETH-31JAN20,1579863547679,open,0.25,349.0,0.209,0.255,0.232449,80.17,0.261,0.0,ETH-31JAN20-120-C,155.99,0.0,0.218,32.0,0.248,32.0,180.43,0.00419,-0.02443,0.02239,0.00114,0.99298
157.58,SYN.ETH-28FEB20,1579863547684,open,0.04,1682.0,0.011,0.057,0.031024,75.94,0.035,0.0,ETH-28FEB20-190-C,155.99,74.89,0.03,1.0,0.033,497.0,77.94,0.15426,-0.16794,0.03273,0.00856,0.24838
157.58,SYN.ETH-28FEB20,1579863547686,open,0.22,1.0,0.191,0.285,0.236729,75.94,0.169,0.0,ETH-28FEB20-190-P,155.99,0.0,0.001,25.0,1.241,20.0,500.0,0.15426,-0.16794,-0.14882,0.00856,-0.75162
8265.91,SYN.BTC-7FEB20,1579863547693,open,0.04,22.5,0.026,0.0735,0.03799432,47.66,0.0485,0.0,BTC-7FEB20-8250-C,8228.86,46.38,0.037,20.5,0.0395,2.0,49.6,6.41507,-11.01746,1.53596,0.00052,0.52679
162.17,ETH-26JUN20,1579863547694,open,0.54,0.0,0.503,0.555,0.52866,89.96,None,0.0,ETH-26JUN20-80-C,155.99,58.77,0.51,50.0,0.548,50.0,110.33,0.13601,-0.03976,0.27676,0.00136,0.93342
8247.18,SYN.BTC-31JAN20,1579863547695,open,0.08,0.0,0.048,0.095,0.06730115,51.16,None,0.0,BTC-31JAN20-7750-C,8228.86,45.9,0.0655,15.0,0.0735,16.5,66.92,2.9558,-10.99632,1.17151,0.00045,0.82138
8247.18,SYN.BTC-31JAN20,1579863547841,open,0.08,0.0,0.048,0.095,0.06730115,51.16,None,0.0,BTC-31JAN20-7750-C,8228.86,48.88,0.0665,1.5,0.0735,16.5,66.92,2.9558,-10.99632,1.17151,0.00045,0.82138
156.63,SYN.ETH-7FEB20,1579863547919,open,0.2,0.0,0.181,0.262,0.219486,73.43,None,0.0,ETH-7FEB20-190-P,155.99,0.0,0.0,0.0,0.336,1.0,250.39,0.05389,-0.1426,-0.06661,0.00787,-0.89925
8702.29,SYN.BTC-25SEP20,1579863547989,open,1.33,0.1,1.278,1.4305,1.34604186,80.64,1.21,0.0,BTC-25SEP20-20000-P,8228.86,0.0,0.0,0.0,1.35,0.4,82.47,18.45795,-3.03903,-126.67803,5e-05,-0.82373
8702.29,SYN.BTC-25SEP20,1579863547989,open,2.67,0.0,2.612,2.799,2.6966103,88.81,None,0.0,BTC-25SEP20-32000-P,8228.86,0.0,0.0,0.0,0.0,0.0,0.0,10.28297,-1.86474,-211.33003,2e-05,-0.92311
162.17,ETH-26JUN20,1579863547996,open,0.19,3510.0,0.13,0.237,0.18355,87.01,0.202,0.0,ETH-26JUN20-180-C,155.99,85.24,0.179,10.0,0.188,447.0,88.74,0.41806,-0.1182,0.24299,0.00433,0.53897
158.9,ETH-27MAR20,1579863548040,open,0.2,667.0,0.151,0.231,0.192137,79.88,0.187,0.0,ETH-27MAR20-140-C,155.99,76.27,0.187,20.0,0.196,551.0,82.59,0.22646,-0.14386,0.14122,0.00652,0.70806
156.31,SYN.ETH-31JAN20,1579863548040,open,0.0,2871.0,0.001,0.011,0.000374,76.42,0.001,0.0,ETH-31JAN20-200-C,155.99,0.0,0.0,0.0,0.002,544.0,98.03,0.00611,-0.03395,0.00031,0.00174,0.01079
162.17,ETH-26JUN20,1579863548042,open,0.08,894.0,0.037,0.125,0.076907,93.02,0.08,0.0,ETH-26JUN20-280-C,155.99,92.14,0.075,1.0,0.079,140.0,93.99,0.35039,-0.10591,0.13441,0.0034,0.2735
157.6,SYN.ETH-28FEB20,1579863548042,open,0.02,43.0,0.005,0.038,0.017277,80.02,0.02,0.0,ETH-28FEB20-210-C,155.99,78.22,0.016,265.0,0.019,475.0,82.37,0.11356,-0.13028,0.01998,0.00598,0.14994
8247.26,SYN.BTC-31JAN20,1579863548044,open,0.04,430.0,0.026,0.0745,0.04533602,49.16,0.043,0.0,BTC-31JAN20-8500-P,8228.86,44.46,0.043,1.0,0.0445,2.0,47.49,4.14554,-14.82016,-1.09646,0.00066,-0.66043
165.0,SYN.ETH-25SEP20,1579863548046,open,0.06,84.0,0.024,0.109,0.059728,100.08,0.06,0.0,ETH-25SEP20-480-C,155.99,98.36,0.056,298.0,0.064,100.0,102.0,0.36193,-0.07396,0.13976,0.00198,0.18598
157.6,SYN.ETH-28FEB20,1579863548050,open,0.12,184.0,0.077,0.146,0.112046,71.43,0.142,0.0,ETH-28FEB20-150-C,155.99,68.82,0.109,164.0,0.115,20.0,73.96,0.18379,-0.18821,0.07814,0.01084,0.63095
156.31,SYN.ETH-31JAN20,1579863548071,open,0.12,1280.0,0.08,0.139,0.108991,66.04,0.14,0.0,ETH-31JAN20-140-C,155.99,57.02,0.107,80.0,0.113,60.0,80.24,0.03865,-0.18561,0.02318,0.01272,0.89634
165.0,SYN.ETH-25SEP20,1579863548073,open,0.07,46.0,0.029,0.12,0.068536,98.84,0.075,0.0,ETH-25SEP20-440-C,155.99,96.89,0.064,296.0,0.073,100.0,100.71,0.38939,-0.07858,0.15648,0.00216,0.2099
8322.11,SYN.BTC-28FEB20,1579863548105,open,0.04,312.2,0.02,0.0645,0.03901562,56.66,0.04,0.0,BTC-28FEB20-9000-C,8228.86,54.91,0.037,20.5,0.041,46.3,58.37,9.62033,-7.81494,2.54921,0.00026,0.3596
158.9,ETH-27MAR20,1579863548123,open,0.0,2393.0,0.001,0.011,0.001795,121.01,0.003,0.0,ETH-27MAR20-560-C,155.99,113.54,0.001,199.0,0.003,435.0,128.69,0.0206,-0.01983,0.00279,0.00039,0.012
158.9,ETH-27MAR20,1579863548126,open,0.03,1677.0,0.014,0.061,0.034227,82.5,0.032,0.0,ETH-27MAR20-120-P,155.99,80.28,0.032,25.0,0.036,319.0,84.24,0.16098,-0.10562,-0.05338,0.00449,-0.16079
