underlying_price,underlying_index,timestamp,state,settlement_price,open_interest,min_price,max_price,mark_price,mark_iv,last_price,interest_rate,instrument_name,index_price,bid_iv,best_bid_price,best_bid_amount,best_ask_price,best_ask_amount,ask_iv,vega,theta,rho,gamma,delta
235.39,SYN.ETH-25SEP20,1583319540191,open,2.53,0.0,2.473,2.731,2.593928,100.56,None,0.0,ETH-25SEP20-840-P,223.18,0.0,0.0,0.0,0.0,0.0,0.0,0.2976,-0.07304,-4.62324,0.00095,-0.90521
235.39,SYN.ETH-25SEP20,1583319540333,open,1.71,0.0,1.6585,1.8785,1.761959,96.37,None,0.0,ETH-25SEP20-640-P,223.18,0.0,0.0,0.0,0.0,0.0,0.0,0.41637,-0.09793,-3.44729,0.00139,-0.84715
235.39,SYN.ETH-25SEP20,1583319540363,open,2.04,0.0,1.983,2.218,2.093259,98.31,None,0.0,ETH-25SEP20-720-P,223.18,0.0,0.0,0.0,0.0,0.0,0.0,0.36336,-0.08718,-3.9216,0.00119,-0.87484
9091.48,BTC-26JUN20,1583319540446,open,0.04,455.1,0.0235,0.0725,0.04318207,64.73,0.0425,0.0,BTC-26JUN20-7000-P,8736.57,63.93,0.042,43.5,0.044,1.0,65.28,13.46554,-3.82716,-6.41671,8e-05,-0.18304
235.39,SYN.ETH-25SEP20,1583319540580,open,2.36,0.0,2.3095,2.5595,2.426562,99.82,None,0.0,ETH-25SEP20-800-P,223.18,0.0,0.0,0.0,0.0,0.0,0.0,0.31733,-0.07731,-4.39061,0.00102,-0.89651
8737.54,SYN.BTC-5MAR20,1583319540695,open,0.01,27.2,0.0005,0.029,0.00962589,45.49,0.008,0.0,BTC-5MAR20-8750-P,8736.57,37.15,0.008,45.5,0.0105,24.0,49.96,1.70499,-38.77641,-0.11125,0.00205,-0.52107
8739.78,SYN.BTC-6MAR20,1583319540707,open,0.0,474.9,0.0005,0.0135,0.00194238,60.07,0.003,0.0,BTC-6MAR20-9250-C,8736.57,56.27,0.0015,65.8,0.0025,40.0,64.33,1.07916,-16.97596,0.04291,0.00046,0.09748
9091.38,BTC-26JUN20,1583319540709,open,0.08,139.4,0.051,0.1225,0.08178576,68.06,0.0845,0.0,BTC-26JUN20-11000-C,8736.6,67.22,0.08,42.7,0.0835,29.6,68.87,19.30084,-5.76769,8.39661,0.00011,0.37782
8788.07,BTC-27MAR20,1583319540709,open,0.3,0.0,0.2855,0.3495,0.31475396,72.07,None,0.0,BTC-27MAR20-11500-P,8736.6,0.0,0.1865,5.0,0.4115,5.0,197.67,3.29233,-5.18648,-6.79687,9e-05,-0.9193
8788.07,BTC-27MAR20,1583319540709,open,0.19,0.0,0.178,0.2405,0.20684408,64.52,None,0.0,BTC-27MAR20-10500-P,8736.6,0.0,0.079,5.0,0.3045,5.0,176.66,5.21076,-7.34802,-5.8011,0.00017,-0.84642
8788.07,BTC-27MAR20,1583319540709,open,0.01,87.7,0.0005,0.019,0.00597856,71.58,0.0065,0.0,BTC-27MAR20-11500-C,8736.6,70.26,0.0055,101.8,0.0065,1.0,72.96,3.24237,-5.07287,0.40265,9e-05,0.07908
8788.07,BTC-27MAR20,1583319540709,open,0.03,362.0,0.0135,0.0535,0.02796935,57.79,0.0285,0.0,BTC-27MAR20-9500-C,8736.6,56.7,0.027,17.0,0.029,72.2,58.94,7.87354,-9.94516,1.61159,0.00028,0.32057
8788.07,BTC-27MAR20,1583319540709,open,0.1,76.2,0.083,0.1435,0.10913164,57.96,0.103,0.0,BTC-27MAR20-9500-P,8736.6,55.57,0.107,4.0,0.11,4.0,58.92,7.88006,-9.98248,-4.33968,0.00028,-0.67879
8788.07,BTC-27MAR20,1583319540709,open,0.01,354.1,0.002,0.029,0.01187524,64.23,0.012,0.0,BTC-27MAR20-10500-C,8736.6,62.73,0.011,75.0,0.0125,71.9,65.28,5.18306,-7.27692,0.77373,0.00017,0.15235
9091.38,BTC-26JUN20,1583319540709,open,0.46,0.0,0.4325,0.5355,0.47897743,72.23,None,0.0,BTC-26JUN20-13000-P,8736.6,0.0,0.0005,0.1,2.0,0.1,500.0,16.02481,-5.08192,-34.9509,9e-05,-0.75325
9091.38,BTC-26JUN20,1583319540709,open,0.28,0.0,0.2475,0.3445,0.29182158,68.11,None,0.0,BTC-26JUN20-11000-P,8736.6,0.0,0.0005,0.1,1.479,4.0,500.0,19.30367,-5.77247,-25.91981,0.00011,-0.62201
8788.07,BTC-27MAR20,1583319540709,open,0.02,1746.6,0.0095,0.0445,0.02028913,56.29,0.02,0.0,BTC-27MAR20-8000-P,8736.6,54.59,0.019,86.5,0.021,10.0,57.22,6.6887,-8.22949,-1.38134,0.00025,-0.23051
9091.38,BTC-26JUN20,1583319540709,open,0.08,611.5,0.054,0.121,0.08301842,64.7,0.0815,0.0,BTC-26JUN20-8000-P,8736.6,63.14,0.08,21.5,0.082,10.0,64.18,17.56141,-4.9892,-10.76407,0.00011,-0.29648
8880.38,SYN.BTC-24APR20,1583319540709,open,0.03,79.2,0.013,0.055,0.02922851,66.18,0.029,0.0,BTC-24APR20-11000-C,8736.57,65.53,0.0285,16.6,0.03,45.6,66.86,10.0379,-6.52875,2.47035,0.00014,0.22881
8880.38,SYN.BTC-24APR20,1583319540709,open,0.0,161.4,0.0005,0.016,0.00397243,104.66,0.0035,0.0,BTC-24APR20-20000-C,8736.6,102.72,0.0035,32.0,0.0045,37.0,106.67,2.24935,-2.31376,0.32087,2e-05,0.0299
8788.1,BTC-27MAR20,1583319540711,open,0.47,3.0,0.4515,0.5205,0.48295716,86.57,0.33,0.0,BTC-27MAR20-13000-P,8736.6,0.0,0.353,5.0,0.5785,5.0,227.95,2.07523,-3.9268,-7.92145,5e-05,-0.95527
9091.38,BTC-26JUN20,1583319540711,open,1.19,0.1,1.1625,1.2795,1.21502157,86.52,1.85,0.0,BTC-26JUN20-20000-P,8736.6,0.0,0.001,2.0,2.0,0.1,500.0,7.71312,-2.93022,-60.49237,3e-05,-0.91769
9278.54,SYN.BTC-25SEP20,1583319540711,open,1.61,9.0,1.5485,1.6985,1.61534979,84.52,1.59,0.0,BTC-25SEP20-24000-P,8736.6,0.0,0.33,1.0,3.0,0.1,500.0,13.75647,-2.83765,-130.05454,3e-05,-0.88182
9091.38,BTC-26JUN20,1583319540712,open,0.77,7.0,0.7385,0.846,0.78638311,78.36,0.79,0.0,BTC-26JUN20-16000-P,8736.6,0.0,0.001,4.0,2.0,0.1,500.0,11.39592,-3.92075,-46.64965,6e-05,-0.85829
8788.1,BTC-27MAR20,1583319540712,open,0.0,242.0,0.0005,0.0105,2.32e-06,112.98,0.0005,0.0,BTC-27MAR20-28000-C,8736.6,0.0,0.0,0.0,0.001,69.0,175.54,0.00351,-0.00868,0.0002,0.0,4e-05
8788.1,BTC-27MAR20,1583319540713,open,0.03,1294.6,0.0235,0.071,0.04038784,56.28,0.0365,0.0,BTC-27MAR20-8500-P,8736.6,53.77,0.038,1.5,0.0405,82.1,56.4,8.37293,-10.30005,-2.31218,0.00031,-0.37941
9324.7,BTC-25SEP20,1583319540713,open,0.07,312.1,0.0455,0.111,0.07317973,65.87,0.066,0.0,BTC-25SEP20-7000-P,8736.6,64.37,0.07,6.4,0.074,6.4,66.26,19.78534,-3.1808,-14.50191,6e-05,-0.20389
9091.41,BTC-26JUN20,1583319540714,open,0.21,256.8,0.1695,0.2415,0.20299237,64.67,0.2005,0.0,BTC-26JUN20-8000-C,8736.6,62.6,0.199,29.7,0.2055,34.2,65.96,17.56043,-4.98599,14.19815,0.00011,0.70356
8739.78,SYN.BTC-6MAR20,1583319540712,open,0.0,356.8,0.0005,0.0105,2.42e-06,96.3,0.0005,0.0,BTC-6MAR20-11250-C,8736.6,0.0,0.0,0.0,0.0005,0.1,155.01,0.00353,-0.02117,6e-05,0.0,0.00015
8880.38,SYN.BTC-24APR20,1583319540709,open,0.79,0.0,0.7685,0.8555,0.80804652,87.91,None,0.0,BTC-24APR20-16000-P,8736.6,0.0,0.6995,5.0,0.8995,5.0,184.87,3.50484,-3.02798,-21.74154,4e-05,-0.94843
8880.38,SYN.BTC-24APR20,1583319540709,open,1.23,0.0,1.209,1.312,1.25623854,105.09,None,0.0,BTC-24APR20-20000-P,8736.6,0.0,1.145,5.0,1.3455,5.0,215.04,2.28883,-2.36401,-27.54973,2e-05,-0.96947
8880.38,SYN.BTC-24APR20,1583319540709,open,0.01,351.7,0.0005,0.0205,0.00623364,87.68,0.0065,0.0,BTC-24APR20-16000-C,8736.6,85.74,0.0055,70.0,0.007,35.3,89.58,3.47651,-2.99589,0.55474,4e-05,0.05105
8755.49,SYN.BTC-13MAR20,1583319540709,open,0.02,184.4,0.008,0.0475,0.01931507,51.89,0.017,0.0,BTC-13MAR20-8500-P,8736.6,49.58,0.018,35.2,0.0205,33.6,53.95,5.015,-14.65892,-0.7697,0.00052,-0.3422
8739.78,SYN.BTC-6MAR20,1583319540713,open,0.13,88.2,0.122,0.1725,0.14495886,97.41,0.108,0.0,BTC-6MAR20-10000-P,8736.6,0.0,0.124,5.0,0.153,5.0,169.79,0.41574,-10.79508,-0.50116,0.00011,-0.97089
8739.78,SYN.BTC-6MAR20,1583319540725,open,0.0,474.9,0.0005,0.0135,0.00194238,60.07,0.003,0.0,BTC-6MAR20-9250-C,8736.6,56.27,0.0015,65.7,0.0025,40.0,64.33,1.07916,-16.97596,0.04291,0.00046,0.09748
9324.7,BTC-25SEP20,1583319540730,open,0.17,482.9,0.1325,0.2265,0.17451879,65.85,0.1645,0.0,BTC-25SEP20-9000-P,8736.6,65.31,0.173,4.0,0.174,10.0,65.67,26.49196,-4.2574,-28.76424,8e-05,-0.37505
235.39,SYN.ETH-25SEP20,1583319540742,open,2.69,0.0,2.6365,2.9025,2.761344,101.03,None,0.0,ETH-25SEP20-880-P,223.18,0.0,0.0,0.0,0.0,0.0,0.0,0.27766,-0.06846,-4.8556,0.00088,-0.91366
229.71,ETH-26JUN20,1583319540782,open,0.5,303.0,0.4685,0.518,0.492857,88.17,0.608,0.0,ETH-26JUN20-120-C,223.18,46.84,0.478,29.0,0.5175,28.0,118.48,0.15049,-0.05826,0.3213,0.00104,0.94118
8737.54,SYN.BTC-5MAR20,1583319540985,open,0.01,27.2,0.0005,0.029,0.00960342,45.49,0.008,0.0,BTC-5MAR20-8750-P,8736.6,37.15,0.008,25.5,0.0105,24.0,49.96,1.70499,-38.77641,-0.11125,0.00205,-0.52107
8755.49,SYN.BTC-13MAR20,1583319453441,open,0.0,333.5,0.0005,0.011,0.00144013,76.6,0.001,0.0,BTC-13MAR20-11000-C,8736.6,72.25,0.001,41.8,0.002,60.0,81.12,0.98263,-4.24046,0.06529,7e-05,0.03211
8755.49,SYN.BTC-13MAR20,1583319414121,open,0.0,387.7,0.0005,0.0165,0.00419776,62.73,0.0035,0.0,BTC-13MAR20-10000-C,8736.6,59.99,0.0035,60.8,0.005,60.0,65.67,2.31026,-8.1642,0.19365,0.0002,0.09515
8755.49,SYN.BTC-13MAR20,1583319414314,open,0.0,185.7,0.0005,0.012,0.00248464,64.47,0.002,0.0,BTC-13MAR20-7500-P,8736.6,61.53,0.002,77.9,0.003,40.1,67.24,1.53913,-5.58971,-0.12438,0.00013,-0.05593
8755.49,SYN.BTC-13MAR20,1583319462474,open,0.01,222.9,0.0005,0.0235,0.00676045,56.71,0.0055,0.0,BTC-13MAR20-8000-P,8736.6,54.49,0.006,46.0,0.0075,60.0,58.74,3.09033,-9.87232,-0.31996,0.00029,-0.14351
8755.49,SYN.BTC-13MAR20,1583319414093,open,0.0,34.9,0.0005,0.0115,0.00195329,74.19,0.0015,0.0,BTC-13MAR20-10750-C,8736.6,70.78,0.0015,0.4,0.0025,70.1,77.76,1.24927,-5.22109,0.08755,9e-05,0.04307
8755.49,SYN.BTC-13MAR20,1583319501657,open,0.0,103.0,0.0005,0.012,0.00218471,68.81,0.002,0.0,BTC-13MAR20-10500-C,8736.6,64.15,0.0015,87.1,0.003,60.1,73.41,1.42043,-5.50634,0.10297,0.00011,0.05055
8755.49,SYN.BTC-13MAR20,1583319492166,open,0.01,182.9,0.0015,0.034,0.01128627,53.46,0.0105,0.0,BTC-13MAR20-8250-P,8736.6,51.74,0.0105,32.0,0.012,24.0,54.95,4.09608,-12.33621,-0.50337,0.00041,-0.22513
8755.49,SYN.BTC-13MAR20,1583319414122,open,0.0,300.1,0.0005,0.0105,0.00090811,76.97,0.001,0.0,BTC-13MAR20-11250-C,8736.6,70.83,0.0005,86.0,0.0015,50.1,83.27,0.69599,-3.0179,0.04332,5e-05,0.02125
8755.49,SYN.BTC-13MAR20,1583319414313,open,0.0,78.3,0.0005,0.011,0.00145652,68.08,0.001,0.0,BTC-13MAR20-7250-P,8736.6,63.7,0.001,82.9,0.002,42.1,72.31,1.02012,-3.9123,-0.07464,8e-05,-0.0336
8755.49,SYN.BTC-13MAR20,1583319501765,open,0.01,100.4,0.0035,0.037,0.01348783,54.17,0.0135,0.0,BTC-13MAR20-9250-C,8736.6,52.27,0.0125,48.0,0.0145,20.0,56.14,4.52721,-13.81575,0.54944,0.00045,0.27154
8755.49,SYN.BTC-13MAR20,1583319472819,open,0.01,268.1,0.0005,0.0205,0.00585179,59.16,0.0055,0.0,BTC-13MAR20-9750-C,8736.6,56.53,0.005,65.7,0.0065,60.1,61.08,2.90903,-9.69546,0.26721,0.00026,0.13135
8755.49,SYN.BTC-13MAR20,1583319414311,open,0.0,89.6,0.0005,0.0105,0.00092,72.69,0.0015,0.0,BTC-13MAR20-7000-P,8736.6,66.32,0.0005,84.0,0.0015,40.1,78.94,0.69289,-2.83742,-0.04697,5e-05,-0.02114
8755.49,SYN.BTC-13MAR20,1583319533759,open,0.02,184.4,0.008,0.0475,0.01929636,51.89,0.017,0.0,BTC-13MAR20-8500-P,8736.6,49.58,0.018,35.2,0.0205,33.6,53.95,5.015,-14.65892,-0.7697,0.00052,-0.3422
8880.38,SYN.BTC-24APR20,1583319414217,open,0.05,80.3,0.027,0.079,0.04921954,63.27,0.05,0.0,BTC-24APR20-10000-C,8736.6,62.77,0.0485,1.0,0.05,45.6,63.85,12.28407,-7.63893,3.72687,0.00018,0.35029
8880.38,SYN.BTC-24APR20,1583319414524,open,0.01,78.7,0.0035,0.033,0.01347348,75.05,0.0135,0.0,BTC-24APR20-13000-C,8736.6,74.38,0.013,6.0,0.014,52.0,75.79,6.2834,-4.63437,1.20988,8e-05,0.11121
8880.38,SYN.BTC-24APR20,1583319414558,open,0.02,150.7,0.0065,0.0405,0.01845946,69.74,0.0195,0.0,BTC-24APR20-12000-C,8736.6,68.64,0.0175,40.5,0.0195,52.0,70.91,7.81248,-5.35437,1.65807,0.0001,0.15241
8880.38,SYN.BTC-24APR20,1583319414159,open,0.0,119.5,0.0005,0.013,0.00267521,116.49,0.003,0.0,BTC-24APR20-24000-C,8736.6,112.25,0.002,72.0,0.0035,76.0,120.78,1.55667,-1.78208,0.20565,1e-05,0.01929
8881.4,SYN.BTC-24APR20,1583319414213,open,0.01,351.7,0.0005,0.0205,0.00623557,87.68,0.0065,0.0,BTC-24APR20-16000-C,8736.6,85.73,0.0055,70.0,0.007,35.3,89.56,3.47785,-2.99677,0.555,4e-05,0.05107
8880.38,SYN.BTC-24APR20,1583319414347,open,0.01,98.2,0.0005,0.0175,0.00623898,69.97,0.006,0.0,BTC-24APR20-6000-P,8736.6,68.03,0.0055,52.0,0.007,54.4,71.84,3.49509,-2.40351,-0.71341,5e-05,-0.05139
9324.7,BTC-25SEP20,1583319429021,open,0.12,438.1,0.0805,0.1715,0.12004519,70.3,0.119,0.0,BTC-25SEP20-12000-C,8736.6,69.1,0.1165,31.6,0.1235,31.6,71.5,27.23053,-4.6721,15.42245,8e-05,0.41468
8880.38,SYN.BTC-24APR20,1583317466865,open,0.0,772.2,0.0005,0.0115,0.00195246,125.93,0.002,0.0,BTC-24APR20-28000-C,8736.6,122.14,0.0015,252.0,0.0025,51.0,129.78,1.1572,-1.43222,0.14473,1e-05,0.01364
9091.41,BTC-26JUN20,1583319462560,open,0.08,139.4,0.051,0.1225,0.08180862,68.07,0.0845,0.0,BTC-26JUN20-11000-C,8736.6,67.22,0.08,42.7,0.0835,29.6,68.87,19.30158,-5.76878,8.39721,0.00011,0.37786
9324.7,BTC-25SEP20,1583319219655,open,0.04,316.0,0.018,0.0815,0.04102067,79.99,0.042,0.0,BTC-25SEP20-20000-C,8736.6,79.18,0.0395,24.0,0.0425,26.3,80.79,17.3511,-3.3874,6.4969,4e-05,0.16514
8880.38,SYN.BTC-24APR20,1583319462542,open,0.15,21.0,0.117,0.1755,0.14440717,60.84,0.1445,0.0,BTC-24APR20-8000-C,8736.6,57.75,0.1405,35.5,0.147,24.0,62.9,11.22277,-6.71015,7.0848,0.00017,0.71675
9324.7,BTC-25SEP20,1583319241440,open,0.26,104.7,0.2225,0.3055,0.26050438,65.84,0.253,0.0,BTC-25SEP20-8000-C,8736.6,64.29,0.2565,18.4,0.266,26.4,68.0,23.86217,-3.83433,23.59746,7e-05,0.71133
9324.7,BTC-25SEP20,1583319219611,open,0.06,422.5,0.0345,0.111,0.06501218,75.24,0.063,0.0,BTC-25SEP20-16000-C,8736.6,74.19,0.0625,28.4,0.0675,24.8,76.29,22.17834,-4.07255,9.65904,6e-05,0.24954
9324.7,BTC-25SEP20,1583319435225,open,0.17,368.2,0.1305,0.2225,0.17226324,67.38,0.1715,0.0,BTC-25SEP20-10000-C,8736.6,66.63,0.17,12.9,0.1745,0.1,68.15,27.69016,-4.55366,19.52941,8e-05,0.54535
9324.7,BTC-25SEP20,1583319462768,open,0.21,152.2,0.1685,0.2575,0.2092635,65.81,0.205,0.0,BTC-25SEP20-9000-C,8736.6,65.38,0.208,19.6,0.2145,19.6,67.67,26.49276,-4.25522,21.75648,8e-05,0.62492
9091.41,BTC-26JUN20,1583319417496,open,0.21,256.8,0.1695,0.2415,0.20303173,64.69,0.2005,0.0,BTC-26JUN20-8000-C,8736.6,62.6,0.199,29.7,0.2055,34.2,65.96,17.56094,-4.98771,14.1965,0.00011,0.70354
9091.41,BTC-26JUN20,1583319414230,open,0.01,410.3,0.0005,0.0245,0.00698227,102.95,0.007,0.0,BTC-26JUN20-30000-C,8736.6,100.66,0.006,65.0,0.008,78.0,105.11,4.09118,-1.84927,0.84667,2e-05,0.03683
8788.07,BTC-27MAR20,1583319414181,open,0.01,1136.7,0.0005,0.0235,0.0084912,68.36,0.0085,0.0,BTC-27MAR20-11000-C,8736.6,67.33,0.008,10.0,0.009,72.0,69.45,4.1379,-6.18235,0.55937,0.00013,0.11004
9278.54,SYN.BTC-25SEP20,1583319328136,open,0.03,113.6,0.0105,0.0645,0.02873596,84.52,0.026,0.0,BTC-25SEP20-24000-C,8736.6,83.68,0.0275,25.0,0.03,29.0,85.37,13.75647,-2.83765,4.65824,3e-05,0.11818
9091.38,BTC-26JUN20,1583319501692,open,0.04,976.1,0.018,0.0735,0.03895951,74.16,0.0375,0.0,BTC-26JUN20-14000-C,8736.6,73.23,0.0375,45.1,0.0405,49.5,75.14,14.29365,-4.65413,4.61944,7e-05,0.20181
9324.7,BTC-25SEP20,1583319417693,open,0.14,272.4,0.1015,0.194,0.14285601,68.8,0.146,0.0,BTC-25SEP20-11000-C,8736.6,67.85,0.14,24.2,0.146,24.2,69.86,27.81542,-4.67008,17.38305,8e-05,0.47494
8788.07,BTC-27MAR20,1583319501696,open,0.03,362.0,0.0135,0.0535,0.02801005,57.79,0.0285,0.0,BTC-27MAR20-9500-C,8736.6,56.7,0.027,17.0,0.029,72.2,58.94,7.87354,-9.94516,1.61159,0.00028,0.32057
8737.54,SYN.BTC-5MAR20,1583319462196,open,0.0,93.2,0.0005,0.0205,0.0042972,48.3,0.0035,0.0,BTC-5MAR20-8625-P,8736.6,43.36,0.0035,0.2,0.005,53.0,52.38,1.45982,-35.25774,-0.06124,0.00165,-0.28783
8788.1,BTC-27MAR20,1583316344768,open,0.0,242.0,0.0005,0.0105,2.32e-06,112.99,0.0005,0.0,BTC-27MAR20-28000-C,8736.6,0.0,0.0,0.0,0.001,69.0,175.54,0.00352,-0.00869,0.0002,0.0,4e-05
9091.41,BTC-26JUN20,1583319414227,open,0.01,1129.4,0.0005,0.0285,0.00894583,97.11,0.008,0.0,BTC-26JUN20-26000-C,8736.6,95.36,0.008,32.0,0.01,77.4,98.95,5.05773,-2.1566,1.10396,2e-05,0.04786
8788.1,BTC-27MAR20,1583319414330,open,0.0,571.5,0.0005,0.012,0.00247084,69.3,0.0025,0.0,BTC-27MAR20-6500-P,8736.6,66.62,0.002,99.0,0.003,32.1,71.92,1.65935,-2.51333,-0.20081,5e-05,-0.03398
8788.07,BTC-27MAR20,1583319501670,open,0.01,87.7,0.0005,0.019,0.00598881,71.58,0.0065,0.0,BTC-27MAR20-11500-C,8736.6,70.26,0.0055,101.8,0.0065,1.0,72.96,3.24237,-5.07287,0.40265,9e-05,0.07908
8737.54,SYN.BTC-5MAR20,1583318464188,open,0.0,15.8,0.0005,0.011,0.00091034,59.67,0.0015,0.0,BTC-5MAR20-9125-C,8736.6,52.59,0.0005,72.2,0.0015,40.0,67.52,0.57967,-7.92273,0.01465,0.00053,0.0708
8788.07,BTC-27MAR20,1583319414147,open,0.0,2165.6,0.0005,0.011,0.00144119,105.69,0.0015,0.0,BTC-27MAR20-16000-C,8736.6,100.88,0.001,78.3,0.002,73.8,110.56,0.90374,-2.08774,0.0829,2e-05,0.01649
8788.1,BTC-27MAR20,1583319414196,open,0.0,1337.7,0.0005,0.014,0.0034776,85.66,0.0035,0.0,BTC-27MAR20-13000-C,8736.6,83.5,0.003,32.0,0.004,74.5,87.88,2.00417,-3.75235,0.21682,5e-05,0.04284
9091.38,BTC-26JUN20,1583319501672,open,0.02,610.0,0.0065,0.046,0.01930265,82.39,0.0195,0.0,BTC-26JUN20-18000-C,8736.6,81.09,0.018,65.4,0.0205,57.0,83.56,9.22687,-3.33784,2.42782,4e-05,0.10489
8739.78,SYN.BTC-6MAR20,1583319414071,open,0.0,286.8,0.0005,0.0105,0.00026703,96.29,0.0005,0.0,BTC-6MAR20-10250-C,8736.6,0.0,0.0,0.0,0.001,85.0,116.95,0.18812,-2.32861,0.00503,5e-05,0.01147
223.51,SYN.ETH-13MAR20,1583319516202,open,0.07,12.0,0.027,0.091,0.058549,81.56,0.081,0.0,ETH-13MAR20-220-C,223.18,75.75,0.055,217.0,0.061,402.0,85.57,0.13661,-0.62769,0.02805,0.01379,0.57458
235.39,SYN.ETH-25SEP20,1583318557409,open,0.02,419.0,0.007,0.0365,0.018722,87.77,0.0155,0.0,ETH-25SEP20-100-P,223.18,84.88,0.0165,300.0,0.021,250.0,90.58,0.18616,-0.03987,-0.09275,0.00068,-0.05148
8788.1,BTC-27MAR20,1583319414194,open,0.0,2369.2,0.0005,0.012,0.00246734,92.89,0.0025,0.0,BTC-27MAR20-14000-C,8736.6,89.96,0.002,72.0,0.003,74.4,95.88,1.48215,-3.00936,0.1497,3e-05,0.02964
8788.07,BTC-27MAR20,1583319414145,open,0.0,869.4,0.0005,0.0115,0.0019577,100.38,0.002,0.0,BTC-27MAR20-15000-C,8736.6,96.7,0.0015,33.0,0.0025,74.8,104.11,1.18321,-2.59599,0.11396,2e-05,0.02265
8739.78,SYN.BTC-6MAR20,1583319417706,open,0.36,32.2,0.3465,0.402,0.37303249,151.1,0.3895,0.0,BTC-6MAR20-12000-P,8736.6,0.0,0.362,2.9,0.3805,2.9,297.01,0.04036,-1.62541,-0.61578,1e-05,-0.99796
9324.7,BTC-25SEP20,1583319455015,open,0.05,178.4,0.024,0.094,0.05076984,77.65,0.05,0.0,BTC-25SEP20-18000-C,8736.6,76.81,0.049,29.4,0.0525,25.6,78.47,19.58998,-3.71234,7.83965,5e-05,0.20054
8788.07,BTC-27MAR20,1583319501715,open,0.01,354.1,0.002,0.029,0.01189185,64.23,0.012,0.0,BTC-27MAR20-10500-C,8736.6,62.73,0.011,75.0,0.0125,71.9,65.28,5.18306,-7.27692,0.77373,0.00017,0.15235
9091.38,BTC-26JUN20,1583319415789,open,0.02,537.0,0.01,0.0565,0.02633831,78.24,0.0255,0.0,BTC-26JUN20-16000-C,8736.6,77.17,0.025,53.7,0.0275,57.0,79.17,11.36893,-3.90575,3.25849,6e-05,0.14121
225.78,SYN.ETH-24APR20,1583319479772,open,0.05,84.0,0.017,0.075,0.042426,89.9,0.047,0.0,ETH-24APR20-300-C,223.18,88.26,0.0405,289.0,0.0445,192.0,91.64,0.26704,-0.23593,0.06487,0.00418,0.24855
8788.07,BTC-27MAR20,1583319414318,open,0.0,1412.0,0.0005,0.011,0.00135905,76.46,0.0015,0.0,BTC-27MAR20-6000-P,8736.6,72.94,0.001,72.4,0.002,73.8,81.48,0.989,-1.65272,-0.10843,3e-05,-0.01833
8788.07,BTC-27MAR20,1583319263131,open,0.0,1389.6,0.0005,0.0105,2.94e-06,83.82,0.0005,0.0,BTC-27MAR20-4000-P,8736.6,0.0,0.0,0.0,0.0005,49.9,128.29,0.00518,-0.00949,-0.00033,0.0,-6e-05
8737.54,SYN.BTC-5MAR20,1583317473625,open,0.0,34.8,0.0005,0.0115,0.00094636,59.83,0.001,0.0,BTC-5MAR20-8375-P,8736.6,52.05,0.0005,73.0,0.0015,40.1,67.12,0.58756,-8.2999,-0.0153,0.00054,-0.07206
223.51,SYN.ETH-13MAR20,1583318315247,open,0.0,5.0,0.0005,0.0105,0.000421,108.31,0.001,0.0,ETH-13MAR20-150-P,223.18,0.0,0.0,0.0,0.002,300.0,135.88,0.00699,-0.04262,-0.00042,0.00053,-0.00723
8788.1,BTC-27MAR20,1583319414215,open,0.0,828.2,0.0005,0.0105,0.00071873,112.91,0.0005,0.0,BTC-27MAR20-18000-C,8736.6,108.56,0.0005,122.0,0.001,10.6,117.31,0.49846,-1.23014,0.0418,1e-05,0.00831
8739.78,SYN.BTC-6MAR20,1583316344178,open,0.0,153.6,0.0005,0.0105,4e-08,96.31,0.0005,0.0,BTC-6MAR20-12000-C,8736.6,0.0,0.0,0.0,0.001,45.0,206.58,8e-05,-0.00031,0.0,0.0,0.0
8788.1,BTC-27MAR20,1583316344091,open,0.0,329.6,0.0005,0.0105,2.187e-05,112.92,0.0005,0.0,BTC-27MAR20-24000-C,8736.6,0.0,0.0,0.0,0.001,40.0,155.75,0.02598,-0.06412,0.00165,0.0,0.00032
223.51,SYN.ETH-13MAR20,1583319516148,open,0.0,193.0,0.0005,0.015,0.003219,87.97,0.004,0.0,ETH-13MAR20-280-C,223.18,83.7,0.0025,313.0,0.004,300.0,92.05,0.04028,-0.19962,0.00296,0.00377,0.05773
235.39,SYN.ETH-25SEP20,1583319446278,open,0.2,1097.0,0.134,0.2485,0.191587,86.04,0.2,0.0,ETH-25SEP20-280-C,223.18,84.51,0.187,38.0,0.196,270.0,87.52,0.70256,-0.14753,0.43547,0.00263,0.52118
223.51,SYN.ETH-13MAR20,1583319461254,open,0.01,555.0,0.0005,0.024,0.007502,88.61,0.0075,0.0,ETH-13MAR20-190-P,223.18,85.01,0.0065,600.0,0.0085,4.0,92.0,0.06409,-0.31992,-0.0062,0.00595,-0.10664
235.39,SYN.ETH-25SEP20,1583318715110,open,0.04,1705.0,0.0155,0.085,0.043645,96.7,0.048,0.0,ETH-25SEP20-640-C,223.18,94.9,0.0405,48.0,0.047,499.0,98.55,0.41888,-0.09885,0.14613,0.00139,0.15425
8737.54,SYN.BTC-5MAR20,1583319373443,open,0.0,52.9,0.0005,0.0135,0.00149059,51.19,0.002,0.0,BTC-5MAR20-9000-C,8736.6,45.86,0.001,71.0,0.002,1.0,56.08,0.86325,-12.98144,0.02514,0.00092,0.12142
8739.78,SYN.BTC-6MAR20,1583316344198,open,0.0,169.4,0.0005,0.0105,1e-08,96.31,0.0005,0.0,BTC-6MAR20-12250-C,8736.6,0.0,0.0,0.0,0.001,45.0,217.74,2e-05,-7e-05,0.0,0.0,0.0
235.39,SYN.ETH-25SEP20,1583319381802,open,0.36,176.0,0.3075,0.404,0.35681,85.1,0.397,0.0,ETH-25SEP20-180-C,223.18,81.22,0.348,30.0,0.361,376.0,86.94,0.53521,-0.11115,0.54622,0.00202,0.77022
223.51,SYN.ETH-13MAR20,1583319358778,open,0.0,22.0,0.0005,0.0125,0.002702,104.32,0.004,0.0,ETH-13MAR20-170-P,223.18,98.52,0.002,600.0,0.0035,308.0,109.96,0.02936,-0.17254,-0.00226,0.00232,-0.0389
235.39,SYN.ETH-25SEP20,1583319263887,open,0.25,411.0,0.1855,0.298,0.242845,85.09,0.258,0.0,ETH-25SEP20-240-C,223.18,83.75,0.239,3.0,0.247,484.0,86.54,0.67491,-0.14015,0.48966,0.00255,0.61345
8788.07,BTC-27MAR20,1583319414353,open,0.0,1616.8,0.0005,0.0155,0.00498775,63.97,0.004,0.0,BTC-27MAR20-7000-P,8736.6,62.39,0.0045,97.0,0.0055,33.7,65.49,2.84715,-3.98096,-0.3951,9e-05,-0.06674
229.71,ETH-26JUN20,1583319165715,open,0.11,922.0,0.0725,0.162,0.115308,83.56,0.119,0.0,ETH-26JUN20-200-P,223.18,79.0,0.1065,296.0,0.118,587.0,84.95,0.44477,-0.16318,-0.29622,0.00323,-0.29802
223.51,SYN.ETH-13MAR20,1583319165650,open,0.0,461.0,0.0005,0.0105,0.000973,104.92,0.0045,0.0,ETH-13MAR20-320-C,223.18,0.0,0.0,0.0,0.002,310.0,116.83,0.01496,-0.08842,0.00089,0.00117,0.01736
225.78,SYN.ETH-24APR20,1583319493185,open,0.15,5.0,0.095,0.1765,0.136354,84.09,0.14,0.0,ETH-24APR20-220-C,223.18,82.12,0.1335,420.0,0.14,251.0,86.61,0.32677,-0.27005,0.14423,0.00547,0.59465
235.39,SYN.ETH-25SEP20,1583319510692,open,0.07,388.0,0.028,0.112,0.06454,93.54,0.062,0.0,ETH-25SEP20-520-C,223.18,91.69,0.0605,44.0,0.068,294.0,95.1,0.51879,-0.11843,0.20214,0.00178,0.21753
8788.07,BTC-27MAR20,1583319533768,open,0.02,1746.6,0.0095,0.0445,0.02025317,56.29,0.02,0.0,BTC-27MAR20-8000-P,8736.6,54.59,0.019,86.5,0.021,10.0,57.22,6.6887,-8.22949,-1.38134,0.00025,-0.23051
235.39,SYN.ETH-25SEP20,1583319168831,open,0.05,618.0,0.029,0.0885,0.055754,85.04,0.049,0.0,ETH-25SEP20-140-P,223.18,81.32,0.05,337.0,0.0575,295.0,86.14,0.36982,-0.07675,-0.24327,0.0014,-0.12837
223.51,SYN.ETH-13MAR20,1583319083624,open,0.0,696.0,0.0005,0.0175,0.004462,96.13,0.0045,0.0,ETH-13MAR20-180-P,223.18,90.93,0.0035,600.0,0.0055,300.0,101.15,0.04385,-0.23745,-0.00374,0.00376,-0.06435
8737.54,SYN.BTC-5MAR20,1583318268864,open,0.0,90.0,0.0005,0.0105,4.316e-05,64.81,0.0005,0.0,BTC-5MAR20-9500-C,8736.6,0.0,0.0,0.0,0.001,60.5,101.74,0.05523,-0.37794,0.00091,5e-05,0.0044
8739.78,SYN.BTC-6MAR20,1583319415764,open,0.18,12.0,0.154,0.1865,0.17046193,0.0,0.185,0.0,BTC-6MAR20-7250-C,8736.6,0.0,0.1665,9.1,0.177,9.1,205.71,0.0,0.0,0.37257,0.0,1.0
229.71,ETH-26JUN20,1583319490553,open,0.02,1206.0,0.0055,0.0485,0.020919,101.07,0.0175,0.0,ETH-26JUN20-560-C,223.18,99.02,0.019,10.0,0.023,610.0,103.17,0.22094,-0.09805,0.05484,0.00133,0.09744
235.39,SYN.ETH-25SEP20,1583319446606,open,0.2,603.0,0.152,0.271,0.210332,85.02,0.191,0.0,ETH-25SEP20-220-P,223.18,79.97,0.1965,274.0,0.211,249.0,85.26,0.6429,-0.13339,-0.72125,0.00243,-0.33555
235.39,SYN.ETH-25SEP20,1583319221121,open,0.04,30.0,0.0135,0.08,0.039928,98.27,0.045,0.0,ETH-25SEP20-680-C,223.18,97.11,0.038,10.0,0.042,500.0,99.49,0.39572,-0.0949,0.13444,0.00129,0.14168
225.78,SYN.ETH-24APR20,1583319433143,open,0.01,724.0,0.0005,0.026,0.009188,103.66,0.0105,0.0,ETH-24APR20-440-C,223.18,100.99,0.008,540.0,0.0105,265.0,106.4,0.10425,-0.10621,0.01692,0.00142,0.06295
8739.78,SYN.BTC-6MAR20,1583316344354,open,0.0,137.4,0.0005,0.0105,2.37e-06,73.6,0.001,0.0,BTC-6MAR20-7250-P,8736.6,0.0,0.0,0.0,0.001,45.0,137.46,0.00429,-0.02076,-8e-05,0.0,-0.00018
235.44,SYN.ETH-25SEP20,1583319221160,open,0.04,33.0,0.0115,0.073,0.035155,98.72,0.04,0.0,ETH-25SEP20-720-C,223.18,96.98,0.0325,49.0,0.038,500.0,100.51,0.36676,-0.08836,0.12113,0.00119,0.12681
229.71,ETH-26JUN20,1583319260846,open,0.18,1086.0,0.121,0.219,0.170349,85.05,0.1855,0.0,ETH-26JUN20-240-C,223.18,82.17,0.164,293.0,0.177,262.0,88.06,0.5065,-0.18914,0.27763,0.00362,0.55776
235.39,SYN.ETH-25SEP20,1583319221076,open,0.13,872.0,0.075,0.184,0.127369,89.15,0.13,0.0,ETH-25SEP20-360-C,223.18,88.32,0.125,10.0,0.13,491.0,90.07,0.67215,-0.14623,0.33545,0.00242,0.38125
235.39,SYN.ETH-25SEP20,1583319446520,open,0.08,179.0,0.0495,0.1265,0.085363,85.03,0.083,0.0,ETH-25SEP20-160-P,223.18,80.19,0.076,323.0,0.0825,10.0,83.56,0.45886,-0.09522,-0.34744,0.00174,-0.1776
8788.1,BTC-27MAR20,1583319534975,open,0.03,1294.6,0.0235,0.071,0.04032987,56.28,0.0365,0.0,BTC-27MAR20-8500-P,8736.6,53.77,0.038,1.5,0.0405,82.1,56.4,8.37293,-10.30005,-2.31218,0.00031,-0.37941
235.39,SYN.ETH-25SEP20,1583319488437,open,0.03,233.0,0.0145,0.0575,0.033006,85.19,0.0325,0.0,ETH-25SEP20-120-P,223.18,82.56,0.03,300.0,0.036,250.0,87.73,0.27345,-0.05685,-0.15538,0.00103,-0.0846
229.71,ETH-26JUN20,1583319380358,open,0.09,1499.0,0.046,0.132,0.086419,88.65,0.089,0.0,ETH-26JUN20-320-C,223.18,86.97,0.083,281.0,0.09,601.0,90.4,0.46828,-0.18228,0.17926,0.00321,0.33655
235.39,SYN.ETH-25SEP20,1583319220956,open,0.32,290.0,0.26,0.3645,0.313708,85.09,0.332,0.0,ETH-25SEP20-200-C,223.18,80.68,0.3025,288.0,0.3165,258.0,86.2,0.59658,-0.12389,0.53302,0.00225,0.71713
235.39,SYN.ETH-25SEP20,1583314579761,open,0.01,500.0,0.0005,0.021,0.009344,91.27,0.008,0.0,ETH-25SEP20-80-P,223.18,85.95,0.007,300.0,0.012,300.0,96.54,0.11136,-0.02481,-0.04858,0.00039,-0.02742
223.51,SYN.ETH-13MAR20,1583316929422,open,0.0,141.0,0.0005,0.0105,0.000571,104.92,0.0035,0.0,ETH-13MAR20-330-C,223.18,0.0,0.0,0.0,0.0015,300.0,119.54,0.00988,-0.0584,0.00055,0.00078,0.01073
229.71,ETH-26JUN20,1583318543570,open,0.05,1227.0,0.023,0.0795,0.048235,83.61,0.052,0.0,ETH-26JUN20-160-P,223.18,80.42,0.044,332.0,0.052,592.0,86.4,0.30802,-0.11308,-0.14691,0.00224,-0.15676
229.71,ETH-26JUN20,1583319367620,open,0.07,1789.0,0.0435,0.117,0.077788,83.56,0.0765,0.0,ETH-26JUN20-180-P,223.18,79.48,0.071,316.0,0.08,281.0,84.88,0.38468,-0.14113,-0.2169,0.0028,-0.22487
224.03,ETH-27MAR20,1583319516177,open,0.03,4545.0,0.014,0.065,0.036005,82.99,0.03,0.0,ETH-27MAR20-200-P,223.18,80.5,0.034,500.0,0.038,283.0,85.45,0.18114,-0.32857,-0.04126,0.00694,-0.25784
223.22,SYN.ETH-5MAR20,1583319381156,open,0.0,10.0,0.0005,0.022,0.0032,77.81,0.002,0.0,ETH-5MAR20-215-P,223.18,66.74,0.002,420.0,0.0045,120.0,88.14,0.02636,-0.71603,-0.00086,0.02834,-0.15775
235.39,SYN.ETH-25SEP20,1583319051008,open,0.28,502.0,0.2195,0.3295,0.275912,85.09,0.27,0.0,ETH-25SEP20-220-C,223.18,81.29,0.2655,291.0,0.2785,260.0,86.04,0.64285,-0.1335,0.51344,0.00243,0.66451
223.51,SYN.ETH-13MAR20,1583319454368,open,0.01,285.0,0.0005,0.0275,0.008968,84.83,0.009,0.0,ETH-13MAR20-260-C,223.18,80.46,0.0075,594.0,0.009,1.0,84.92,0.07785,-0.37199,0.00716,0.00755,0.14071
235.39,SYN.ETH-25SEP20,1583319485070,open,0.11,499.0,0.057,0.16,0.105322,90.24,0.114,0.0,ETH-25SEP20-400-C,223.18,89.75,0.104,2.0,0.107,285.0,90.85,0.63687,-0.14025,0.29381,0.00227,0.3277
224.03,ETH-27MAR20,1583319481028,open,0.02,1014.0,0.0025,0.034,0.013705,93.49,0.014,0.0,ETH-27MAR20-300-C,223.18,91.16,0.0125,298.0,0.015,240.0,95.9,0.11808,-0.24129,0.0162,0.00402,0.12911
223.51,SYN.ETH-13MAR20,1583319309168,open,0.0,304.0,0.0005,0.0115,0.001635,104.93,0.0025,0.0,ETH-13MAR20-310-C,223.18,97.48,0.001,1.0,0.0025,314.0,112.54,0.02212,-0.13075,0.00141,0.00174,0.02759
223.26,SYN.ETH-6MAR20,1583319526120,open,0.02,589.0,0.0005,0.034,0.010378,76.84,0.009,0.0,ETH-6MAR20-230-C,223.18,67.15,0.008,505.0,0.011,1.0,79.3,0.05599,-1.14683,0.00337,0.02845,0.30413
229.71,ETH-26JUN20,1583318479808,open,0.2,580.0,0.159,0.2735,0.215144,85.04,0.242,0.0,ETH-26JUN20-240-P,223.18,79.32,0.2025,224.0,0.2185,203.0,86.57,0.5065,-0.18913,-0.47113,0.00362,-0.44225
235.39,SYN.ETH-25SEP20,1583318544174,open,0.03,2.0,0.0075,0.0595,0.02614,101.16,0.031,0.0,ETH-25SEP20-840-C,223.18,99.04,0.0235,51.0,0.029,300.0,103.32,0.30236,-0.07464,0.09344,0.00096,0.09686
229.71,ETH-26JUN20,1583319534754,open,0.26,2168.0,0.1975,0.2895,0.244663,83.57,0.256,0.0,ETH-26JUN20-200-C,223.18,80.64,0.239,279.0,0.249,571.0,85.8,0.44477,-0.1632,0.32774,0.00323,0.70198
224.03,ETH-27MAR20,1583319462265,open,0.01,3066.0,0.004,0.036,0.01598,86.85,0.0195,0.0,ETH-27MAR20-180-P,223.18,84.04,0.0145,540.0,0.0175,300.0,89.64,0.12015,-0.22808,-0.02083,0.0044,-0.1324
223.25,SYN.ETH-6MAR20,1583319526615,open,0.01,632.0,0.0005,0.043,0.015633,78.05,0.015,0.0,ETH-6MAR20-220-P,223.18,70.24,0.0135,526.0,0.018,518.0,86.65,0.06122,-1.27358,-0.00461,0.03062,-0.38588
235.39,SYN.ETH-25SEP20,1583319467004,open,0.06,731.0,0.023,0.1015,0.056138,94.63,0.051,0.0,ETH-25SEP20-560-C,223.18,92.83,0.0525,45.0,0.06,496.0,96.49,0.48272,-0.11148,0.18043,0.00164,0.1927
235.39,SYN.ETH-25SEP20,1583319442505,open,0.09,490.0,0.0455,0.1425,0.089896,91.96,0.099,0.0,ETH-25SEP20-440-C,223.18,90.82,0.087,10.0,0.093,503.0,93.17,0.60027,-0.13471,0.25983,0.0021,0.28655
8788.1,BTC-27MAR20,1583317066745,open,0.0,527.6,0.0005,0.0105,7.04e-06,112.94,0.0005,0.0,BTC-27MAR20-26000-C,8736.6,0.0,0.0,0.0,0.001,69.0,166.09,0.00952,-0.02349,0.00057,0.0,0.00011
224.03,ETH-27MAR20,1583318496565,open,0.0,690.0,0.0005,0.0105,0.000291,109.81,0.001,0.0,ETH-27MAR20-110-P,223.18,0.0,0.0,0.0,0.0015,359.0,135.06,0.00546,-0.01311,-0.00049,0.00016,-0.00322
223.22,SYN.ETH-5MAR20,1583319526442,open,0.01,8.0,0.0005,0.0485,0.018347,71.51,0.0105,0.0,ETH-5MAR20-225-P,223.18,59.05,0.016,350.0,0.0215,90.0,87.8,0.04268,-1.52597,-0.00322,0.04992,-0.58278
223.25,SYN.ETH-6MAR20,1583314579374,open,0.0,541.0,0.0005,0.0105,1e-06,91.87,0.0005,0.0,ETH-6MAR20-290-C,223.18,0.0,0.0,0.0,0.001,359.0,176.02,3e-05,-0.00014,0.0,1e-05,4e-05
225.78,SYN.ETH-24APR20,1583319516204,open,0.19,30.0,0.143,0.2225,0.183525,84.28,0.2,0.0,ETH-24APR20-200-C,223.18,80.75,0.179,250.0,0.19,225.0,89.3,0.29025,-0.24041,0.16452,0.00485,0.7063
229.71,ETH-26JUN20,1583319404864,open,0.3,2759.0,0.251,0.336,0.294226,83.58,0.31,0.0,ETH-26JUN20-180-C,223.18,80.14,0.2885,271.0,0.3035,244.0,89.08,0.3847,-0.14117,0.34464,0.0028,0.77511
235.39,SYN.ETH-25SEP20,1583319446542,open,0.11,1077.0,0.077,0.1695,0.121336,85.03,0.113,0.0,ETH-25SEP20-180-P,223.18,80.03,0.11,307.0,0.121,275.0,84.88,0.53517,-0.11105,-0.46387,0.00202,-0.22975
229.71,ETH-26JUN20,1583319257836,open,0.03,876.0,0.0115,0.052,0.028247,85.33,0.028,0.0,ETH-26JUN20-140-P,223.18,82.49,0.0255,346.0,0.031,600.0,88.08,0.22641,-0.08483,-0.09245,0.00161,-0.10075
229.71,ETH-26JUN20,1583319516569,open,0.13,1242.0,0.075,0.17,0.121376,87.38,0.132,0.0,ETH-26JUN20-280-C,223.18,86.75,0.12,100.0,0.123,593.0,88.11,0.50523,-0.19383,0.22534,0.00351,0.4358
224.03,ETH-27MAR20,1583319261894,open,0.0,6130.0,0.0005,0.016,0.004425,103.98,0.0065,0.0,ETH-27MAR20-360-C,223.18,99.83,0.0035,300.0,0.0055,240.0,108.2,0.05346,-0.12151,0.00574,0.00163,0.04532
223.22,SYN.ETH-5MAR20,1583319526424,open,0.04,74.0,0.0005,0.0515,0.022815,74.42,0.035,0.0,ETH-5MAR20-220-C,223.18,58.53,0.02,90.0,0.0255,232.0,89.37,0.03999,-1.48783,0.00342,0.04495,0.66169
235.44,SYN.ETH-25SEP20,1583318719906,open,0.03,166.0,0.0085,0.0635,0.028668,100.34,0.034,0.0,ETH-25SEP20-800-C,223.18,98.72,0.0265,51.0,0.031,300.0,102.01,0.32165,-0.07876,0.10143,0.00103,0.10541
235.39,SYN.ETH-25SEP20,1583319446564,open,0.15,502.0,0.1115,0.218,0.163181,85.02,0.156,0.0,ETH-25SEP20-200-P,223.18,79.83,0.15,291.0,0.163,263.0,84.95,0.5966,-0.12379,-0.58937,0.00226,-0.28289
225.78,SYN.ETH-24APR20,1583319525879,open,0.04,308.0,0.0175,0.0695,0.040317,86.05,0.038,0.0,ETH-24APR20-180-P,223.18,84.26,0.0385,205.0,0.042,291.0,87.68,0.23114,-0.19547,-0.07351,0.00378,-0.19326
224.03,ETH-27MAR20,1583319499517,open,0.15,3220.0,0.107,0.1775,0.143254,82.97,0.185,0.0,ETH-27MAR20-200-C,223.18,77.03,0.1385,219.0,0.148,394.0,88.79,0.18113,-0.32848,0.08409,0.00694,0.74218
235.39,SYN.ETH-25SEP20,1583318544755,open,0.0,678.0,0.0005,0.0135,0.003833,96.08,0.0045,0.0,ETH-25SEP20-60-P,223.18,89.62,0.0025,300.0,0.0055,300.0,102.49,0.05488,-0.01287,-0.02085,0.00018,-0.01195
224.03,ETH-27MAR20,1583319090688,open,0.0,3579.0,0.0005,0.011,0.001145,125.48,0.003,0.0,ETH-27MAR20-480-C,223.18,114.38,0.0005,101.0,0.002,300.0,134.62,0.01707,-0.04681,0.00147,0.00043,0.01164
224.03,ETH-27MAR20,1583319495179,open,0.04,5317.0,0.012,0.063,0.034277,86.92,0.035,0.0,ETH-27MAR20-260-C,223.18,84.8,0.0325,280.0,0.036,480.0,88.94,0.1896,-0.36019,0.03485,0.00693,0.28247
229.71,ETH-26JUN20,1583318545758,open,0.02,901.0,0.005,0.032,0.015235,88.14,0.0195,0.0,ETH-26JUN20-120-P,223.18,85.42,0.0135,351.0,0.017,200.0,90.77,0.1504,-0.0582,-0.05304,0.00104,-0.05878
229.71,ETH-26JUN20,1583314579479,open,0.0,1908.0,0.0005,0.0105,0.000706,99.35,0.0005,0.0,ETH-26JUN20-60-P,223.18,0.0,0.0,0.0,0.002,300.0,114.21,0.0135,-0.00589,-0.00302,8e-05,-0.0035
224.03,ETH-27MAR20,1583318165308,open,0.0,1435.0,0.0005,0.0105,0.000788,109.68,0.0025,0.0,ETH-27MAR20-120-P,223.18,0.0,0.0,0.0,0.0025,372.0,130.13,0.01223,-0.02932,-0.00123,0.00035,-0.00795
224.03,ETH-27MAR20,1583319497824,open,0.0,3373.0,0.0005,0.012,0.002462,125.48,0.005,0.0,ETH-27MAR20-440-C,223.18,121.89,0.002,11.0,0.003,308.0,129.15,0.03079,-0.08444,0.00291,0.00078,0.0232
229.71,ETH-26JUN20,1583319493189,open,0.07,1761.0,0.031,0.1095,0.066562,92.11,0.071,0.0,ETH-26JUN20-360-C,223.18,89.61,0.062,2.0,0.0715,288.0,94.76,0.42339,-0.17123,0.14503,0.00279,0.26893
229.71,ETH-26JUN20,1583319464583,open,0.05,5521.0,0.0205,0.0895,0.050347,93.81,0.0575,0.0,ETH-26JUN20-400-C,223.18,90.77,0.0455,293.0,0.0555,293.0,96.94,0.37274,-0.15354,0.11648,0.00241,0.21288
235.44,SYN.ETH-25SEP20,1583319446627,open,0.25,149.0,0.1985,0.328,0.262213,85.08,0.235,0.0,ETH-25SEP20-240-P,223.18,79.77,0.247,230.0,0.2645,208.0,85.86,0.675,-0.14015,-0.85729,0.00255,-0.38644
235.39,SYN.ETH-25SEP20,1583319482324,open,0.03,37.0,0.01,0.0685,0.031931,99.74,0.033,0.0,ETH-25SEP20-760-C,223.18,98.4,0.03,10.0,0.034,300.0,101.13,0.34459,-0.08388,0.11118,0.00111,0.11608
229.71,ETH-26JUN20,1583319161651,open,0.02,3063.0,0.0045,0.043,0.01756,102.74,0.025,0.0,ETH-26JUN20-600-C,223.18,98.96,0.0145,300.0,0.021,300.0,106.58,0.19587,-0.08836,0.0468,0.00116,0.08286
229.71,ETH-26JUN20,1583319486457,open,0.03,750.0,0.0105,0.065,0.031926,98.12,0.0385,0.0,ETH-26JUN20-480-C,223.18,96.56,0.03,100.0,0.034,610.0,99.75,0.28856,-0.12432,0.079,0.00179,0.14216
229.71,ETH-26JUN20,1583318303147,open,0.01,729.0,0.0005,0.0215,0.009051,96.16,0.008,0.0,ETH-26JUN20-100-P,223.18,89.68,0.0065,300.0,0.012,300.0,102.57,0.09824,-0.04148,-0.03129,0.00062,-0.03461
224.03,ETH-27MAR20,1583318077804,open,0.0,7919.0,0.0005,0.0105,0.000278,142.49,0.0005,0.0,ETH-27MAR20-640-C,223.18,0.0,0.0,0.0,0.0015,359.0,169.11,0.0049,-0.01527,0.00036,0.00011,0.00285
224.02,ETH-27MAR20,1583314579328,open,0.0,12994.0,0.0005,0.0105,0.000498,142.5,0.0005,0.0,ETH-27MAR20-600-C,223.18,0.0,0.0,0.0,0.0015,300.0,160.47,0.00796,-0.02478,0.00062,0.00018,0.00489
235.39,SYN.ETH-25SEP20,1583319446422,open,0.02,182.0,0.0065,0.0555,0.023661,101.7,0.029,0.0,ETH-25SEP20-880-C,223.18,99.85,0.0215,52.0,0.026,300.0,103.6,0.28295,-0.07023,0.08574,0.00089,0.08855
224.03,ETH-27MAR20,1583319458945,open,0.02,10753.0,0.0055,0.0455,0.021276,89.95,0.0205,0.0,ETH-27MAR20-280-C,223.18,88.05,0.02,292.0,0.022,1.0,91.01,0.15221,-0.29925,0.02369,0.00538,0.19003
229.71,ETH-26JUN20,1583319413311,open,0.21,932.0,0.1535,0.2495,0.20253,83.57,0.2275,0.0,ETH-26JUN20-220-C,223.18,81.19,0.1975,285.0,0.207,576.0,85.68,0.48539,-0.1781,0.30475,0.00353,0.62776
229.71,ETH-26JUN20,1583316021271,open,0.01,1120.0,0.003,0.0365,0.013664,107.05,0.014,0.0,ETH-26JUN20-680-C,223.18,104.6,0.012,400.0,0.0155,300.0,109.56,0.16221,-0.07624,0.03661,0.00092,0.06475
229.71,ETH-26JUN20,1583318545003,open,0.01,3797.0,0.003,0.037,0.014125,103.26,0.013,0.0,ETH-26JUN20-640-C,223.18,100.24,0.012,300.0,0.0165,300.0,106.35,0.16916,-0.0767,0.03887,0.001,0.06836
224.03,ETH-27MAR20,1583319158610,open,0.0,2430.0,0.0005,0.013,0.003099,105.41,0.005,0.0,ETH-27MAR20-140-P,223.18,97.65,0.002,300.0,0.0045,564.0,113.25,0.03587,-0.08264,-0.00434,0.00108,-0.02784
229.71,ETH-26JUN20,1583319305270,open,0.15,582.0,0.1105,0.213,0.160259,83.56,0.153,0.0,ETH-26JUN20-220-P,223.18,79.19,0.151,276.0,0.164,251.0,85.34,0.4854,-0.17808,-0.38162,0.00353,-0.37225
224.03,ETH-27MAR20,1583318165350,open,0.0,4524.0,0.0005,0.0105,0.000535,125.48,0.001,0.0,ETH-27MAR20-520-C,223.18,0.0,0.0,0.0,0.002,305.0,146.1,0.00927,-0.02542,0.00074,0.00023,0.00581
224.03,ETH-27MAR20,1583318165346,open,0.0,1974.0,0.0005,0.0105,0.000901,142.49,0.002,0.0,ETH-27MAR20-560-C,223.18,133.95,0.0005,90.0,0.0015,300.0,151.1,0.01287,-0.04007,0.00106,0.00029,0.00843
229.71,ETH-26JUN20,1583319158578,open,0.01,413.0,0.001,0.031,0.010994,107.05,0.012,0.0,ETH-26JUN20-720-C,223.18,102.62,0.0085,300.0,0.0125,300.0,109.43,0.13967,-0.06565,0.03047,0.00079,0.05352
235.39,SYN.ETH-25SEP20,1583319499371,open,0.05,328.0,0.0185,0.0925,0.049164,95.62,0.057,0.0,ETH-25SEP20-600-C,223.18,94.2,0.0465,47.0,0.052,298.0,97.09,0.4489,-0.10475,0.16173,0.00151,0.17157
225.78,SYN.ETH-24APR20,1583319525886,open,0.11,341.0,0.0625,0.141,0.101321,85.27,0.124,0.0,ETH-24APR20-240-C,223.18,83.03,0.098,424.0,0.104,262.0,87.06,0.3361,-0.28164,0.12135,0.00555,0.48694
223.22,SYN.ETH-5MAR20,1583319526441,open,0.01,65.0,0.0005,0.0335,0.008382,74.65,0.005,0.0,ETH-5MAR20-220-P,223.18,63.94,0.0065,289.0,0.0105,409.0,86.28,0.04001,-1.49332,-0.00186,0.04483,-0.33876
224.03,ETH-27MAR20,1583319457218,open,0.01,43.0,0.0005,0.02,0.006236,100.5,0.0085,0.0,ETH-27MAR20-340-C,223.18,98.03,0.0055,300.0,0.007,240.0,102.89,0.06917,-0.15194,0.00793,0.00219,0.06272
224.03,ETH-27MAR20,1583319158596,open,0.0,960.0,0.0005,0.0115,0.001835,109.55,0.0025,0.0,ETH-27MAR20-130-P,223.18,100.04,0.001,300.0,0.003,312.0,118.99,0.02357,-0.05643,-0.00264,0.00068,-0.01693
224.03,ETH-27MAR20,1583318543942,open,0.0,10.0,0.0005,0.013,0.00319,107.14,0.0065,0.0,ETH-27MAR20-380-C,223.18,103.12,0.0025,300.0,0.004,240.0,111.21,0.04148,-0.09713,0.00421,0.00123,0.03318
229.71,ETH-26JUN20,1583318543486,open,0.0,2429.0,0.0005,0.013,0.003496,99.3,0.003,0.0,ETH-26JUN20-80-P,223.18,90.83,0.002,300.0,0.0055,300.0,107.69,0.04765,-0.02077,-0.01301,0.00029,-0.01466
235.39,SYN.ETH-25SEP20,1583319260853,open,0.08,1017.0,0.0365,0.1285,0.077655,93.54,0.076,0.0,ETH-25SEP20-480-C,223.18,92.42,0.075,10.0,0.0805,291.0,94.72,0.56348,-0.12863,0.23114,0.00194,0.25259
229.71,ETH-26JUN20,1583319478239,open,0.03,466.0,0.007,0.0545,0.024878,98.92,0.023,0.0,ETH-26JUN20-520-C,223.18,96.18,0.022,400.0,0.028,610.0,101.72,0.24842,-0.1079,0.0643,0.00153,0.11459
229.72,ETH-26JUN20,1583318532080,open,0.04,1376.0,0.015,0.0775,0.040907,96.88,0.039,0.0,ETH-26JUN20-440-C,223.18,94.84,0.038,50.0,0.044,297.0,98.99,0.33205,-0.14125,0.09687,0.00208,0.17608
223.25,SYN.ETH-6MAR20,1583314579705,open,0.0,20.0,0.0005,0.0105,0.0,91.87,0.0005,0.0,ETH-6MAR20-350-C,223.18,0.0,0.0,0.0,0.001,359.0,276.79,0.0,0.0,0.0,0.0,0.0
223.26,SYN.ETH-6MAR20,1583314579400,open,0.0,76.0,0.0005,0.0105,0.0,91.84,0.001,0.0,ETH-6MAR20-330-C,223.18,0.0,0.0,0.0,0.001,359.0,246.06,0.0,0.0,0.0,0.0,0.0
225.78,SYN.ETH-24APR20,1583319404464,open,0.01,248.0,0.0015,0.0265,0.011237,94.74,0.0105,0.0,ETH-24APR20-140-P,223.18,91.99,0.01,540.0,0.0125,265.0,97.39,0.10464,-0.09743,-0.02344,0.00155,-0.06326
9091.41,BTC-26JUN20,1583319541298,open,0.13,751.8,0.1015,0.1825,0.13767,64.71,0.137,0.0,BTC-26JUN20-9000-P,8736.6,63.92,0.136,24.8,0.1395,4.0,65.53,19.82231,-5.63201,-15.74406,0.00012,-0.41735
224.03,ETH-27MAR20,1583319541306,open,0.33,0.0,0.306,0.404,0.352811,93.49,None,0.0,ETH-27MAR20-300-P,223.18,0.0,0.0,0.0,0.4855,1.0,249.15,0.11808,-0.2413,-0.17182,0.00402,-0.87089
8788.13,BTC-27MAR20,1583319541618,open,2.15,0.0,2.1235,2.251,2.18612901,124.48,None,0.0,BTC-27MAR20-28000-P,8736.6,0.0,0.0005,1.0,0.0,0.0,0.0,0.01538,-0.04184,-17.54754,0.0,-0.99982
229.74,ETH-26JUN20,1583319541790,open,2.09,1.0,2.046,2.2575,2.145381,107.71,1.99,0.0,ETH-26JUN20-720-P,223.21,0.0,0.0,0.0,2.7855,1.0,449.45,0.1428,-0.06753,-2.21505,0.00081,-0.94498
235.39,SYN.ETH-25SEP20,1583319541791,open,2.2,0.0,2.146,2.389,2.259929,99.27,None,0.0,ETH-25SEP20-760-P,223.21,0.0,0.0,0.0,0.0,0.0,0.0,0.3408,-0.08257,-4.15618,0.0011,-0.88571
235.39,SYN.ETH-25SEP20,1583319541789,open,1.88,0.0,1.821,2.049,1.928138,97.9,None,0.0,ETH-25SEP20-680-P,223.21,0.0,0.0,0.0,0.0,0.0,0.0,0.39285,-0.09386,-3.68361,0.00129,-0.85983
235.39,SYN.ETH-25SEP20,1583319541788,open,1.55,0.0,1.4975,1.71,1.597584,95.33,None,0.0,ETH-25SEP20-600-P,223.21,0.0,0.0,0.0,0.0,0.0,0.0,0.44679,-0.10395,-3.20704,0.00151,-0.82969
9324.7,BTC-25SEP20,1583319541805,open,0.21,152.2,0.1685,0.2575,0.2092635,65.81,0.205,0.0,BTC-25SEP20-9000-C,8736.6,65.38,0.208,19.6,0.2145,19.6,67.67,26.49276,-4.25522,21.75648,8e-05,0.62492
229.74,ETH-26JUN20,1583319541812,open,0.26,2168.0,0.1975,0.2895,0.244663,83.54,0.256,0.0,ETH-26JUN20-200-C,223.21,80.61,0.239,279.0,0.249,571.0,85.77,0.44476,-0.16313,0.32786,0.00323,0.70209
235.39,SYN.ETH-25SEP20,1583319541824,open,0.41,163.0,0.362,0.448,0.405784,85.11,0.435,0.0,ETH-25SEP20-160-C,223.21,34.41,0.3265,1.0,0.427,120.0,95.84,0.45897,-0.09533,0.55037,0.00173,0.82233
224.06,ETH-27MAR20,1583319541830,open,0.59,7.0,0.561,0.668,0.611424,105.13,1.702,0.0,ETH-27MAR20-360-P,223.21,0.0,0.5665,9.0,0.6305,1.0,151.11,0.05549,-0.12751,-0.21962,0.00168,-0.95254
8788.13,BTC-27MAR20,1583319541864,open,2.83,0.0,2.7925,2.947,2.86888145,149.45,None,0.0,BTC-27MAR20-34000-P,8736.6,0.0,0.0005,1.0,0.0,0.0,0.0,0.02455,-0.08019,-21.30734,0.0,-0.9997
8788.13,BTC-27MAR20,1583319541871,open,2.6,0.0,2.5695,2.715,2.64128794,137.09,None,0.0,BTC-27MAR20-32000-P,8736.6,0.0,0.0005,1.0,0.0,0.0,0.0,0.01375,-0.04121,-20.05458,0.0,-0.99984
8788.13,BTC-27MAR20,1583319541930,open,3.5,1.4,3.462,3.6435,3.55162511,167.06,3.0435,0.0,BTC-27MAR20-40000-P,8736.6,0.0,0.0005,1.0,4.0,0.1,500.0,0.02581,-0.09424,-25.06767,0.0,-0.99968
8788.13,BTC-27MAR20,1583319541932,open,3.05,0.1,3.016,3.1795,3.09644866,149.18,2.64,0.0,BTC-27MAR20-36000-P,8736.6,0.0,0.0005,1.0,4.0,0.1,500.0,0.014,-0.04565,-22.56149,0.0,-0.99983
9324.69,BTC-25SEP20,1583319542125,open,0.14,272.4,0.1015,0.194,0.14285601,68.81,0.146,0.0,BTC-25SEP20-11000-C,8736.6,67.85,0.14,29.0,0.146,24.2,69.86,27.81557,-4.67098,17.38325,8e-05,0.47498
8737.54,SYN.BTC-5MAR20,1583319542171,open,0.02,4.0,0.0105,0.054,0.03152938,51.65,0.0315,0.0,BTC-5MAR20-9000-P,8736.6,0.0,0.03,8.0,0.0325,8.0,60.08,0.87414,-22.57651,-0.19033,0.00092,-0.87639
8737.54,SYN.BTC-5MAR20,1583319542182,open,0.04,0.9,0.009,0.05,0.02930187,54.64,0.0305,0.0,BTC-5MAR20-8500-C,8736.6,41.56,0.028,8.0,0.031,8.0,68.39,0.9908,-27.0673,0.17238,0.00099,0.85159
8788.13,BTC-27MAR20,1583319542401,open,0.08,187.0,0.0525,0.1045,0.07311284,56.22,0.073,0.0,BTC-27MAR20-8500-C,8736.6,55.05,0.072,0.1,0.0735,3.0,56.63,8.37242,-10.28792,3.01581,0.00031,0.62067
8880.38,SYN.BTC-24APR20,1583319542409,open,0.05,80.3,0.027,0.079,0.04921954,63.27,0.05,0.0,BTC-24APR20-10000-C,8736.6,62.77,0.0485,1.0,0.05,45.6,63.85,12.28407,-7.63893,3.72687,0.00018,0.35029
225.78,SYN.ETH-24APR20,1583319543032,open,0.32,0.0,0.282,0.3445,0.313316,89.6,None,0.0,ETH-24APR20-160-C,223.21,35.45,0.2915,25.0,0.341,24.0,122.69,0.16433,-0.14471,0.17969,0.00258,0.88429
225.78,SYN.ETH-24APR20,1583319543034,open,0.06,19.0,0.0265,0.0925,0.05662,88.51,0.061,0.0,ETH-24APR20-280-C,223.21,87.28,0.055,3.0,0.0585,192.0,89.93,0.2988,-0.25992,0.08082,0.00475,0.31344
225.78,SYN.ETH-24APR20,1583319543036,open,0.04,201.0,0.0115,0.063,0.03288,92.1,0.0385,0.0,ETH-24APR20-320-C,223.21,91.26,0.032,3.0,0.034,192.0,93.17,0.23585,-0.21349,0.05253,0.0036,0.1998
224.07,ETH-27MAR20,1583319543210,open,0.22,2566.0,0.1805,0.2435,0.21248,86.56,0.245,0.0,ETH-27MAR20-180-C,223.21,47.21,0.198,23.0,0.242,22.0,132.85,0.11966,-0.22641,0.09211,0.00439,0.86841
224.07,ETH-27MAR20,1583319543222,open,1.28,0.0,1.254,1.3955,1.321756,135.07,None,0.0,ETH-27MAR20-520-P,223.21,0.0,0.006,50.0,0.0,0.0,0.0,0.01515,-0.04472,-0.32462,0.00036,-0.98985
224.06,ETH-27MAR20,1583319543224,open,0.59,7.0,0.561,0.668,0.611424,105.13,1.702,0.0,ETH-27MAR20-360-P,223.21,0.0,0.5665,9.0,0.63,9.0,150.22,0.05549,-0.12751,-0.21962,0.00168,-0.95254
8738.54,SYN.BTC-5MAR20,1583319543236,open,0.0,77.9,0.0005,0.0105,0.00067989,85.68,0.0005,0.0,BTC-5MAR20-8125-P,8736.6,0.0,0.0,0.0,0.001,40.9,92.52,0.36572,-5.94124,-0.00844,0.00023,-0.03958
8738.54,SYN.BTC-5MAR20,1583319543236,open,0.01,2.2,0.0005,0.0265,0.00817682,45.09,0.0085,0.0,BTC-5MAR20-8750-C,8736.6,39.06,0.007,24.0,0.0095,6.0,51.87,1.70558,-38.45429,0.09907,0.00206,0.48074
8738.54,SYN.BTC-5MAR20,1583319543240,open,0.0,40.7,0.0005,0.0105,0.00036399,63.02,0.0005,0.0,BTC-5MAR20-8250-P,8736.6,66.71,0.0005,34.0,0.001,40.6,76.78,0.29209,-3.18075,-0.00639,0.00025,-0.03011
8738.54,SYN.BTC-5MAR20,1583319543240,open,0.01,21.4,0.0005,0.0185,0.00353869,47.45,0.0035,0.0,BTC-5MAR20-8875-C,8736.6,43.97,0.003,34.0,0.004,1.0,50.33,1.37778,-30.92301,0.05297,0.00159,0.25619
224.07,ETH-27MAR20,1583319543273,open,1.46,0.0,1.427,1.5785,1.500678,150.57,None,0.0,ETH-27MAR20-560-P,223.21,0.0,0.02,50.0,0.0,0.0,0.0,0.01814,-0.05971,-0.34942,0.00038,-0.98751
229.73,ETH-26JUN20,1583319543303,open,0.07,1761.0,0.031,0.1095,0.066562,92.1,0.071,0.0,ETH-26JUN20-360-C,223.21,89.6,0.062,2.0,0.0715,288.0,94.75,0.42344,-0.17123,0.14505,0.00279,0.26894
229.73,ETH-26JUN20,1583319543306,open,0.46,143.0,0.411,0.5515,0.47943,88.67,0.49,0.0,ETH-26JUN20-320-P,223.21,58.21,0.4235,13.0,0.5335,13.0,114.14,0.46841,-0.18237,-0.81903,0.00321,-0.66329
223.25,SYN.ETH-6MAR20,1583319543306,open,0.12,2.0,0.077,0.1355,0.106051,100.84,0.108,0.0,ETH-6MAR20-200-C,223.21,0.0,0.098,17.0,0.13,17.0,240.69,0.01898,-0.51027,0.00957,0.00735,0.94032
224.07,ETH-27MAR20,1583319543309,open,0.0,1834.0,0.0005,0.0105,8.9e-05,109.94,0.001,0.0,ETH-27MAR20-100-P,223.21,0.0,0.0,0.0,0.001,59.0,143.21,0.00202,-0.00485,-0.00016,6e-05,-0.00107
224.07,ETH-27MAR20,1583319543326,open,0.0,1277.0,0.0005,0.0105,2.1e-05,110.05,0.001,0.0,ETH-27MAR20-90-P,223.21,0.0,0.0,0.0,0.0005,59.0,147.26,0.00059,-0.00141,-4e-05,2e-05,-0.00028
223.25,SYN.ETH-6MAR20,1583319543333,open,0.0,832.0,0.0005,0.024,0.004965,85.48,0.004,0.0,ETH-6MAR20-210-P,223.21,79.54,0.004,240.0,0.006,2.0,91.43,0.0376,-0.8568,-0.0018,0.01717,-0.15173
224.07,ETH-27MAR20,1583319543339,open,0.47,188.0,0.448,0.4825,0.465122,107.39,0.5445,0.0,ETH-27MAR20-120-C,223.21,0.0,0.464,1.0,0.0,0.0,0.0,0.01093,-0.02567,0.07413,0.00032,0.993
229.73,ETH-26JUN20,1583319543341,open,0.11,922.0,0.0725,0.162,0.115308,83.58,0.119,0.0,ETH-26JUN20-200-P,223.21,79.02,0.1065,296.0,0.118,587.0,84.97,0.44477,-0.16321,-0.2962,0.00323,-0.29796
229.73,ETH-26JUN20,1583319543341,open,0.61,1.0,0.5615,0.711,0.633696,92.14,1.827,0.0,ETH-26JUN20-360-P,223.21,0.0,0.015,2.0,1.3,1.0,443.56,0.42358,-0.17136,-0.97804,0.00279,-0.73089
223.25,SYN.ETH-6MAR20,1583319543341,open,0.1,182.0,0.0875,0.158,0.120998,91.26,0.092,0.0,ETH-6MAR20-250-P,223.21,0.0,0.092,13.0,0.15,13.0,249.44,0.01512,-0.36785,-0.01235,0.00647,-0.95518
235.39,SYN.ETH-25SEP20,1583319543341,open,0.36,176.0,0.3075,0.404,0.35681,85.1,0.397,0.0,ETH-25SEP20-180-C,223.21,81.22,0.348,30.0,0.361,376.0,86.94,0.53521,-0.11115,0.54622,0.00202,0.77022
235.39,SYN.ETH-25SEP20,1583319543350,open,0.63,0.0,0.573,0.744,0.65642,89.03,None,0.0,ETH-25SEP20-360-P,223.21,0.0,0.529,1.0,1.1,1.0,248.58,0.6719,-0.14599,-1.68544,0.00243,-0.61922
235.39,SYN.ETH-25SEP20,1583319543350,open,0.06,731.0,0.023,0.1015,0.056138,94.63,0.051,0.0,ETH-25SEP20-560-C,223.21,92.83,0.0525,45.0,0.06,496.0,96.49,0.48272,-0.11148,0.18043,0.00164,0.1927
235.39,SYN.ETH-25SEP20,1583319543350,open,0.08,1017.0,0.0365,0.1285,0.077655,93.54,0.076,0.0,ETH-25SEP20-480-C,223.21,92.42,0.075,10.0,0.0805,291.0,94.72,0.56348,-0.12863,0.23114,0.00194,0.25259
229.73,ETH-26JUN20,1583319543355,open,0.0,1908.0,0.0005,0.0105,0.000706,99.36,0.0005,0.0,ETH-26JUN20-60-P,223.21,0.0,0.0,0.0,0.002,300.0,114.21,0.0135,-0.00589,-0.00302,8e-05,-0.0035
235.39,SYN.ETH-25SEP20,1583319543355,open,0.93,0.0,0.869,1.0555,0.958738,91.8,None,0.0,ETH-25SEP20-440-P,223.21,0.0,0.0,0.0,0.0,0.0,0.0,0.59956,-0.13433,-2.21033,0.0021,-0.71417
235.39,SYN.ETH-25SEP20,1583319543355,open,0.01,500.0,0.0005,0.021,0.009344,91.27,0.008,0.0,ETH-25SEP20-80-P,223.21,85.95,0.007,300.0,0.012,300.0,96.54,0.11136,-0.02481,-0.04858,0.00039,-0.02742
224.07,ETH-27MAR20,1583319543357,open,0.0,6130.0,0.0005,0.016,0.004425,103.95,0.0065,0.0,ETH-27MAR20-360-C,223.21,99.8,0.0035,300.0,0.0055,240.0,108.17,0.05348,-0.12152,0.00574,0.00164,0.04533
229.73,ETH-26JUN20,1583319543357,open,0.07,1789.0,0.0435,0.117,0.077788,83.57,0.0765,0.0,ETH-26JUN20-180-P,223.21,79.5,0.071,316.0,0.08,281.0,84.89,0.38467,-0.14116,-0.21689,0.0028,-0.22483
229.73,ETH-26JUN20,1583319543357,open,0.09,1499.0,0.046,0.132,0.086419,88.64,0.089,0.0,ETH-26JUN20-320-C,223.21,86.96,0.083,281.0,0.09,601.0,90.39,0.46834,-0.18227,0.17929,0.00321,0.33657
224.07,ETH-27MAR20,1583319543357,open,0.0,7919.0,0.0005,0.0105,0.000278,142.47,0.0005,0.0,ETH-27MAR20-640-C,223.21,0.0,0.0,0.0,0.0015,359.0,169.09,0.00491,-0.01528,0.00036,0.00011,0.00285
229.73,ETH-26JUN20,1583319543360,open,0.01,413.0,0.001,0.031,0.010994,107.04,0.012,0.0,ETH-26JUN20-720-C,223.21,102.62,0.0085,300.0,0.0125,300.0,109.42,0.13969,-0.06565,0.03048,0.00079,0.05352
224.07,ETH-27MAR20,1583319543363,open,0.0,4552.0,0.0005,0.0135,0.003237,115.61,0.004,0.0,ETH-27MAR20-400-C,223.21,114.25,0.003,5.0,0.0035,240.0,117.05,0.03987,-0.10074,0.00399,0.0011,0.03162
224.07,ETH-27MAR20,1583319543366,open,0.3,2335.0,0.2665,0.3195,0.292854,94.48,0.266,0.0,ETH-27MAR20-160-C,223.21,0.0,0.2855,23.0,0.317,22.0,148.83,0.06814,-0.1407,0.09067,0.00229,0.93849
229.73,ETH-26JUN20,1583319543366,open,0.74,42.0,0.73,0.7495,0.739507,98.97,0.7865,0.0,ETH-26JUN20-60-C,223.21,0.0,0.01,50.0,0.0,0.0,0.0,0.01319,-0.00573,0.18426,8e-05,0.99658
235.39,SYN.ETH-25SEP20,1583319543366,open,0.16,534.0,0.099,0.2115,0.154118,87.35,0.167,0.0,ETH-25SEP20-320-C,223.21,86.12,0.1505,35.0,0.158,496.0,88.66,0.69649,-0.14847,0.38238,0.00256,0.44352
235.39,SYN.ETH-25SEP20,1583319543366,open,0.09,490.0,0.0455,0.1425,0.089896,91.96,0.099,0.0,ETH-25SEP20-440-C,223.21,90.82,0.087,10.0,0.093,503.0,93.17,0.60027,-0.13471,0.25983,0.0021,0.28655
224.07,ETH-27MAR20,1583319543368,open,0.0,385.0,0.0005,0.0105,0.0,110.27,0.0005,0.0,ETH-27MAR20-70-P,223.21,0.0,0.0,0.0,0.0005,591.0,185.49,2e-05,-4e-05,0.0,0.0,-1e-05
235.39,SYN.ETH-25SEP20,1583319543368,open,0.2,1097.0,0.134,0.2485,0.191587,86.04,0.2,0.0,ETH-25SEP20-280-C,223.21,84.51,0.187,38.0,0.196,270.0,87.52,0.70256,-0.14753,0.43547,0.00263,0.52118
229.73,ETH-26JUN20,1583319543378,open,0.03,750.0,0.0105,0.065,0.031926,98.11,0.0385,0.0,ETH-26JUN20-480-C,223.21,96.56,0.03,100.0,0.034,610.0,99.74,0.2886,-0.12432,0.07901,0.00179,0.14217
223.25,SYN.ETH-6MAR20,1583319543387,open,0.0,1008.0,0.0005,0.012,0.001218,91.87,0.002,0.0,ETH-6MAR20-250-C,223.21,88.54,0.001,560.0,0.0015,5.0,95.71,0.01543,-0.27189,0.00051,0.00656,0.04595
235.39,SYN.ETH-25SEP20,1583319543390,open,0.08,179.0,0.0495,0.1265,0.085363,85.03,0.083,0.0,ETH-25SEP20-160-P,223.21,80.19,0.076,323.0,0.0825,10.0,83.56,0.45886,-0.09522,-0.34744,0.00174,-0.1776
223.51,SYN.ETH-13MAR20,1583319543433,open,0.17,0.0,0.1265,0.1875,0.157436,88.64,None,0.0,ETH-13MAR20-190-C,223.21,0.0,0.1495,21.0,0.1855,20.0,160.1,0.06412,-0.32018,0.03999,0.00595,0.89329
223.25,SYN.ETH-6MAR20,1583319543433,open,0.19,232.0,0.1745,0.247,0.209404,0.0,0.192,0.0,ETH-6MAR20-270-P,223.21,0.0,0.18,12.0,0.2215,12.0,235.67,0.0,0.0,-0.01388,0.0,-1.0
223.51,SYN.ETH-13MAR20,1583319543433,open,0.3,0.0,0.2625,0.309,0.285419,108.2,None,0.0,ETH-13MAR20-160-C,223.21,0.0,0.2795,20.0,0.305,20.0,206.26,0.01647,-0.10039,0.03778,0.00125,0.98057
223.51,SYN.ETH-13MAR20,1583319543433,open,0.25,0.0,0.2165,0.2685,0.242117,104.37,None,0.0,ETH-13MAR20-170-C,223.21,0.0,0.239,1.0,0.264,20.0,189.76,0.02941,-0.17291,0.03907,0.00232,0.96103
224.07,ETH-27MAR20,1583319543435,open,1.63,0.0,1.6005,1.762,1.678831,154.75,None,0.0,ETH-27MAR20-600-P,223.21,0.0,0.03,50.0,0.0,0.0,0.0,0.01419,-0.04799,-0.37487,0.00029,-0.99058
223.51,SYN.ETH-13MAR20,1583319543433,open,0.0,696.0,0.0005,0.0175,0.004462,96.13,0.0045,0.0,ETH-13MAR20-180-P,223.21,90.93,0.0035,600.0,0.0055,300.0,101.15,0.04385,-0.23745,-0.00374,0.00376,-0.06435
235.39,SYN.ETH-25SEP20,1583319543435,open,0.13,872.0,0.075,0.184,0.127369,89.15,0.13,0.0,ETH-25SEP20-360-C,223.21,88.32,0.125,10.0,0.13,491.0,90.07,0.67215,-0.14623,0.33545,0.00242,0.38125
235.39,SYN.ETH-25SEP20,1583319543435,open,0.02,182.0,0.0065,0.0555,0.023661,101.7,0.029,0.0,ETH-25SEP20-880-C,223.21,99.85,0.0215,52.0,0.026,300.0,103.6,0.28295,-0.07023,0.08574,0.00089,0.08855
223.51,SYN.ETH-13MAR20,1583319543435,open,0.01,285.0,0.0005,0.0275,0.008968,84.83,0.009,0.0,ETH-13MAR20-260-C,223.21,80.46,0.0075,594.0,0.009,1.0,84.92,0.07785,-0.37199,0.00716,0.00755,0.14071
235.39,SYN.ETH-25SEP20,1583319543437,open,0.07,388.0,0.028,0.112,0.06454,93.54,0.062,0.0,ETH-25SEP20-520-C,223.21,91.69,0.0605,44.0,0.068,294.0,95.1,0.51879,-0.11843,0.20214,0.00178,0.21753
235.39,SYN.ETH-25SEP20,1583319543437,open,0.02,419.0,0.007,0.0365,0.018722,87.77,0.0155,0.0,ETH-25SEP20-100-P,223.21,84.88,0.0165,300.0,0.021,250.0,90.58,0.18616,-0.03987,-0.09275,0.00068,-0.05148
223.51,SYN.ETH-13MAR20,1583319543439,open,0.28,0.0,0.26,0.343,0.299338,89.02,None,0.0,ETH-13MAR20-290-P,223.21,0.0,0.0,0.0,0.0,0.0,0.0,0.02719,-0.13633,-0.0687,0.00251,-0.9646
223.51,SYN.ETH-13MAR20,1583319543439,open,0.0,23.0,0.0005,0.011,0.001264,108.1,0.002,0.0,ETH-13MAR20-160-P,223.21,94.51,0.0005,357.0,0.0025,327.0,121.56,0.01641,-0.09994,-0.00112,0.00125,-0.01935
223.51,SYN.ETH-13MAR20,1583319543439,open,0.01,555.0,0.0005,0.024,0.007502,88.61,0.0075,0.0,ETH-13MAR20-190-P,223.21,85.01,0.0065,600.0,0.0085,4.0,92.0,0.06409,-0.31992,-0.0062,0.00595,-0.10664
223.51,SYN.ETH-13MAR20,1583319543441,open,0.24,0.0,0.217,0.299,0.255948,87.9,None,0.0,ETH-13MAR20-280-P,223.21,0.0,0.0,0.0,0.0,0.0,0.0,0.0402,-0.19904,-0.06513,0.00376,-0.94242
223.25,SYN.ETH-6MAR20,1583319543441,open,0.5,0.0,0.479,0.57,0.522901,0.0,None,0.0,ETH-6MAR20-340-P,223.21,0.0,0.0,0.0,0.0,0.0,0.0,0.0,0.0,-0.01747,0.0,-1.0
223.51,SYN.ETH-13MAR20,1583319543441,open,0.2,0.0,0.1745,0.256,0.213264,85.9,None,0.0,ETH-13MAR20-270-P,223.21,0.0,0.0,0.0,0.0,0.0,0.0,0.05637,-0.27275,-0.06108,0.0054,-0.9105
223.51,SYN.ETH-13MAR20,1583319543441,open,0.0,152.0,0.0005,0.011,0.001094,90.44,0.0015,0.0,ETH-13MAR20-300-C,223.21,81.22,0.0005,56.0,0.002,300.0,99.51,0.01821,-0.09278,0.00113,0.00166,0.02188
223.51,SYN.ETH-13MAR20,1583319543441,open,0.0,22.0,0.0005,0.0125,0.002702,104.32,0.004,0.0,ETH-13MAR20-170-P,223.21,98.52,0.002,600.0,0.0035,308.0,109.96,0.02936,-0.17254,-0.00226,0.00232,-0.0389
223.51,SYN.ETH-13MAR20,1583319543441,open,0.0,304.0,0.0005,0.0115,0.001635,104.93,0.0025,0.0,ETH-13MAR20-310-C,223.21,97.48,0.001,1.0,0.0025,314.0,112.54,0.02212,-0.13075,0.00141,0.00174,0.02759
223.51,SYN.ETH-13MAR20,1583319543444,open,0.03,100.0,0.005,0.0505,0.023877,81.89,0.027,0.0,ETH-13MAR20-240-C,223.21,78.46,0.022,240.0,0.025,1.0,83.92,0.1231,-0.56784,0.01559,0.01237,0.31079
223.51,SYN.ETH-13MAR20,1583319543444,open,0.07,12.0,0.027,0.091,0.058549,81.56,0.081,0.0,ETH-13MAR20-220-C,223.21,75.75,0.055,217.0,0.061,402.0,85.57,0.13661,-0.62769,0.02805,0.01379,0.57458
223.51,SYN.ETH-13MAR20,1583319543444,open,0.37,0.0,0.347,0.4355,0.388585,104.78,None,0.0,ETH-13MAR20-310-P,223.21,0.0,0.0,0.0,0.0,0.0,0.0,0.022,-0.12988,-0.07398,0.00173,-0.97259
223.51,SYN.ETH-13MAR20,1583319543446,open,0.13,0.0,0.085,0.1505,0.118457,83.08,None,0.0,ETH-13MAR20-200-C,223.21,33.81,0.1055,21.0,0.1495,20.0,148.05,0.09085,-0.42522,0.03823,0.009,0.82189
223.51,SYN.ETH-13MAR20,1583319543446,open,0.32,0.0,0.3035,0.3875,0.343303,90.28,None,0.0,ETH-13MAR20-300-P,223.21,0.0,0.0,0.0,0.0,0.0,0.0,0.01806,-0.09187,-0.07183,0.00165,-0.97832
224.07,ETH-27MAR20,1583319543580,open,0.15,3220.0,0.1075,0.1775,0.143254,82.84,0.185,0.0,ETH-27MAR20-200-C,223.21,76.89,0.1385,219.0,0.148,394.0,88.66,0.18098,-0.32768,0.08418,0.00694,0.74269
224.07,ETH-27MAR20,1583319543580,open,0.0,1435.0,0.0005,0.0105,0.000788,109.7,0.0025,0.0,ETH-27MAR20-120-P,223.21,0.0,0.0,0.0,0.0025,372.0,130.16,0.01223,-0.02933,-0.00123,0.00035,-0.00795
229.73,ETH-26JUN20,1583319543580,open,0.01,729.0,0.0005,0.0215,0.009051,96.17,0.008,0.0,ETH-26JUN20-100-P,223.21,89.69,0.0065,300.0,0.012,300.0,102.58,0.09824,-0.04148,-0.03129,0.00062,-0.03461
225.78,SYN.ETH-24APR20,1583319543580,open,0.35,0.0,0.316,0.43,0.371172,89.9,None,0.0,ETH-24APR20-300-P,223.21,0.0,0.0,0.0,0.0,0.0,0.0,0.26705,-0.23595,-0.35328,0.00418,-0.75143
224.07,ETH-27MAR20,1583319543580,open,0.0,1974.0,0.0005,0.0105,0.000901,142.47,0.002,0.0,ETH-27MAR20-560-C,223.21,133.93,0.0005,90.0,0.0015,300.0,151.07,0.01287,-0.04008,0.00106,0.00029,0.00843
235.39,SYN.ETH-25SEP20,1583319543580,open,0.03,2.0,0.0075,0.0595,0.02614,101.16,0.031,0.0,ETH-25SEP20-840-C,223.21,99.04,0.0235,51.0,0.029,300.0,103.32,0.30236,-0.07464,0.09344,0.00096,0.09686
235.39,SYN.ETH-25SEP20,1583319543580,open,0.68,1.0,0.6535,0.6875,0.669554,91.43,0.684,0.0,ETH-25SEP20-80-C,223.21,0.0,0.62,1.0,0.0,0.0,0.0,0.1118,-0.02495,0.4002,0.00039,0.97245
235.39,SYN.ETH-25SEP20,1583319543582,open,0.03,37.0,0.01,0.0685,0.031931,99.74,0.033,0.0,ETH-25SEP20-760-C,223.21,98.4,0.03,10.0,0.034,300.0,101.13,0.34459,-0.08388,0.11118,0.00111,0.11608
223.25,SYN.ETH-6MAR20,1583319543582,open,0.54,0.0,0.5225,0.616,0.567693,0.0,None,0.0,ETH-6MAR20-350-P,223.21,0.0,0.0,0.0,0.0,0.0,0.0,0.0,0.0,-0.01799,0.0,-1.0
229.73,ETH-26JUN20,1583319543586,open,0.66,0.0,0.642,0.6695,0.65523,99.16,None,0.0,ETH-26JUN20-80-C,223.21,0.0,0.6515,1.0,0.0,0.0,0.0,0.0474,-0.02064,0.23666,0.00029,0.98543
229.73,ETH-26JUN20,1583319543589,open,0.0,2429.0,0.0005,0.013,0.003496,99.3,0.003,0.0,ETH-26JUN20-80-P,223.21,90.84,0.002,300.0,0.0055,300.0,107.7,0.04765,-0.02078,-0.01301,0.00029,-0.01466
235.39,SYN.ETH-25SEP20,1583319543591,open,0.2,603.0,0.152,0.271,0.210332,85.02,0.191,0.0,ETH-25SEP20-220-P,223.21,79.97,0.1965,274.0,0.211,249.0,85.26,0.6429,-0.13339,-0.72125,0.00243,-0.33555
229.73,ETH-26JUN20,1583319543593,open,1.92,0.0,1.878,2.083,1.973918,107.41,None,0.0,ETH-26JUN20-680-P,223.21,0.0,0.0,0.0,0.0,0.0,0.0,0.16398,-0.07733,-2.08444,0.00093,-0.93434
223.25,SYN.ETH-6MAR20,1583319543598,open,0.15,203.0,0.131,0.202,0.164821,89.68,0.135,0.0,ETH-6MAR20-260-P,223.21,0.0,0.136,13.0,0.1945,13.0,288.63,0.00415,-0.09915,-0.01325,0.00181,-0.99032
223.25,SYN.ETH-6MAR20,1583319543605,open,0.16,0.0,0.123,0.1755,0.149267,102.31,None,0.0,ETH-6MAR20-190-C,223.21,0.0,0.0,0.0,0.0,0.0,0.0,0.00525,-0.14314,0.00961,0.002,0.98731
223.25,SYN.ETH-6MAR20,1583319543608,open,0.0,669.0,0.0005,0.0105,5e-06,91.87,0.0005,0.0,ETH-6MAR20-280-C,223.21,0.0,0.0,0.0,0.0005,22.0,141.32,0.00019,-0.00122,0.0,8e-05,0.00033
223.25,SYN.ETH-6MAR20,1583319543694,open,0.0,541.0,0.0005,0.0105,1e-06,91.87,0.0005,0.0,ETH-6MAR20-290-C,223.21,0.0,0.0,0.0,0.001,359.0,176.02,3e-05,-0.00014,0.0,1e-05,4e-05
235.39,SYN.ETH-25SEP20,1583319543699,open,0.47,17.0,0.424,0.498,0.461123,85.12,0.49,0.0,ETH-25SEP20-140-C,223.21,0.0,0.405,1.0,0.485,120.0,99.72,0.37002,-0.07686,0.54225,0.0014,0.87153
223.25,SYN.ETH-6MAR20,1583319543699,open,0.46,0.0,0.4355,0.5235,0.47811,0.0,None,0.0,ETH-6MAR20-330-P,223.21,0.0,0.0,0.0,0.0,0.0,0.0,0.0,0.0,-0.01696,0.0,-1.0
235.39,SYN.ETH-25SEP20,1583319543699,open,0.6,4.0,0.5715,0.618,0.593986,87.88,0.625,0.0,ETH-25SEP20-100-C,223.21,0.0,0.575,1.0,0.6635,3.0,151.9,0.18654,-0.04001,0.46825,0.00068,0.94839
235.39,SYN.ETH-25SEP20,1583319543699,open,0.0,678.0,0.0005,0.0135,0.003833,96.08,0.0045,0.0,ETH-25SEP20-60-P,223.21,89.62,0.0025,300.0,0.0055,300.0,102.49,0.05488,-0.01287,-0.02085,0.00018,-0.01195
223.25,SYN.ETH-6MAR20,1583319543699,open,0.37,0.0,0.3485,0.4315,0.388528,0.0,None,0.0,ETH-6MAR20-310-P,223.21,0.0,0.0,0.0,0.0,0.0,0.0,0.0,0.0,-0.01593,0.0,-1.0
224.07,ETH-27MAR20,1583319543701,open,0.52,54.0,0.494,0.524,0.509263,104.53,0.5285,0.0,ETH-27MAR20-110-C,223.21,0.0,0.0,0.0,0.0,0.0,0.0,0.00386,-0.00882,0.06861,0.00012,0.99781
224.07,ETH-27MAR20,1583319543701,open,0.69,75.0,0.678,0.6975,0.687542,0.0,0.739,0.0,ETH-27MAR20-70-C,223.21,0.0,0.0,0.0,0.0,0.0,0.0,0.0,0.0,0.04387,0.0,1.0
229.73,ETH-26JUN20,1583319543701,open,0.03,876.0,0.0115,0.052,0.028247,85.34,0.028,0.0,ETH-26JUN20-140-P,223.21,82.5,0.0255,346.0,0.031,600.0,88.09,0.22641,-0.08484,-0.09245,0.00161,-0.10074
229.73,ETH-26JUN20,1583319543701,open,0.58,1.0,0.555,0.5945,0.573738,96.12,0.38,0.0,ETH-26JUN20-100-C,223.21,0.0,0.5645,1.0,0.0,0.0,0.0,0.09814,-0.04142,0.28074,0.00062,0.96544
223.25,SYN.ETH-6MAR20,1583319543701,open,0.59,0.0,0.566,0.662,0.612484,0.0,None,0.0,ETH-6MAR20-360-P,223.21,0.0,0.0,0.0,0.0,0.0,0.0,0.0,0.0,-0.0185,0.0,-1.0
235.39,SYN.ETH-25SEP20,1583319543701,open,0.75,5.0,0.7385,0.761,0.748991,96.32,0.769,0.0,ETH-25SEP20-60-C,223.21,0.0,0.023,20.0,0.7905,3.0,176.53,0.05534,-0.01301,0.31571,0.00018,0.98794
224.07,ETH-27MAR20,1583319543704,open,0.02,10753.0,0.0055,0.0455,0.021276,89.9,0.0205,0.0,ETH-27MAR20-280-C,223.21,88.01,0.02,292.0,0.022,1.0,90.96,0.15227,-0.29922,0.02371,0.00538,0.1901
235.39,SYN.ETH-25SEP20,1583319543704,open,0.32,290.0,0.26,0.3645,0.313708,85.09,0.332,0.0,ETH-25SEP20-200-C,223.21,80.68,0.3025,288.0,0.3165,258.0,86.2,0.59658,-0.12389,0.53302,0.00225,0.71713
229.73,ETH-26JUN20,1583319543708,open,0.92,0.0,0.8795,1.042,0.956282,96.93,None,0.0,ETH-26JUN20-440-P,223.21,0.0,0.01,50.0,0.0,0.0,0.0,0.33232,-0.14144,-1.27577,0.00208,-0.8237
224.07,ETH-27MAR20,1583319543710,open,0.0,3579.0,0.0005,0.011,0.001145,125.45,0.003,0.0,ETH-27MAR20-480-C,223.21,114.36,0.0005,101.0,0.002,300.0,134.59,0.01707,-0.04681,0.00147,0.00043,0.01165
224.07,ETH-27MAR20,1583319543713,open,0.01,3066.0,0.004,0.036,0.01598,86.9,0.0195,0.0,ETH-27MAR20-180-P,223.21,84.09,0.0145,540.0,0.0175,300.0,89.69,0.12013,-0.22817,-0.02083,0.00439,-0.13233
224.07,ETH-27MAR20,1583319543713,open,1.81,0.0,1.774,1.9455,1.857166,160.03,None,0.0,ETH-27MAR20-640-P,223.21,0.0,0.01,50.0,0.0,0.0,0.0,0.01199,-0.04195,-0.40014,0.00024,-0.99222
223.25,SYN.ETH-6MAR20,1583319543722,open,0.0,20.0,0.0005,0.0105,0.0,91.87,0.0005,0.0,ETH-6MAR20-350-C,223.21,0.0,0.0,0.0,0.001,359.0,276.79,0.0,0.0,0.0,0.0,0.0
223.25,SYN.ETH-6MAR20,1583319543725,open,0.41,0.0,0.392,0.4775,0.433319,0.0,None,0.0,ETH-6MAR20-320-P,223.21,0.0,0.0,0.0,0.0,0.0,0.0,0.0,0.0,-0.01644,0.0,-1.0
9091.16,BTC-26JUN20,1583319543730,open,0.05,93.4,0.0245,0.0855,0.04895201,72.17,0.0485,0.0,BTC-26JUN20-13000-C,8736.77,71.34,0.0475,17.0,0.0505,27.0,73.05,16.01487,-5.07499,5.60247,9e-05,0.24648
8788.17,BTC-27MAR20,1583319543730,open,0.0,707.3,0.0005,0.0105,0.0001711,83.68,0.001,0.0,BTC-27MAR20-5000-P,8736.77,0.0,0.0,0.0,0.0005,0.1,94.35,0.1757,-0.32135,-0.01515,0.0,-0.00258
9324.84,BTC-25SEP20,1583319543730,open,0.58,710.1,0.566,0.596,0.57902581,70.87,0.588,0.0,BTC-25SEP20-4000-C,8736.77,45.45,0.5715,9.0,0.5925,9.0,90.24,4.94661,-0.85559,20.38649,1e-05,0.96852
9324.84,BTC-25SEP20,1583319543730,open,0.12,438.1,0.0805,0.1715,0.12004519,70.31,0.119,0.0,BTC-25SEP20-12000-C,8736.77,69.1,0.1165,31.6,0.1235,31.6,71.49,27.23165,-4.67288,15.42358,8e-05,0.41472
9091.16,BTC-26JUN20,1583319543730,open,0.01,324.4,0.0005,0.0265,0.00775529,99.96,0.0085,0.0,BTC-26JUN20-28000-C,8736.77,98.38,0.007,32.0,0.0085,33.3,101.42,4.49271,-1.97185,0.95201,2e-05,0.04132
9324.84,BTC-25SEP20,1583319543730,open,0.31,289.5,0.271,0.3845,0.32251863,68.81,0.318,0.0,BTC-25SEP20-11000-P,8736.77,67.46,0.3185,4.0,0.325,4.8,69.64,27.81613,-4.67135,-44.35938,8e-05,-0.52499
9091.16,BTC-26JUN20,1583319543730,open,1.84,0.0,1.8065,1.9435,1.86879757,97.0,None,0.0,BTC-26JUN20-26000-P,8736.77,0.0,0.0005,0.1,3.0,0.1,500.0,5.03479,-2.14424,-80.01877,2e-05,-0.95241
9324.84,BTC-25SEP20,1583319543730,open,0.26,104.7,0.2225,0.3055,0.26050438,65.85,0.253,0.0,BTC-25SEP20-8000-C,8736.77,64.28,0.2565,18.4,0.266,26.4,68.0,23.86224,-3.83484,23.59672,7e-05,0.71133
9091.16,BTC-26JUN20,1583319543730,open,0.01,1129.4,0.0005,0.0285,0.00894583,97.12,0.008,0.0,BTC-26JUN20-26000-C,8736.77,95.36,0.008,32.0,0.01,77.4,98.95,5.05872,-2.1572,1.10421,2e-05,0.04788
8788.17,BTC-27MAR20,1583319543730,open,0.0,221.1,0.0005,0.0105,1.2e-07,114.06,0.0005,0.0,BTC-27MAR20-34000-C,8736.77,0.0,0.0,0.0,0.0005,29.0,186.86,0.00023,-0.00057,1e-05,0.0,0.0
9091.16,BTC-26JUN20,1583319543730,open,0.2,870.7,0.168,0.259,0.2093634,66.36,0.204,0.0,BTC-26JUN20-10000-P,8736.77,65.74,0.208,4.0,0.211,4.0,67.09,20.20599,-5.887,-20.93126,0.00012,-0.52861
8788.17,BTC-27MAR20,1583319543730,open,0.0,374.5,0.0005,0.0105,6.924e-05,112.93,0.001,0.0,BTC-27MAR20-22000-C,8736.77,0.0,0.0,0.0,0.0005,20.0,134.14,0.07089,-0.17498,0.00487,0.0,0.00095
9324.84,BTC-25SEP20,1583319543730,open,0.57,103.0,0.5305,0.6565,0.58725214,72.56,0.56,0.0,BTC-25SEP20-14000-P,8736.77,0.0,0.5,0.1,2.0,0.1,500.0,24.88836,-4.40708,-66.47967,7e-05,-0.68288
8788.17,BTC-27MAR20,1583319543730,open,0.8,21.2,0.7855,0.8645,0.82209123,105.91,0.501,0.0,BTC-27MAR20-16000-P,8736.77,0.0,0.0055,0.1,1.5,0.1,500.0,0.91344,-2.11452,-9.94378,2e-05,-0.9833
9324.84,BTC-25SEP20,1583319543730,open,0.06,422.5,0.0345,0.111,0.06501218,75.25,0.063,0.0,BTC-25SEP20-16000-C,8736.77,74.19,0.0625,28.4,0.0675,24.8,76.29,22.18075,-4.07336,9.6605,6e-05,0.24958
8788.17,BTC-27MAR20,1583319543730,open,0.0,1412.0,0.0005,0.011,0.00135905,76.45,0.0015,0.0,BTC-27MAR20-6000-P,8736.77,72.94,0.001,72.4,0.002,73.8,81.48,0.98852,-1.65176,-0.10837,3e-05,-0.01832
9324.84,BTC-25SEP20,1583319543731,open,0.49,1.0,0.4635,0.5075,0.48298761,67.68,0.581,0.0,BTC-25SEP20-5000-C,8736.77,50.54,0.4695,8.0,0.503,8.0,85.01,9.28465,-1.5335,23.44531,3e-05,0.93092
8788.17,BTC-27MAR20,1583319543731,open,0.01,2571.2,0.0005,0.017,0.00498467,76.87,0.005,0.0,BTC-27MAR20-12000-C,8736.77,75.28,0.0045,63.0,0.0055,32.0,78.47,2.75474,-4.62865,0.32481,7e-05,0.06396
9091.33,BTC-26JUN20,1583319543731,open,0.28,126.8,0.2445,0.3065,0.27320037,64.72,0.2655,0.0,BTC-26JUN20-7000-C,8736.77,62.88,0.2705,0.5,0.2815,8.0,70.21,13.46442,-3.826,15.42362,8e-05,0.81698
9091.33,BTC-26JUN20,1583319543731,open,2.05,0.0,2.0215,2.166,2.0875857,99.9,None,0.0,BTC-26JUN20-28000-P,8736.77,0.0,0.0005,0.1,0.0,0.0,0.0,4.48304,-1.96651,-86.40704,2e-05,-0.95879
8788.17,BTC-27MAR20,1583319543730,open,1.25,5.3,1.2315,1.324,1.27602706,113.74,0.907,0.0,BTC-27MAR20-20000-P,8736.77,0.0,0.0005,1.0,2.0,0.1,500.0,0.2025,-0.50343,-12.51932,0.0,-0.99698
8788.17,BTC-27MAR20,1583319543730,open,0.22,582.8,0.1895,0.2295,0.20845583,63.92,0.215,0.0,BTC-27MAR20-7000-C,8736.77,42.2,0.204,10.0,0.2265,10.0,101.78,2.84251,-3.97143,3.99289,9e-05,0.9334
8788.17,BTC-27MAR20,1583319543731,open,0.0,1337.7,0.0005,0.014,0.0034776,85.68,0.0035,0.0,BTC-27MAR20-13000-C,8736.77,83.5,0.003,32.0,0.004,74.5,87.88,2.00604,-3.75684,0.21706,5e-05,0.04289
8788.17,BTC-27MAR20,1583319543730,open,0.16,10.3,0.1355,0.1805,0.15648822,59.1,0.174,0.0,BTC-27MAR20-7500-C,8736.77,54.04,0.154,21.5,0.1615,11.5,68.07,4.55577,-5.88541,3.95158,0.00016,0.87394
9324.84,BTC-25SEP20,1583319543731,open,0.17,368.2,0.1305,0.2225,0.17226324,67.4,0.1715,0.0,BTC-25SEP20-10000-C,8736.77,66.63,0.17,12.9,0.1745,0.1,68.15,27.69027,-4.55444,19.52963,8e-05,0.54539
9091.33,BTC-26JUN20,1583319543731,open,0.37,142.3,0.337,0.4375,0.3827407,70.19,0.408,0.0,BTC-26JUN20-12000-P,8736.77,0.0,0.005,1.3,0.6,0.6,170.03,17.76998,-5.47662,-30.58785,0.0001,-0.69567
9324.84,BTC-25SEP20,1583319543730,open,0.96,2.1,0.921,1.056,0.98112685,77.67,0.888,0.0,BTC-25SEP20-18000-P,8736.77,0.0,0.12,1.0,2.0,1.0,500.0,19.59669,-3.71456,-93.1914,5e-05,-0.79935
8788.17,BTC-27MAR20,1583319543730,open,0.01,1136.7,0.0005,0.0235,0.0084912,68.38,0.0085,0.0,BTC-27MAR20-11000-C,8736.77,67.33,0.008,10.0,0.009,72.0,69.45,4.14117,-6.18976,0.55996,0.00013,0.11016
8788.17,BTC-27MAR20,1583319543730,open,1.03,0.0,1.0085,1.0945,1.04895005,113.33,1.23,0.0,BTC-27MAR20-18000-P,8736.77,0.0,0.0125,1.0,2.0,0.1,500.0,0.51057,-1.26475,-11.23823,1e-05,-0.99146
8788.17,BTC-27MAR20,1583319543731,open,0.27,0.0,0.246,0.2815,0.26283429,69.24,None,0.0,BTC-27MAR20-6500-C,8736.77,45.8,0.2605,10.0,0.28,10.0,116.88,1.65518,-2.50499,3.87357,5e-05,0.96612
8788.17,BTC-27MAR20,1583319543730,open,0.06,1146.8,0.048,0.104,0.06964605,56.23,0.067,0.0,BTC-27MAR20-9000-P,8736.77,53.06,0.0665,45.7,0.07,4.0,56.58,8.7343,-10.73391,-3.35432,0.00032,-0.53936
8788.17,BTC-27MAR20,1583319543731,open,0.0,268.8,0.0005,0.0105,2.9e-07,113.47,0.0005,0.0,BTC-27MAR20-32000-C,8736.77,0.0,0.0,0.0,0.0005,0.3,179.71,0.00053,-0.00132,3e-05,0.0,1e-05
9091.33,BTC-26JUN20,1583319543731,open,0.68,34.7,0.662,0.682,0.67175829,93.27,0.708,0.0,BTC-26JUN20-3000-C,8736.77,0.0,0.0,0.0,0.0,0.0,0.0,1.16879,-0.47868,9.07032,0.0,0.99154
8788.17,BTC-27MAR20,1583319543730,open,0.0,1616.8,0.0005,0.0155,0.00498775,63.94,0.004,0.0,BTC-27MAR20-7000-P,8736.77,62.4,0.0045,97.0,0.0055,33.7,65.49,2.84433,-3.97524,-0.39457,9e-05,-0.06665
8788.17,BTC-27MAR20,1583319543731,open,0.0,1389.6,0.0005,0.0105,2.94e-06,83.8,0.0005,0.0,BTC-27MAR20-4000-P,8736.77,0.0,0.0,0.0,0.0005,49.9,128.29,0.00517,-0.00947,-0.00033,0.0,-6e-05
9278.54,SYN.BTC-25SEP20,1583319543731,open,0.02,345.4,0.005,0.047,0.01752326,91.89,0.0165,0.0,BTC-25SEP20-32000-C,8736.77,90.89,0.0165,24.0,0.0185,8.0,92.82,9.63626,-2.16109,2.88781,2e-05,0.07297
9091.33,BTC-26JUN20,1583319543730,open,0.0,838.8,0.0005,0.0135,0.00398855,80.78,0.0035,0.0,BTC-26JUN20-4000-P,8736.77,78.94,0.0035,32.0,0.0045,25.0,82.58,2.50237,-0.8876,-0.69231,1e-05,-0.02042
9091.33,BTC-26JUN20,1583319543731,open,0.04,976.1,0.018,0.0735,0.03895951,74.17,0.0375,0.0,BTC-26JUN20-14000-C,8736.77,73.23,0.0375,45.1,0.0405,49.5,75.14,14.29531,-4.65526,4.62018,7e-05,0.20185
8788.17,BTC-27MAR20,1583319543731,open,0.0,2165.6,0.0005,0.011,0.00144119,105.71,0.0015,0.0,BTC-27MAR20-16000-C,8736.77,100.88,0.001,78.3,0.002,73.8,110.55,0.90466,-2.09025,0.083,2e-05,0.01651
9324.84,BTC-25SEP20,1583319543731,open,0.04,265.4,0.021,0.068,0.03962352,65.95,0.036,0.0,BTC-25SEP20-6000-P,8736.77,64.91,0.038,21.0,0.041,8.0,66.83,14.56276,-2.344,-8.73524,5e-05,-0.12727
9324.84,BTC-25SEP20,1583319543731,open,0.11,238.3,0.083,0.164,0.11844083,65.86,0.11,0.0,BTC-25SEP20-8000-P,8736.77,64.51,0.115,13.3,0.12,6.4,66.46,23.8623,-3.83515,-21.30831,7e-05,-0.28867
8788.17,BTC-27MAR20,1583319543731,open,0.05,1743.5,0.028,0.076,0.04553249,56.22,0.046,0.0,BTC-27MAR20-9000-C,8736.77,55.18,0.0445,4.0,0.0465,41.3,57.19,8.73427,-10.73202,2.28622,0.00032,0.46062
9091.33,BTC-26JUN20,1583319543731,open,0.01,410.3,0.0005,0.025,0.00698227,102.95,0.007,0.0,BTC-26JUN20-30000-C,8736.77,100.66,0.006,65.0,0.008,78.0,105.12,4.09178,-1.84962,0.84681,2e-05,0.03684
9091.33,BTC-26JUN20,1583319543731,open,0.98,1.0,0.9495,1.061,0.99919384,82.38,0.9,0.0,BTC-26JUN20-18000-P,8736.77,0.0,0.001,2.0,2.0,0.1,500.0,9.22403,-3.33636,-53.73099,4e-05,-0.89515
9324.84,BTC-25SEP20,1583319543731,open,0.33,15.4,0.289,0.362,0.3224407,65.85,0.315,0.0,BTC-25SEP20-7000-C,8736.77,55.72,0.3015,8.0,0.3445,8.0,76.06,19.78311,-3.17926,24.79432,6e-05,0.79615
9091.33,BTC-26JUN20,1583319543731,open,0.01,1641.4,0.0005,0.031,0.01022064,93.59,0.0105,0.0,BTC-26JUN20-24000-C,8736.77,92.41,0.0095,32.0,0.011,52.0,94.81,5.67285,-2.33118,1.27849,2e-05,0.0553
9091.33,BTC-26JUN20,1583319543731,open,0.11,942.5,0.0755,0.1515,0.10942038,66.36,0.1135,0.0,BTC-26JUN20-10000-C,8736.77,65.72,0.108,4.0,0.111,23.2,67.07,20.20653,-5.88795,10.26824,0.00012,0.47144
9324.84,BTC-25SEP20,1583319543731,open,0.4,1.5,0.3695,0.4285,0.39617118,65.95,0.3975,0.0,BTC-25SEP20-6000-C,8736.77,55.16,0.3805,8.0,0.404,8.0,70.83,14.56176,-2.34362,24.94412,5e-05,0.87274
9324.84,BTC-25SEP20,1583319543731,open,0.05,178.4,0.024,0.094,0.05076984,77.65,0.05,0.0,BTC-25SEP20-18000-C,8736.77,76.81,0.049,29.4,0.0525,25.6,78.47,19.59255,-3.71312,7.841,5e-05,0.20058
8788.17,BTC-27MAR20,1583319543731,open,0.0,37.2,0.0005,0.0105,2.843e-05,83.75,0.0005,0.0,BTC-27MAR20-4500-P,8736.77,0.0,0.0,0.0,0.0005,0.1,110.4,0.03823,-0.06998,-0.00284,0.0,-0.00049
9091.33,BTC-26JUN20,1583319543731,open,0.01,1367.4,0.0045,0.039,0.01496248,86.32,0.0145,0.0,BTC-26JUN20-20000-C,8736.77,85.16,0.014,55.8,0.016,33.0,87.53,7.66556,-2.90528,1.8911,3e-05,0.08164
8788.17,BTC-27MAR20,1583319543731,open,0.0,406.5,0.0005,0.0105,0.00072097,83.62,0.0005,0.0,BTC-27MAR20-5500-P,8736.77,79.73,0.0005,29.0,0.001,32.6,87.5,0.56334,-1.02958,-0.05658,1e-05,-0.00955
9324.84,BTC-25SEP20,1583319543732,open,0.04,316.0,0.018,0.0815,0.04102067,80.0,0.042,0.0,BTC-25SEP20-20000-C,8736.77,79.18,0.0395,24.0,0.0425,26.3,80.79,17.35367,-3.38814,6.49812,4e-05,0.16517
8788.17,BTC-27MAR20,1583319543731,open,0.0,428.4,0.0005,0.0105,5e-08,114.89,0.0005,0.0,BTC-27MAR20-36000-C,8736.77,0.0,0.0,0.0,0.0005,111.0,193.55,0.00011,-0.00027,1e-05,0.0,0.0
8788.17,BTC-27MAR20,1583319543731,open,0.36,173.2,0.3405,0.406,0.37046774,76.91,0.318,0.0,BTC-27MAR20-12000-P,8736.77,0.0,0.325,0.1,0.467,5.0,208.48,2.75804,-4.63632,-7.19548,7e-05,-0.93594
9091.33,BTC-26JUN20,1583319543731,open,0.0,373.7,0.0005,0.0115,0.0017412,93.26,0.0015,0.0,BTC-26JUN20-3000-P,8736.77,91.29,0.0015,32.0,0.002,44.0,95.19,1.16801,-0.47828,-0.28909,0.0,-0.00845
9324.84,BTC-25SEP20,1583319543731,open,1.16,2.5,1.124,1.263,1.18586179,80.02,1.15,0.0,BTC-25SEP20-20000-P,8736.77,0.0,0.22,1.0,2.0,1.0,438.16,17.35941,-3.38999,-105.7598,4e-05,-0.83474
8788.17,BTC-27MAR20,1583319543731,open,1.7,0.0,1.6775,1.787,1.73098761,118.36,None,0.0,BTC-27MAR20-24000-P,8736.77,0.0,0.0005,0.1,0.0,0.0,0.0,0.04578,-0.11844,-15.03853,0.0,-0.99941
9278.54,SYN.BTC-25SEP20,1583319543731,open,2.46,0.0,2.3875,2.562,2.46634172,91.89,None,0.0,BTC-25SEP20-32000-P,8736.77,0.0,0.0005,1.0,4.0,0.1,500.0,9.63626,-2.16109,-176.72924,2e-05,-0.92703
8788.17,BTC-27MAR20,1583319543731,open,0.44,35.7,0.4195,0.443,0.43121991,83.45,0.4975,0.0,BTC-27MAR20-5000-C,8736.77,0.0,0.401,10.0,0.458,10.0,207.23,0.17224,-0.31417,3.11884,0.0,0.99748
9278.54,SYN.BTC-25SEP20,1583319543731,open,0.02,198.2,0.007,0.054,0.02185313,88.41,0.019,0.0,BTC-25SEP20-28000-C,8736.77,87.28,0.0205,23.0,0.023,8.0,89.33,11.35533,-2.45004,3.5865,3e-05,0.09072
8788.17,BTC-27MAR20,1583319543731,open,0.0,329.6,0.0005,0.0105,2.187e-05,112.93,0.0005,0.0,BTC-27MAR20-24000-C,8736.77,0.0,0.0,0.0,0.001,40.0,155.75,0.02602,-0.06423,0.00166,0.0,0.00032
9324.84,BTC-25SEP20,1583319543732,open,2.83,0.0,2.7895,2.9775,2.8752056,94.72,None,0.0,BTC-25SEP20-36000-P,8736.77,0.0,0.0005,1.0,0.0,0.0,0.0,8.40215,-1.94238,-199.65165,2e-05,-0.93926
9278.54,SYN.BTC-25SEP20,1583319543732,open,0.03,113.6,0.0105,0.0645,0.02873596,84.52,0.026,0.0,BTC-25SEP20-24000-C,8736.77,83.68,0.0275,25.0,0.03,29.0,85.37,13.75647,-2.83765,4.65824,3e-05,0.11818
9091.33,BTC-26JUN20,1583319543732,open,0.01,534.4,0.0005,0.022,0.00898786,72.2,0.0085,0.0,BTC-26JUN20-5000-P,8736.77,70.32,0.008,44.1,0.01,55.0,74.03,4.90558,-1.55517,-1.5618,3e-05,-0.04608
8788.17,BTC-27MAR20,1583319543732,open,0.0,898.4,0.0005,0.0105,1e-08,115.91,0.0005,0.0,BTC-27MAR20-40000-C,8736.77,0.0,0.0,0.0,0.0005,0.1,205.75,2e-05,-6e-05,0.0,0.0,0.0
9091.33,BTC-26JUN20,1583319543732,open,0.56,12.5,0.532,0.636,0.5788752,74.16,0.56,0.0,BTC-26JUN20-14000-P,8736.77,0.0,0.001,5.0,2.0,0.1,500.0,14.29364,-4.6542,-39.05891,7e-05,-0.79819
9091.33,BTC-26JUN20,1583319543732,open,1.62,0.0,1.5915,1.721,1.65007533,93.55,None,0.0,BTC-26JUN20-24000-P,8736.77,0.0,0.0005,0.1,0.0,0.0,0.0,5.66527,-2.32714,-73.60068,2e-05,-0.9448
9091.33,BTC-26JUN20,1583319543732,open,1.4,0.0,1.3765,1.4995,1.43189613,89.86,None,0.0,BTC-26JUN20-22000-P,8736.77,0.0,0.001,2.0,2.5,0.1,500.0,6.48153,-2.55731,-67.11851,3e-05,-0.93444
8756.55,SYN.BTC-13MAR20,1583319543730,open,0.08,0.0,0.0695,0.124,0.09374389,56.6,None,0.0,BTC-13MAR20-9500-P,8736.77,0.0,0.079,7.0,0.0985,7.0,67.12,3.70162,-11.80341,-1.92505,0.00035,-0.81032
8788.34,BTC-27MAR20,1583319543732,open,0.0,937.4,0.0005,0.0105,0.00022228,112.93,0.0005,0.0,BTC-27MAR20-20000-C,8736.77,0.0,0.0,0.0,0.001,42.0,131.64,0.19073,-0.47077,0.01434,0.0,0.00283
9091.33,BTC-26JUN20,1583319543732,open,0.02,537.0,0.01,0.0565,0.02633831,78.25,0.0255,0.0,BTC-26JUN20-16000-C,8736.77,77.17,0.025,53.7,0.0275,57.0,79.17,11.37022,-3.90651,3.25896,6e-05,0.14124
9091.33,BTC-26JUN20,1583319543732,open,0.02,679.3,0.0085,0.0405,0.0202893,67.09,0.019,0.0,BTC-26JUN20-6000-P,8736.77,66.26,0.0195,16.0,0.021,34.0,67.83,8.74414,-2.57585,-3.33918,5e-05,-0.09744
8788.34,BTC-27MAR20,1583319543732,open,0.38,22.4,0.3615,0.3895,0.37487462,83.35,0.4285,0.0,BTC-27MAR20-5500-C,8736.77,0.0,0.374,0.1,0.4015,10.0,180.6,0.55429,-1.00981,3.3915,1e-05,0.99062
9091.33,BTC-26JUN20,1583319543732,open,0.02,610.0,0.0065,0.046,0.01930265,82.4,0.0195,0.0,BTC-26JUN20-18000-C,8736.77,81.09,0.018,65.4,0.0205,57.0,83.56,9.22809,-3.33851,2.42821,4e-05,0.10491
8788.34,BTC-27MAR20,1583319543732,open,0.12,933.7,0.0885,0.1395,0.1099304,56.22,0.112,0.0,BTC-27MAR20-8000-C,8736.77,53.65,0.108,0.5,0.1105,0.3,56.97,6.68412,-8.21349,3.63444,0.00025,0.76979
8881.4,SYN.BTC-24APR20,1583319543730,open,0.09,62.7,0.069,0.1335,0.09795249,60.9,0.0965,0.0,BTC-24APR20-9000-P,8736.77,59.25,0.0955,2.0,0.099,30.0,61.61,13.20793,-7.90567,-7.12907,0.0002,-0.47793
9091.33,BTC-26JUN20,1583319543732,open,0.01,2840.7,0.0005,0.0225,0.00597864,104.81,0.0065,0.0,BTC-26JUN20-32000-C,8736.77,103.57,0.0055,132.0,0.0065,4.8,106.08,3.61262,-1.66245,0.72839,1e-05,0.03166
9091.33,BTC-26JUN20,1583319543732,open,2.27,0.0,2.237,2.389,2.30681124,102.91,None,0.0,BTC-26JUN20-30000-P,8736.77,0.0,0.0005,0.1,0.0,0.0,0.0,4.08496,-1.84581,-92.75126,2e-05,-0.96324
8788.34,BTC-27MAR20,1583319543732,open,0.0,828.2,0.0005,0.0105,0.00071873,112.92,0.0005,0.0,BTC-27MAR20-18000-C,8736.77,108.55,0.0005,122.0,0.001,10.6,117.31,0.49901,-1.23166,0.04185,1e-05,0.00832
8788.34,BTC-27MAR20,1583319543732,open,0.55,53.6,0.535,0.5545,0.54484509,0.0,0.5975,0.0,BTC-27MAR20-4000-C,8736.77,0.0,0.5145,10.0,0.571,10.0,268.98,0.0,0.0,2.50693,0.0,1.0
8788.34,BTC-27MAR20,1583319543732,open,0.0,527.6,0.0005,0.0105,7.04e-06,112.95,0.0005,0.0,BTC-27MAR20-26000-C,8736.77,0.0,0.0,0.0,0.001,69.0,166.09,0.00953,-0.02353,0.00057,0.0,0.00011
9324.84,BTC-25SEP20,1583319543732,open,0.01,246.7,0.004,0.0415,0.01449159,94.66,0.013,0.0,BTC-25SEP20-36000-C,8736.77,94.11,0.014,16.0,0.015,0.1,95.22,8.38217,-1.93644,2.4109,2e-05,0.06055
9324.84,BTC-25SEP20,1583319543732,open,0.01,971.2,0.0005,0.0195,0.00799404,70.88,0.008,0.0,BTC-25SEP20-4000-P,8736.77,69.94,0.0075,16.0,0.0085,0.5,71.82,4.94871,-0.8561,-2.06683,1e-05,-0.03149
9324.84,BTC-25SEP20,1583319543733,open,0.02,446.2,0.0085,0.0385,0.01919789,67.68,0.0185,0.0,BTC-25SEP20-5000-P,8736.77,66.47,0.018,23.0,0.0205,16.0,68.97,9.28626,-1.53395,-4.62109,3e-05,-0.06909
9091.33,BTC-26JUN20,1583319543733,open,0.01,733.2,0.0025,0.034,0.01202148,89.88,0.0105,0.0,BTC-26JUN20-22000-C,8736.77,88.41,0.011,49.0,0.013,32.0,91.22,6.48563,-2.55946,1.52003,3e-05,0.06561
8788.34,BTC-27MAR20,1583319543733,open,0.69,2.0,0.674,0.7495,0.70881136,100.74,0.4565,0.0,BTC-27MAR20-15000-P,8736.77,0.0,0.5785,5.0,0.804,5.0,262.05,1.20277,-2.64838,-9.28484,2e-05,-0.97691
8788.34,BTC-27MAR20,1583319543733,open,0.0,869.4,0.0005,0.0115,0.0019577,100.4,0.002,0.0,BTC-27MAR20-15000-C,8736.77,96.7,0.0015,33.0,0.0025,74.8,104.11,1.18444,-2.59912,0.11409,2e-05,0.02267
8756.55,SYN.BTC-13MAR20,1583319543730,open,0.01,100.4,0.0035,0.037,0.01348783,54.14,0.0135,0.0,BTC-13MAR20-9250-C,8736.77,52.21,0.0125,48.0,0.0145,20.0,56.08,4.53045,-13.81642,0.55017,0.00045,0.27186
8738.54,SYN.BTC-5MAR20,1583319543730,open,0.0,23.8,0.0005,0.0105,0.00011529,62.36,0.0005,0.0,BTC-5MAR20-9375-C,8736.77,0.0,0.0,0.0,0.001,40.5,88.67,0.12511,-1.00749,0.00231,0.00011,0.01112
9278.54,SYN.BTC-25SEP20,1583319543733,open,2.04,0.0,1.967,2.1285,2.03956928,88.41,None,0.0,BTC-25SEP20-28000-P,8736.77,0.0,0.0005,1.0,3.0,0.1,500.0,11.35533,-2.45004,-153.57842,3e-05,-0.90928
8788.34,BTC-27MAR20,1583319543733,open,0.33,32.7,0.304,0.335,0.31861528,76.26,0.3165,0.0,BTC-27MAR20-6000-C,8736.77,0.0,0.317,0.1,0.333,10.0,129.79,0.9789,-1.63175,3.65328,3e-05,0.98189
9091.33,BTC-26JUN20,1583319543733,open,0.57,21.6,0.5525,0.5785,0.56401134,80.79,0.612,0.0,BTC-26JUN20-4000-C,8736.77,0.0,0.0005,0.1,1.0,0.1,500.0,2.50326,-0.88801,11.7869,1e-05,0.97957
8788.34,BTC-27MAR20,1583319543733,open,0.0,154.1,0.0005,0.0105,8e-07,113.13,0.0005,0.0,BTC-27MAR20-30000-C,8736.77,0.0,0.0,0.0,0.0005,29.0,172.03,0.00133,-0.0033,7e-05,0.0,1e-05
8788.34,BTC-27MAR20,1583319543733,open,0.14,901.1,0.127,0.188,0.15527188,60.16,0.1635,0.0,BTC-27MAR20-10000-P,8736.77,53.37,0.1505,9.1,0.1755,8.0,84.87,6.46381,-8.49994,-5.16772,0.00022,-0.78296
9324.84,BTC-25SEP20,1583319543733,open,0.76,3.4,0.722,0.8535,0.78088508,75.26,0.7355,0.0,BTC-25SEP20-16000-P,8736.77,0.0,0.11,1.0,0.7855,0.5,77.18,22.18342,-4.07444,-80.14641,6e-05,-0.75036
8881.4,SYN.BTC-24APR20,1583319543730,open,0.0,772.2,0.0005,0.0115,0.00195246,125.93,0.002,0.0,BTC-24APR20-28000-C,8736.77,122.13,0.0015,252.0,0.0025,51.0,129.77,1.15766,-1.43273,0.14479,1e-05,0.01365
8881.4,SYN.BTC-24APR20,1583319543730,open,0.15,21.0,0.117,0.1755,0.14440717,60.81,0.1445,0.0,BTC-24APR20-8000-C,8736.77,57.7,0.1405,35.5,0.147,24.0,62.85,11.21971,-6.70504,7.0881,0.00017,0.71698
8788.34,BTC-27MAR20,1583319543733,open,0.58,69.6,0.5625,0.634,0.59553068,93.17,0.59,0.0,BTC-27MAR20-14000-P,8736.77,0.0,0.4655,5.0,0.691,5.0,245.8,1.50008,-3.05479,-8.62242,3e-05,-0.96993
8788.34,BTC-27MAR20,1583319543733,open,0.0,2369.2,0.0005,0.012,0.00246734,92.91,0.0025,0.0,BTC-27MAR20-14000-C,8736.77,89.96,0.002,72.0,0.003,74.4,95.88,1.48371,-3.01315,0.14988,3e-05,0.02968
8788.34,BTC-27MAR20,1583319543733,open,1.48,5.6,1.4545,1.5555,1.50345451,119.26,1.545,0.0,BTC-27MAR20-22000-P,8736.77,0.0,0.0005,1.0,2.0,0.1,500.0,0.12207,-0.31821,-13.77934,0.0,-0.99827
8740.79,SYN.BTC-6MAR20,1583319543730,open,0.0,286.8,0.0005,0.0105,0.00026703,96.26,0.0005,0.0,BTC-6MAR20-10250-C,8736.77,0.0,0.0,0.0,0.001,85.0,116.88,0.18852,-2.33409,0.00504,5e-05,0.01149
9091.33,BTC-26JUN20,1583319543733,open,2.49,0.0,2.4525,2.6115,2.52579623,104.76,None,0.0,BTC-26JUN20-32000-P,8736.77,0.0,0.0005,0.1,0.0,0.0,0.0,3.60498,-1.65815,-99.10958,1e-05,-0.96842
8788.34,BTC-27MAR20,1583319543734,open,0.25,279.1,0.231,0.2945,0.26018418,68.45,0.2605,0.0,BTC-27MAR20-11000-P,8736.77,0.0,0.132,6.1,0.3575,5.0,187.37,4.14898,-6.20768,-6.33269,0.00013,-0.88956
8788.34,BTC-27MAR20,1583319543734,open,0.0,571.5,0.0005,0.012,0.00247084,69.28,0.0025,0.0,BTC-27MAR20-6500-P,8736.77,66.63,0.002,99.0,0.003,32.1,71.93,1.6574,-2.50962,-0.20052,5e-05,-0.03393
8788.34,BTC-27MAR20,1583319543734,open,2.38,0.0,2.347,2.4835,2.41371962,150.91,None,0.0,BTC-27MAR20-30000-P,8736.77,0.0,0.0005,1.0,0.0,0.0,0.0,0.08105,-0.26735,-18.79645,0.0,-0.9989
8788.34,BTC-27MAR20,1583319543734,open,0.49,38.8,0.4775,0.498,0.48797236,79.61,0.5475,0.0,BTC-27MAR20-4500-C,8736.77,0.0,0.458,10.0,0.5145,10.0,236.39,0.02221,-0.03865,2.81871,0.0,0.99973
8756.55,SYN.BTC-13MAR20,1583319543730,open,0.0,300.1,0.0005,0.0105,0.00090811,76.96,0.001,0.0,BTC-13MAR20-11250-C,8736.77,70.8,0.0005,86.0,0.0015,50.1,83.24,0.69682,-3.02083,0.04338,5e-05,0.02128
8738.54,SYN.BTC-5MAR20,1583319543730,open,0.0,39.2,0.0005,0.0105,0.00032247,60.57,0.0005,0.0,BTC-5MAR20-9250-C,8736.77,0.0,0.0,0.0,0.001,0.5,75.15,0.27951,-2.81789,0.00592,0.00025,0.02855
8738.54,SYN.BTC-5MAR20,1583319543730,open,0.05,0.0,0.038,0.082,0.05897345,64.01,None,0.0,BTC-5MAR20-9250-P,8736.77,0.0,0.0395,3.0,0.0685,3.0,153.12,0.33889,-10.84677,-0.21446,0.00029,-0.96394
8738.54,SYN.BTC-5MAR20,1583319543730,open,0.0,52.9,0.0005,0.0135,0.00149059,51.1,0.002,0.0,BTC-5MAR20-9000-C,8736.77,45.73,0.001,71.0,0.002,1.0,55.94,0.86586,-13.02559,0.02525,0.00092,0.12192
8756.55,SYN.BTC-13MAR20,1583319543730,open,0.0,34.9,0.0005,0.0115,0.00195329,74.17,0.0015,0.0,BTC-13MAR20-10750-C,8736.77,70.75,0.0015,0.4,0.0025,70.1,77.73,1.25064,-5.22544,0.08767,9e-05,0.04312
9324.84,BTC-25SEP20,1583319543735,open,0.39,273.0,0.353,0.472,0.40694986,70.32,0.389,0.0,BTC-25SEP20-12000-P,8736.77,0.0,0.238,0.1,2.0,0.1,500.0,27.23206,-4.67339,-51.93239,8e-05,-0.58525
8740.79,SYN.BTC-6MAR20,1583319543730,open,0.18,12.0,0.154,0.1865,0.17046193,0.0,0.185,0.0,BTC-6MAR20-7250-C,8736.77,0.0,0.1665,9.1,0.177,9.1,204.98,0.0,0.0,0.37257,0.0,1.0
8740.79,SYN.BTC-6MAR20,1583319543732,open,0.0,497.6,0.0005,0.0105,0.00071412,81.07,0.001,0.0,BTC-6MAR20-9750-C,8736.77,76.46,0.0005,46.5,0.001,0.5,86.07,0.45066,-6.24199,0.01409,0.00014,0.03208
8788.34,BTC-27MAR20,1583319543735,open,0.01,1342.2,0.0005,0.0255,0.00991747,59.13,0.0085,0.0,BTC-27MAR20-7500-P,8736.77,58.32,0.0095,32.0,0.0105,32.0,60.24,4.5572,-5.88954,-0.74926,0.00016,-0.12612
8756.55,SYN.BTC-13MAR20,1583319543730,open,0.01,268.1,0.0005,0.0205,0.00585179,59.13,0.0055,0.0,BTC-13MAR20-9750-C,8736.77,56.48,0.005,65.7,0.0065,60.1,61.04,2.91135,-9.69747,0.26751,0.00026,0.13148
8756.55,SYN.BTC-13MAR20,1583319543730,open,0.24,0.0,0.2135,0.247,0.22977987,78.24,None,0.0,BTC-13MAR20-6750-C,8736.77,0.0,0.224,8.0,0.245,8.0,157.22,0.49077,-2.1632,1.60999,3e-05,0.98588
8756.55,SYN.BTC-13MAR20,1583319543730,open,0.11,0.0,0.0945,0.148,0.11943932,59.53,None,0.0,BTC-13MAR20-9750-P,8736.77,0.0,0.093,6.0,0.135,6.0,95.38,2.9383,-9.85442,-2.09992,0.00026,-0.86675
8881.4,SYN.BTC-24APR20,1583319543730,open,0.57,0.0,0.5495,0.631,0.58622833,79.26,None,0.0,BTC-24APR20-14000-P,8736.77,0.0,0.4795,5.0,0.6795,5.0,166.85,5.03411,-3.92124,-18.61822,6e-05,-0.91774
8756.55,SYN.BTC-13MAR20,1583319543730,open,0.18,0.0,0.1555,0.1925,0.17340425,67.22,None,0.0,BTC-13MAR20-7250-C,8736.77,0.0,0.17,8.0,0.186,8.0,120.13,0.97735,-3.70073,1.69218,8e-05,0.96811
8740.79,SYN.BTC-6MAR20,1583319543733,open,0.0,451.4,0.0005,0.0105,9.212e-05,96.27,0.0015,0.0,BTC-6MAR20-10500-C,8736.77,0.0,0.0,0.0,0.0005,0.1,118.13,0.08022,-0.80523,0.00192,2e-05,0.00436
8756.55,SYN.BTC-13MAR20,1583319543730,open,0.01,222.9,0.0005,0.0235,0.00676045,56.74,0.0055,0.0,BTC-13MAR20-8000-P,8736.77,54.54,0.006,46.0,0.0075,60.0,58.8,3.08785,-9.86955,-0.31956,0.00029,-0.14332
8740.79,SYN.BTC-6MAR20,1583319543730,open,0.0,981.4,0.0005,0.024,0.00424471,49.23,0.0045,0.0,BTC-6MAR20-8500-P,8736.77,45.52,0.0035,32.4,0.005,57.7,52.81,1.8017,-23.64174,-0.09587,0.00093,-0.20918
8756.55,SYN.BTC-13MAR20,1583319543730,open,0.13,0.0,0.121,0.175,0.14633882,63.23,None,0.0,BTC-13MAR20-10000-P,8736.77,0.0,0.1205,6.0,0.16,6.0,99.47,2.34802,-8.36362,-2.23385,0.0002,-0.90275
8740.79,SYN.BTC-6MAR20,1583319543731,open,0.0,583.0,0.0005,0.0105,2.571e-05,73.45,0.0005,0.0,BTC-6MAR20-7500-P,8736.77,0.0,0.0,0.0,0.0005,41.9,103.78,0.03377,-0.22475,-0.00076,1e-05,-0.00167
8756.55,SYN.BTC-13MAR20,1583319543730,open,0.0,185.7,0.0005,0.012,0.00248464,64.49,0.002,0.0,BTC-13MAR20-7500-P,8736.77,61.57,0.002,77.9,0.003,40.1,67.28,1.53765,-5.58633,-0.12423,0.00013,-0.05586
8756.55,SYN.BTC-13MAR20,1583319543730,open,0.19,0.0,0.1765,0.2305,0.20143283,69.67,None,0.0,BTC-13MAR20-10500-P,8736.77,0.0,0.0005,0.1,0.0,0.0,0.0,1.47408,-5.78575,-2.44549,0.00011,-0.94705
8740.79,SYN.BTC-6MAR20,1583319543731,open,0.0,1754.8,0.0005,0.0105,0.00071444,96.25,0.0005,0.0,BTC-6MAR20-10000-C,8736.77,91.02,0.0005,1.0,0.001,40.4,101.88,0.39877,-6.24473,0.01211,0.00011,0.02768
8738.54,SYN.BTC-5MAR20,1583319543730,open,0.08,0.0,0.066,0.111,0.08730632,76.08,None,0.0,BTC-5MAR20-9500-P,8736.77,0.0,0.068,3.0,0.096,3.0,183.16,0.14421,-5.48578,-0.22521,0.0001,-0.9869
8740.79,SYN.BTC-6MAR20,1583319543730,open,0.0,169.4,0.0005,0.0105,1e-08,96.29,0.0005,0.0,BTC-6MAR20-12250-C,8736.77,0.0,0.0,0.0,0.001,45.0,217.68,2e-05,-7e-05,0.0,0.0,0.0
8881.4,SYN.BTC-24APR20,1583319543730,open,0.01,188.6,0.0005,0.027,0.00971867,78.94,0.009,0.0,BTC-24APR20-14000-C,8736.77,77.63,0.009,19.0,0.0105,32.0,80.3,4.9863,-3.86828,0.88518,6e-05,0.08122
8740.79,SYN.BTC-6MAR20,1583319543731,open,0.0,265.5,0.0005,0.0105,1.5e-07,96.29,0.0005,0.0,BTC-6MAR20-11750-C,8736.77,0.0,0.0,0.0,0.0005,0.1,177.46,0.0003,-0.00135,0.0,0.0,1e-05
8756.55,SYN.BTC-13MAR20,1583319543730,open,0.15,0.0,0.127,0.1665,0.14587884,63.89,None,0.0,BTC-13MAR20-7500-C,8736.77,0.0,0.137,8.0,0.159,8.0,109.16,1.50362,-5.41185,1.70309,0.00013,0.9457
8881.4,SYN.BTC-24APR20,1583319543730,open,0.16,13.2,0.1415,0.215,0.17529787,63.35,0.16,0.0,BTC-24APR20-10000-P,8736.77,51.62,0.1595,28.5,0.18,17.0,66.73,12.29144,-7.65312,-10.20724,0.00018,-0.64924
8740.79,SYN.BTC-6MAR20,1583319543732,open,0.0,227.0,0.0005,0.0105,6.3e-07,96.29,0.0005,0.0,BTC-6MAR20-11500-C,8736.77,0.0,0.0,0.0,0.0005,0.1,166.38,0.00106,-0.00553,2e-05,0.0,4e-05
8738.54,SYN.BTC-5MAR20,1583319543730,open,0.0,34.8,0.0005,0.0115,0.00094636,59.9,0.001,0.0,BTC-5MAR20-8375-P,8736.77,52.16,0.0005,73.0,0.0015,40.1,67.26,0.58574,-8.2698,-0.01524,0.00053,-0.07176
8881.4,SYN.BTC-24APR20,1583319543730,open,0.46,0.0,0.441,0.521,0.47737531,75.28,None,0.0,BTC-24APR20-13000-P,8736.77,0.0,0.371,5.0,0.5715,5.0,157.11,6.32217,-4.67714,-16.90057,8e-05,-0.88784
8740.79,SYN.BTC-6MAR20,1583319543730,open,0.3,0.0,0.29,0.345,0.3158234,144.96,None,0.0,BTC-6MAR20-11500-P,8736.77,0.0,0.0005,0.1,0.0,0.0,0.0,0.08775,-3.39087,-0.58887,2e-05,-0.99518
8881.4,SYN.BTC-24APR20,1583319543730,open,0.0,119.5,0.0005,0.013,0.00267521,116.48,0.003,0.0,BTC-24APR20-24000-C,8736.77,112.24,0.002,72.0,0.0035,76.0,120.77,1.55729,-1.78271,0.20575,1e-05,0.0193
8738.54,SYN.BTC-5MAR20,1583319543730,open,0.07,0.0,0.037,0.076,0.05616177,59.41,None,0.0,BTC-5MAR20-8250-C,8736.77,0.0,0.0455,4.0,0.071,4.0,191.88,0.23502,-6.98126,0.19301,0.00022,0.97679
8881.4,SYN.BTC-24APR20,1583319543730,open,0.34,1.0,0.3135,0.3505,0.33059198,69.78,0.346,0.0,BTC-24APR20-6000-C,8736.77,58.46,0.327,15.5,0.3475,8.0,100.18,3.47189,-2.38112,7.65602,5e-05,0.94904
8740.79,SYN.BTC-6MAR20,1583319543732,open,0.22,0.0,0.206,0.2575,0.23003768,114.59,None,0.0,BTC-6MAR20-10750-P,8736.77,0.0,0.0005,0.1,0.0,0.0,0.0,0.1161,-3.54645,-0.54954,3e-05,-0.99339
8740.79,SYN.BTC-6MAR20,1583319543732,open,0.33,0.0,0.318,0.3735,0.34442776,155.21,None,0.0,BTC-6MAR20-11750-P,8736.77,0.0,0.0005,0.1,0.0,0.0,0.0,0.08438,-3.49126,-0.60182,1e-05,-0.99538
8740.79,SYN.BTC-6MAR20,1583319543730,open,0.12,66.4,0.0955,0.1315,0.11343525,66.41,0.124,0.0,BTC-6MAR20-7750-C,8736.77,0.0,0.103,14.0,0.1355,7.0,235.32,0.09654,-1.70901,0.39581,4e-05,0.99463
8738.54,SYN.BTC-5MAR20,1583319543730,open,0.0,50.0,0.0005,0.0105,1.511e-05,66.66,0.0005,0.0,BTC-5MAR20-9625-C,8736.77,0.0,0.0,0.0,0.0005,40.2,101.02,0.02247,-0.13201,0.00034,2e-05,0.00163
8756.55,SYN.BTC-13MAR20,1583319543730,open,0.16,0.0,0.1485,0.2025,0.1736575,66.3,None,0.0,BTC-13MAR20-10250-P,8736.77,0.0,0.0005,0.1,0.0,0.0,0.0,1.84498,-6.89058,-2.34883,0.00015,-0.92943
8756.55,SYN.BTC-13MAR20,1583319543730,open,0.22,0.0,0.204,0.2595,0.22975493,75.19,None,0.0,BTC-13MAR20-10750-P,8736.77,0.0,0.0005,0.1,0.0,0.0,0.0,1.30493,-5.52759,-2.52175,9e-05,-0.95454
8740.79,SYN.BTC-6MAR20,1583319543733,open,0.36,32.2,0.346,0.402,0.37303249,165.25,0.3895,0.0,BTC-6MAR20-12000-P,8736.77,0.0,0.362,2.9,0.3805,2.9,298.37,0.08164,-3.59616,-0.61474,1e-05,-0.99555
8738.54,SYN.BTC-5MAR20,1583319543730,open,0.0,15.8,0.0005,0.0115,0.00091034,59.61,0.0015,0.0,BTC-5MAR20-9125-C,8736.77,52.48,0.0005,72.2,0.0015,40.0,67.39,0.58165,-7.95505,0.01472,0.00053,0.0711
8740.79,SYN.BTC-6MAR20,1583319543731,open,0.19,0.0,0.178,0.2285,0.20149552,106.8,None,0.0,BTC-6MAR20-10500-P,8736.77,0.0,0.0005,0.1,0.0,0.0,0.0,0.15547,-4.42612,-0.53555,4e-05,-0.99079
8738.54,SYN.BTC-5MAR20,1583319543730,open,0.04,0.0,0.024,0.0685,0.04525523,61.36,None,0.0,BTC-5MAR20-9125-P,8736.77,0.0,0.025,4.0,0.0505,4.0,107.88,0.61873,-18.98173,-0.20298,0.00055,-0.92291
8740.79,SYN.BTC-6MAR20,1583319543732,open,0.0,320.5,0.0005,0.0105,2.944e-05,96.27,0.0005,0.0,BTC-6MAR20-10750-C,8736.77,0.0,0.0,0.0,0.0005,40.0,130.86,0.03097,-0.25737,0.00067,1e-05,0.00152
8740.79,SYN.BTC-6MAR20,1583319543734,open,0.03,509.3,0.0145,0.061,0.03418174,51.3,0.0275,0.0,BTC-6MAR20-9000-P,8736.77,42.84,0.0325,8.0,0.0355,11.1,57.32,1.84937,-25.28827,-0.36626,0.00092,-0.78122
8738.54,SYN.BTC-5MAR20,1583319543730,open,0.0,93.2,0.0005,0.0205,0.0042972,48.42,0.0035,0.0,BTC-5MAR20-8625-P,8736.77,43.56,0.0035,0.2,0.005,53.0,52.58,1.45705,-35.27496,-0.06099,0.00164,-0.28661
8740.79,SYN.BTC-6MAR20,1583319543734,open,0.0,292.8,0.0005,0.0105,8.75e-06,96.28,0.0005,0.0,BTC-6MAR20-11000-C,8736.77,0.0,0.0,0.0,0.0005,40.1,143.12,0.01092,-0.07651,0.00022,0.0,0.00049
8740.79,SYN.BTC-6MAR20,1583319543730,open,0.27,0.0,0.262,0.316,0.28722035,134.54,None,0.0,BTC-6MAR20-11250-P,8736.77,0.0,0.0005,0.1,0.0,0.0,0.0,0.09234,-3.31186,-0.5759,2e-05,-0.99489
8756.55,SYN.BTC-13MAR20,1583319543730,open,0.06,46.6,0.048,0.1015,0.06996832,54.38,0.0665,0.0,BTC-13MAR20-9250-P,8736.77,49.52,0.0675,4.0,0.0705,4.0,55.41,4.53913,-13.90637,-1.69719,0.00045,-0.72709
8756.55,SYN.BTC-13MAR20,1583319543730,open,0.01,154.1,0.0005,0.028,0.00870988,56.29,0.0085,0.0,BTC-13MAR20-9500-C,8736.77,54.58,0.008,50.0,0.0095,24.0,58.14,3.6841,-11.68255,0.38225,0.00035,0.18823
8881.4,SYN.BTC-24APR20,1583319543730,open,1.68,0.0,1.65,1.7695,1.7052632,118.18,None,0.0,BTC-24APR20-24000-P,8736.77,0.0,1.5925,5.0,1.793,5.0,238.18,1.67705,-1.94788,-33.2288,1e-05,-0.97894
8740.79,SYN.BTC-6MAR20,1583319543733,open,0.0,591.6,0.0005,0.0115,0.00121966,72.11,0.001,0.0,BTC-6MAR20-9500-C,8736.77,69.27,0.001,42.1,0.0015,6.0,75.37,0.71145,-10.66081,0.02481,0.00025,0.05645
8740.79,SYN.BTC-6MAR20,1583319543733,open,0.0,209.7,0.0005,0.0105,0.00018537,73.23,0.001,0.0,BTC-6MAR20-7750-P,8736.77,0.0,0.0,0.0,0.0005,0.1,84.43,0.17027,-1.62029,-0.00468,6e-05,-0.01022
8881.4,SYN.BTC-24APR20,1583319543730,open,0.36,0.0,0.3345,0.412,0.36975346,69.9,None,0.0,BTC-24APR20-12000-P,8736.77,0.0,0.2655,5.0,0.466,5.0,147.15,7.84149,-5.38708,-15.05976,0.0001,-0.84677
8740.79,SYN.BTC-6MAR20,1583319543732,open,0.15,45.0,0.1245,0.1585,0.14188043,0.0,0.159,0.0,BTC-6MAR20-7500-C,8736.77,0.0,0.1315,14.0,0.164,7.0,271.09,0.0,0.0,0.38542,0.0,1.0
8756.55,SYN.BTC-13MAR20,1583319543730,open,0.08,8.4,0.049,0.097,0.06901989,53.25,0.0735,0.0,BTC-13MAR20-8250-C,8736.77,47.68,0.0665,4.0,0.0705,4.0,56.38,4.08381,-12.25078,1.50562,0.00041,0.77611
8756.55,SYN.BTC-13MAR20,1583319543730,open,0.04,233.5,0.03,0.081,0.04861211,52.11,0.042,0.0,BTC-13MAR20-9000-P,8736.77,49.39,0.047,28.0,0.0495,4.0,53.6,5.21271,-15.30178,-1.41668,0.00054,-0.61671
8740.79,SYN.BTC-6MAR20,1583319543730,open,0.0,137.4,0.0005,0.0105,2.37e-06,73.63,0.001,0.0,BTC-6MAR20-7250-P,8736.77,0.0,0.0,0.0,0.001,45.0,137.53,0.00428,-0.02068,-8e-05,0.0,-0.00018
8756.55,SYN.BTC-13MAR20,1583319543730,open,0.25,0.0,0.232,0.288,0.2577953,77.91,None,0.0,BTC-13MAR20-11000-P,8736.77,0.0,0.0005,0.1,0.0,0.0,0.0,1.04582,-4.58983,-2.60453,7e-05,-0.96537
8738.54,SYN.BTC-5MAR20,1583319543730,open,0.0,56.2,0.0005,0.0155,0.00211629,55.14,0.002,0.0,BTC-5MAR20-8500-P,8736.77,54.11,0.002,0.2,0.0025,40.1,58.41,0.99605,-18.49326,-0.0318,0.00099,-0.14957
8738.54,SYN.BTC-5MAR20,1583319543730,open,0.0,90.0,0.0005,0.0105,4.316e-05,64.72,0.0005,0.0,BTC-5MAR20-9500-C,8736.77,0.0,0.0,0.0,0.001,60.5,101.63,0.0552,-0.37712,0.00091,5e-05,0.0044
8740.79,SYN.BTC-6MAR20,1583319543731,open,0.11,104.2,0.094,0.1425,0.11630299,83.46,0.118,0.0,BTC-6MAR20-9750-P,8736.77,0.0,0.1125,4.0,0.12,4.0,121.02,0.49784,-11.07531,-0.48516,0.00015,-0.96379
8756.55,SYN.BTC-13MAR20,1583319543730,open,0.02,112.4,0.009,0.0485,0.02068515,51.9,0.021,0.0,BTC-13MAR20-9000-C,8736.77,50.75,0.02,32.0,0.0215,2.0,53.27,5.21034,-15.23311,0.77087,0.00054,0.38271
8738.54,SYN.BTC-5MAR20,1583319543730,open,0.09,0.0,0.08,0.1255,0.10158437,84.37,None,0.0,BTC-5MAR20-9625-P,8736.77,0.0,0.0825,3.0,0.11,3.0,198.19,0.11649,-4.9143,-0.2288,8e-05,-0.98976
8740.79,SYN.BTC-6MAR20,1583319543731,open,0.05,303.1,0.038,0.085,0.0603264,61.0,0.0575,0.0,BTC-6MAR20-9250-P,8736.77,0.0,0.0555,4.0,0.063,4.0,78.38,1.11169,-18.07645,-0.43068,0.00046,-0.8985
8881.4,SYN.BTC-24APR20,1583319543730,open,0.25,0.0,0.233,0.3095,0.26792455,66.29,None,0.0,BTC-24APR20-11000-P,8736.77,0.0,0.164,5.0,0.3645,5.0,137.23,10.05521,-6.55129,-12.85551,0.00014,-0.77054
8756.55,SYN.BTC-13MAR20,1583319543730,open,0.13,0.4,0.0985,0.141,0.1188442,59.74,0.123,0.0,BTC-13MAR20-7750-C,8736.77,29.41,0.115,8.0,0.132,19.5,97.46,2.16811,-7.2961,1.69033,0.00019,0.91268
8740.79,SYN.BTC-6MAR20,1583319543731,open,0.07,4.1,0.0375,0.079,0.05779964,59.26,0.0625,0.0,BTC-6MAR20-8250-C,8736.77,0.0,0.054,4.0,0.062,4.0,87.32,0.96246,-15.20305,0.38569,0.00041,0.91646
8740.79,SYN.BTC-6MAR20,1583319543732,open,0.04,246.1,0.013,0.0565,0.03168005,48.68,0.0325,0.0,BTC-6MAR20-8500-C,8736.77,42.65,0.0305,8.0,0.0335,8.0,57.15,1.78894,-23.21238,0.34211,0.00094,0.79332
8881.4,SYN.BTC-24APR20,1583319543730,open,0.02,573.1,0.007,0.0365,0.01752121,63.75,0.0165,0.0,BTC-24APR20-7000-P,8736.77,62.46,0.0165,4.0,0.0185,67.0,64.97,7.07167,-4.43073,-1.84525,0.0001,-0.13154
8881.4,SYN.BTC-24APR20,1583319543730,open,2.12,0.0,2.0915,2.2275,2.15497178,128.54,None,0.0,BTC-24APR20-28000-P,8736.77,0.0,2.041,5.0,2.241,5.0,256.36,1.30375,-1.64701,-38.86259,1e-05,-0.98433
8738.54,SYN.BTC-5MAR20,1583319543730,open,0.05,0.0,0.0225,0.063,0.04243804,58.21,None,0.0,BTC-5MAR20-8375-C,8736.77,0.0,0.031,4.0,0.057,4.0,167.25,0.55049,-16.02123,0.18687,0.00052,0.9338
8756.55,SYN.BTC-13MAR20,1583319543730,open,0.27,0.0,0.26,0.3155,0.28581681,78.82,None,0.0,BTC-13MAR20-11250-P,8736.77,0.0,0.0005,0.1,0.0,0.0,0.0,0.77157,-3.42597,-2.68679,5e-05,-0.97599
8740.79,SYN.BTC-6MAR20,1583319543733,open,0.0,153.6,0.0005,0.0105,4e-08,96.29,0.0005,0.0,BTC-6MAR20-12000-C,8736.77,0.0,0.0,0.0,0.001,45.0,206.52,8e-05,-0.00031,0.0,0.0,0.0
8881.4,SYN.BTC-24APR20,1583319543731,open,0.02,150.7,0.0065,0.0405,0.01845946,69.73,0.0195,0.0,BTC-24APR20-12000-C,8736.77,68.63,0.0175,40.5,0.0195,52.0,70.9,7.81552,-5.35573,1.65895,0.0001,0.15247
8756.55,SYN.BTC-13MAR20,1583319543730,open,0.1,0.0,0.072,0.118,0.0930476,56.42,None,0.0,BTC-13MAR20-8000-C,8736.77,35.26,0.0875,8.0,0.1065,19.5,88.07,3.06983,-9.75722,1.62866,0.00029,0.85792
8740.79,SYN.BTC-6MAR20,1583319543732,open,0.25,0.0,0.234,0.287,0.25862183,124.21,None,0.0,BTC-6MAR20-11000-P,8736.77,0.0,0.0005,0.1,0.0,0.0,0.0,0.09996,-3.30968,-0.56284,2e-05,-0.99442
8756.55,SYN.BTC-13MAR20,1583319543730,open,0.05,25.6,0.0305,0.0785,0.04847645,51.73,0.052,0.0,BTC-13MAR20-8500-C,8736.77,49.14,0.047,36.0,0.05,4.0,54.38,5.01043,-14.59976,1.29942,0.00052,0.65873
8756.55,SYN.BTC-13MAR20,1583319543730,open,0.01,182.9,0.0015,0.034,0.01128627,53.5,0.0105,0.0,BTC-13MAR20-8250-P,8736.77,51.8,0.0105,32.0,0.012,24.0,55.01,4.09342,-12.33626,-0.50275,0.00041,-0.22482
8756.55,SYN.BTC-13MAR20,1583319543730,open,0.0,160.7,0.0005,0.0155,0.00400353,60.17,0.003,0.0,BTC-13MAR20-7750-P,8736.77,58.1,0.0035,40.0,0.0045,40.1,62.1,2.19492,-7.4398,-0.19755,0.0002,-0.08877
8756.55,SYN.BTC-13MAR20,1583319543730,open,0.0,78.3,0.0005,0.011,0.00145652,68.1,0.001,0.0,BTC-13MAR20-7250-P,8736.77,63.74,0.001,82.9,0.002,42.1,72.35,1.01909,-3.90952,-0.07454,8e-05,-0.03355
8881.4,SYN.BTC-24APR20,1583319543730,open,0.01,78.7,0.0035,0.033,0.01347348,75.04,0.0135,0.0,BTC-24APR20-13000-C,8736.77,74.36,0.013,6.0,0.014,52.0,75.78,6.28596,-4.63573,1.21052,8e-05,0.11126
8738.54,SYN.BTC-5MAR20,1583319543730,open,0.06,0.0,0.052,0.0965,0.07307237,68.99,None,0.0,BTC-5MAR20-9375-P,8736.77,0.0,0.054,3.0,0.082,3.0,167.08,0.20308,-7.0053,-0.22088,0.00016,-0.98047
8740.79,SYN.BTC-6MAR20,1583319543731,open,0.02,217.4,0.002,0.038,0.01252285,45.58,0.012,0.0,BTC-6MAR20-8750-C,8736.77,42.01,0.0115,26.0,0.0135,1.0,49.0,2.49943,-30.37135,0.21612,0.0014,0.49367
8740.79,SYN.BTC-6MAR20,1583319543731,open,0.0,404.0,0.0005,0.0105,0.00093249,73.0,0.0015,0.0,BTC-6MAR20-8000-P,8736.77,65.18,0.0005,125.0,0.0015,84.7,80.57,0.57094,-8.15068,-0.01967,0.0002,-0.04285
8740.79,SYN.BTC-6MAR20,1583319543733,open,0.0,364.3,0.0005,0.013,0.00175944,60.24,0.0015,0.0,BTC-6MAR20-8250-P,8736.77,57.86,0.0015,2.7,0.002,49.5,62.29,0.99162,-15.37894,-0.03984,0.00042,-0.08694
8756.55,SYN.BTC-13MAR20,1583319543731,open,0.04,61.6,0.0175,0.0625,0.03176086,50.48,0.036,0.0,BTC-13MAR20-8750-C,8736.77,49.26,0.031,29.4,0.033,4.0,52.48,5.44101,-15.47331,1.03853,0.00058,0.51949
8756.55,SYN.BTC-13MAR20,1583319543730,open,0.03,185.3,0.0165,0.063,0.03113429,50.68,0.031,0.0,BTC-13MAR20-8750-P,8736.77,49.66,0.0305,24.0,0.0325,32.4,52.88,5.44098,-15.53324,-1.08936,0.00058,-0.48047
8881.4,SYN.BTC-24APR20,1583319543730,open,0.04,131.8,0.025,0.0735,0.04526984,60.89,0.0405,0.0,BTC-24APR20-8000-P,8736.77,59.49,0.0435,4.0,0.045,10.0,60.68,11.22271,-6.71586,-4.06597,0.00017,-0.28318
