underlying_price,underlying_index,timestamp,state,settlement_price,open_interest,min_price,max_price,mark_price,mark_iv,last_price,interest_rate,instrument_name,index_price,bid_iv,best_bid_price,best_bid_amount,best_ask_price,best_ask_amount,ask_iv,vega,theta,rho,gamma,delta
167.47,ETH-27MAR20,1579517939869,open,0.23,668.0,0.187,0.267,0.227938,83.44,0.272,0.0,ETH-27MAR20-140-C,164.94,58.71,0.196,42.0,0.235,300.0,88.62,0.22692,-0.14156,0.16075,0.00529,0.75181
167.47,ETH-27MAR20,1579517939889,open,0.23,668.0,0.187,0.267,0.227938,83.44,0.272,0.0,ETH-27MAR20-140-C,164.94,57.87,0.195,42.0,0.235,300.0,88.62,0.22692,-0.14156,0.16075,0.00529,0.75181
165.35,SYN.ETH-31JAN20,1579517940164,open,0.11,1222.0,0.076,0.139,0.108401,73.94,0.109,0.0,ETH-31JAN20-150-C,164.94,68.93,0.106,60.0,0.113,60.0,83.05,0.08087,-0.27491,0.03387,0.01343,0.79595
8737.56,SYN.BTC-28FEB20,1579517918031,open,0.01,469.7,0.0005,0.02,0.0075642,66.85,0.0072,0.0,BTC-28FEB20-6500-P,8653.46,64.37,0.0065,39.0,0.0085,64.0,68.89,3.88946,-3.34401,-0.73531,7e-05,-0.07145
8798.25,BTC-27MAR20,1579517918081,open,0.01,744.0,0.001,0.026,0.01089744,68.64,0.0125,0.0,BTC-27MAR20-6000-P,8653.46,67.11,0.01,49.0,0.0115,23.0,69.64,5.25281,-2.69571,-1.36152,5e-05,-0.07356
8798.25,BTC-27MAR20,1579517918114,open,0.03,1119.9,0.014,0.0535,0.02933938,65.74,0.0295,0.0,BTC-27MAR20-7000-P,8653.46,64.03,0.0275,14.2,0.03,38.3,66.35,9.53877,-4.68853,-3.21732,0.0001,-0.17024
8737.56,SYN.BTC-28FEB20,1579517918569,open,0.01,538.7,0.0035,0.0295,0.01328352,63.23,0.014,0.0,BTC-28FEB20-7000-P,8653.46,61.22,0.012,60.0,0.014,24.0,64.32,5.68693,-4.6251,-1.23556,0.00011,-0.11948
8967.11,BTC-26JUN20,1579517940278,open,0.3,130.4,0.2615,0.3365,0.29595359,70.93,0.301,0.0,BTC-26JUN20-7000-C,8653.46,68.14,0.2905,9.0,0.296,0.1,70.96,17.5705,-3.9471,18.68141,7e-05,0.7776
8967.11,BTC-26JUN20,1579517940334,open,0.3,130.4,0.2615,0.3365,0.29595359,70.93,0.301,0.0,BTC-26JUN20-7000-C,8653.46,68.14,0.2905,9.1,0.296,0.1,70.96,17.5705,-3.9471,18.68141,7e-05,0.7776
8737.56,SYN.BTC-28FEB20,1579517940354,open,0.02,454.2,0.01,0.0445,0.02336014,60.94,0.0219,0.0,BTC-28FEB20-7500-P,8653.46,59.41,0.022,37.3,0.0245,34.4,62.21,7.80945,-6.12081,-2.01226,0.00016,-0.19287
174.77,SYN.ETH-25SEP20,1579517940488,open,0.3,0.0,0.23,0.368,0.298281,86.47,0.58,0.0,ETH-25SEP20-180-P,164.94,0.0,0.0,0.0,0.371,1.0,110.11,0.54774,-0.09515,-0.80366,0.00304,-0.37612
174.77,SYN.ETH-25SEP20,1579517940488,open,0.04,317.0,0.018,0.065,0.038611,91.92,0.06,0.0,ETH-25SEP20-80-P,164.94,88.91,0.035,470.0,0.043,470.0,95.45,0.21335,-0.0394,-0.14064,0.00111,-0.07941
174.77,SYN.ETH-25SEP20,1579517940490,open,0.23,64.0,0.171,0.292,0.231999,86.49,0.238,0.0,ETH-25SEP20-200-C,164.94,88.34,0.238,381.0,0.25,270.0,92.05,0.56764,-0.09863,0.39897,0.00315,0.5668
166.41,SYN.ETH-28FEB20,1579517940635,open,0.25,0.0,0.198,0.298,0.247045,84.28,None,0.0,ETH-28FEB20-200-P,164.94,0.0,0.001,5.0,0.0,0.0,0.0,0.18818,-0.204,-0.16825,0.00757,-0.70225
166.41,SYN.ETH-28FEB20,1579517940635,open,0.0,1339.0,0.001,0.011,0.001973,110.89,0.001,0.0,ETH-28FEB20-80-P,164.94,100.5,0.001,260.0,0.003,300.0,118.72,0.01906,-0.02719,-0.00278,0.00058,-0.01373
166.41,SYN.ETH-28FEB20,1579517940635,open,0.05,3804.0,0.02,0.077,0.045271,84.35,0.049,0.0,ETH-28FEB20-200-C,164.94,81.43,0.042,654.0,0.048,474.0,86.75,0.18825,-0.20422,0.04479,0.00757,0.29796
171.77,ETH-26JUN20,1579517940758,open,0.38,318.0,0.337,0.423,0.380857,89.3,0.379,0.0,ETH-26JUN20-120-C,164.94,67.67,0.345,47.0,0.406,47.0,103.45,0.29941,-0.08468,0.32409,0.00263,0.8171
174.77,SYN.ETH-25SEP20,1579517940793,open,0.05,104.0,0.017,0.094,0.047414,105.89,0.048,0.0,ETH-25SEP20-640-C,164.94,104.06,0.044,2.0,0.049,300.0,106.71,0.33266,-0.07077,0.11922,0.00151,0.14746
174.77,SYN.ETH-25SEP20,1579517941081,open,0.06,7.0,0.026,0.116,0.064403,102.64,0.06,0.0,ETH-25SEP20-520-C,164.94,98.84,0.056,298.0,0.072,298.0,105.91,0.39684,-0.08184,0.15463,0.00186,0.19416
167.47,ETH-27MAR20,1579517941147,open,0.0,1859.0,0.001,0.012,0.002521,117.99,0.003,0.0,ETH-27MAR20-560-C,164.94,106.24,0.001,437.0,0.004,350.0,125.19,0.02912,-0.02569,0.00422,0.00048,0.01628
171.77,ETH-26JUN20,1579517941151,open,0.38,318.0,0.337,0.423,0.380857,89.3,0.379,0.0,ETH-26JUN20-120-C,164.94,67.02,0.344,47.0,0.406,47.0,103.45,0.29941,-0.08468,0.32409,0.00263,0.8171
167.47,ETH-27MAR20,1579517941170,open,0.0,1859.0,0.001,0.012,0.002521,117.99,0.003,0.0,ETH-27MAR20-560-C,164.94,106.24,0.001,657.0,0.004,350.0,125.19,0.02912,-0.02569,0.00422,0.00048,0.01628
167.47,ETH-27MAR20,1579517941346,open,0.02,141.0,0.007,0.041,0.020778,88.97,0.019,0.0,ETH-27MAR20-110-P,164.94,86.53,0.019,620.0,0.023,540.0,91.92,0.12379,-0.08235,-0.03639,0.00271,-0.09782
167.47,ETH-27MAR20,1579517941346,open,0.05,426.0,0.021,0.076,0.045131,84.53,0.048,0.0,ETH-27MAR20-130-P,164.94,83.55,0.044,320.0,0.047,192.0,86.14,0.19401,-0.12262,-0.0719,0.00447,-0.18919
174.77,SYN.ETH-25SEP20,1579517941376,open,2.49,0.0,2.357,2.634,2.487146,105.79,None,0.0,ETH-25SEP20-600-P,164.94,0.0,0.0,0.0,0.0,0.0,0.0,0.35783,-0.07605,-3.9592,0.00162,-0.83529
171.77,ETH-26JUN20,1579517941511,open,0.46,1.0,0.427,0.495,0.460721,89.91,0.38,0.0,ETH-26JUN20-100-C,164.94,64.37,0.433,48.0,0.48,48.0,104.42,0.2166,-0.06168,0.31667,0.00189,0.88696
174.77,SYN.ETH-25SEP20,1579517941514,open,0.37,23.0,0.315,0.423,0.370831,89.79,0.327,0.0,ETH-25SEP20-140-C,164.94,73.54,0.328,52.0,0.398,52.0,100.14,0.46001,-0.08298,0.45007,0.00246,0.74854
8967.11,BTC-26JUN20,1579517941567,open,0.23,219.0,0.1945,0.279,0.23351135,70.93,0.236,0.0,BTC-26JUN20-8000-C,8653.46,68.79,0.2285,4.0,0.2365,9.0,72.21,20.98858,-4.71498,17.45857,9e-05,0.68363
8967.11,BTC-26JUN20,1579517941624,open,0.04,356.4,0.0155,0.0745,0.03658181,83.32,0.0425,0.0,BTC-26JUN20-18000-C,8653.46,82.32,0.035,5.0,0.0375,0.1,83.89,14.30409,-3.77455,4.75715,5e-05,0.15923
171.77,ETH-26JUN20,1579517941719,open,0.46,1.0,0.427,0.495,0.460721,89.91,0.38,0.0,ETH-26JUN20-100-C,164.94,63.19,0.432,48.0,0.48,48.0,104.42,0.2166,-0.06168,0.31667,0.00189,0.88696
174.77,SYN.ETH-25SEP20,1579517941721,open,0.37,23.0,0.315,0.423,0.370831,89.79,0.327,0.0,ETH-25SEP20-140-C,164.94,73.16,0.327,52.0,0.398,52.0,100.14,0.46001,-0.08298,0.45007,0.00246,0.74854
166.41,SYN.ETH-28FEB20,1579517941733,open,0.02,1219.0,0.004,0.037,0.015689,93.46,0.02,0.0,ETH-28FEB20-250-C,164.94,90.79,0.014,240.0,0.017,300.0,95.45,0.10777,-0.12955,0.01825,0.00391,0.11864
166.41,SYN.ETH-28FEB20,1579517941733,open,0.52,0.0,0.465,0.576,0.517906,93.33,None,0.0,ETH-28FEB20-250-P,164.94,0.0,0.0,0.0,0.0,0.0,0.0,0.10749,-0.12902,-0.24809,0.0039,-0.8818
8677.0,SYN.BTC-31JAN20,1579517941750,open,0.03,38.7,0.0175,0.062,0.03305669,53.68,0.0345,0.0,BTC-31JAN20-8750-C,8653.46,52.15,0.032,19.0,0.035,18.0,56.51,5.96953,-14.7334,1.16181,0.0005,0.48242
8677.0,SYN.BTC-31JAN20,1579517941750,open,0.0,85.8,0.0005,0.017,0.00438796,67.67,0.0045,0.0,BTC-31JAN20-10250-C,8653.46,66.2,0.004,0.1,0.0045,0.1,68.09,2.34483,-7.29525,0.2102,0.00015,0.08569
8677.0,SYN.BTC-31JAN20,1579517941750,open,0.0,249.0,0.0005,0.012,0.00222168,64.12,0.0026,0.0,BTC-31JAN20-7250-P,8653.46,59.36,0.0015,45.0,0.003,30.0,68.37,1.46001,-4.30359,-0.12621,0.0001,-0.0466
8677.0,SYN.BTC-31JAN20,1579517941750,open,0.13,0.0,0.1055,0.161,0.1313156,61.29,None,0.0,BTC-31JAN20-9750-P,8653.46,0.0,0.0,0.0,0.0,0.0,0.0,3.44598,-9.70917,-2.54479,0.00025,-0.85296
8677.0,SYN.BTC-31JAN20,1579517941750,open,0.02,152.1,0.005,0.038,0.01597155,57.34,0.0175,0.0,BTC-31JAN20-9250-C,8653.46,54.76,0.0145,24.0,0.017,39.0,59.11,5.00125,-13.18427,0.67072,0.00039,0.2754
8677.0,SYN.BTC-31JAN20,1579517941750,open,0.01,95.8,0.0005,0.021,0.00624077,58.32,0.0065,0.0,BTC-31JAN20-7750-P,8653.46,57.62,0.006,0.4,0.0065,30.0,59.06,3.0045,-8.05584,-0.32761,0.00023,-0.12047
8677.0,SYN.BTC-31JAN20,1579517941750,open,0.19,0.0,0.1595,0.216,0.18568023,67.71,None,0.0,BTC-31JAN20-10250-P,8653.46,0.0,0.0005,10.0,0.0,0.0,0.0,2.34713,-7.30596,-2.84367,0.00015,-0.9142
8677.0,SYN.BTC-31JAN20,1579517941750,open,0.11,0.0,0.092,0.137,0.11306857,58.3,None,0.0,BTC-31JAN20-7750-C,8653.46,28.36,0.107,8.0,0.1315,8.0,99.16,3.00324,-8.0498,1.98182,0.00023,0.8796
8677.0,SYN.BTC-31JAN20,1579517941750,open,0.01,92.7,0.0005,0.023,0.00764734,61.26,0.0075,0.0,BTC-31JAN20-9750-C,8653.46,59.61,0.007,56.0,0.008,0.2,62.14,3.44453,-9.70173,0.36015,0.00025,0.14695
8677.0,SYN.BTC-31JAN20,1579517941750,open,0.04,67.1,0.0235,0.073,0.04147692,53.7,0.042,0.0,BTC-31JAN20-8750-P,8653.46,50.09,0.039,31.6,0.0425,18.0,55.18,5.96954,-14.73644,-1.44536,0.0005,-0.51756
8677.0,SYN.BTC-31JAN20,1579517941750,open,0.07,4.0,0.046,0.095,0.06613161,54.15,0.0955,0.0,BTC-31JAN20-8250-C,8653.46,20.88,0.0505,10.0,0.086,10.0,86.61,5.03076,-12.52348,1.69383,0.00041,0.72127
8677.0,SYN.BTC-31JAN20,1579517941750,open,0.08,55.6,0.058,0.113,0.0820158,57.35,0.0715,0.0,BTC-31JAN20-9250-P,8653.46,0.0,0.0625,8.0,0.094,8.0,77.07,5.00176,-13.18879,-2.08532,0.00039,-0.72455
8677.0,SYN.BTC-31JAN20,1579517941752,open,0.0,107.3,0.0005,0.0135,0.00298898,75.27,0.004,0.0,BTC-31JAN20-10750-C,8653.46,72.66,0.0025,15.0,0.003,30.0,75.33,1.70484,-5.89985,0.13867,0.0001,0.05662
8677.0,SYN.BTC-31JAN20,1579517941752,open,0.24,0.0,0.2155,0.273,0.24190526,75.32,None,0.0,BTC-31JAN20-10750-P,8653.46,0.0,0.0005,10.0,0.0,0.0,0.0,1.70774,-5.91362,-3.06416,0.0001,-0.94325
174.77,SYN.ETH-25SEP20,1579517941761,open,0.57,0.0,0.477,0.65,0.562247,90.79,None,0.0,ETH-25SEP20-240-P,164.94,0.0,0.0,0.0,0.593,1.0,100.12,0.57506,-0.10489,-1.28877,0.00304,-0.51925
174.77,SYN.ETH-25SEP20,1579517941761,open,0.13,62.0,0.071,0.187,0.12631,94.33,0.146,0.0,ETH-25SEP20-320-C,164.94,92.25,0.12,386.0,0.132,100.0,96.18,0.53416,-0.10123,0.26577,0.00272,0.34933
174.77,SYN.ETH-25SEP20,1579517941761,open,0.09,205.0,0.045,0.15,0.092561,97.98,0.095,0.0,ETH-25SEP20-400-C,164.94,97.04,0.09,1.0,0.094,100.0,98.51,0.47539,-0.09358,0.20907,0.00233,0.26801
174.77,SYN.ETH-25SEP20,1579517941761,open,0.08,46.0,0.036,0.133,0.078594,98.66,0.086,0.0,ETH-25SEP20-440-C,164.94,97.23,0.075,295.0,0.082,100.0,100.0,0.44235,-0.08768,0.1851,0.00215,0.23393
174.77,SYN.ETH-25SEP20,1579517941761,open,1.39,0.0,1.275,1.497,1.38118,97.93,None,0.0,ETH-25SEP20-400-P,164.94,0.0,0.0,0.0,0.0,0.0,0.0,0.47518,-0.09349,-2.51846,0.00233,-0.73223
174.77,SYN.ETH-25SEP20,1579517941761,open,0.07,67.0,0.029,0.121,0.068445,99.75,0.068,0.0,ETH-25SEP20-480-C,164.94,98.27,0.065,297.0,0.071,100.0,100.82,0.41309,-0.08278,0.16581,0.00199,0.20759
174.77,SYN.ETH-25SEP20,1579517941761,open,1.6,0.0,1.486,1.717,1.596074,98.6,None,0.0,ETH-25SEP20-440-P,164.94,0.0,0.0,0.0,0.0,0.0,0.0,0.44206,-0.08757,-2.8152,0.00215,-0.76635
174.77,SYN.ETH-25SEP20,1579517941761,open,1.82,0.0,1.701,1.942,1.814787,99.68,None,0.0,ETH-25SEP20-480-P,164.94,0.0,0.0,0.0,0.0,0.0,0.0,0.41272,-0.08265,-3.10726,0.00199,-0.79273
174.77,SYN.ETH-25SEP20,1579517941761,open,0.15,514.0,0.096,0.218,0.155262,93.37,0.157,0.0,ETH-25SEP20-280-C,164.94,91.42,0.149,282.0,0.16,391.0,94.85,0.56124,-0.10528,0.30438,0.00289,0.41068
174.77,SYN.ETH-25SEP20,1579517941761,open,1.17,0.0,1.066,1.278,1.167889,96.49,None,0.0,ETH-25SEP20-360-P,164.94,0.0,0.0,0.0,0.0,0.0,0.0,0.50589,-0.09807,-2.21929,0.00252,-0.69447
174.77,SYN.ETH-25SEP20,1579517941761,open,0.11,31.0,0.057,0.168,0.108132,96.53,0.11,0.0,ETH-25SEP20-360-C,164.94,95.45,0.105,1.0,0.11,100.0,97.18,0.50603,-0.09814,0.23546,0.00252,0.30572
174.77,SYN.ETH-25SEP20,1579517941761,open,0.96,0.0,0.86,1.06,0.957205,94.29,None,0.0,ETH-25SEP20-320-P,164.94,0.0,0.0,0.0,0.0,0.0,0.0,0.53407,-0.10117,-1.91622,0.00272,-0.65083
174.77,SYN.ETH-25SEP20,1579517941761,open,0.19,3.0,0.127,0.252,0.189075,90.81,0.165,0.0,ETH-25SEP20-240-C,164.94,89.57,0.185,387.0,0.198,386.0,93.52,0.57506,-0.10491,0.34768,0.00304,0.48084
8798.21,BTC-27MAR20,1579517941801,open,0.05,80.2,0.0225,0.077,0.04478275,70.54,0.0455,0.0,BTC-27MAR20-11000-C,8653.46,69.29,0.043,23.5,0.0455,0.1,71.04,12.63361,-6.66291,3.75983,0.00013,0.27802
8798.21,BTC-27MAR20,1579517941801,open,0.5,0.0,0.46,0.5485,0.49990537,76.35,None,0.0,BTC-27MAR20-13000-P,8653.46,0.0,0.0,0.0,0.0,0.0,0.0,8.82827,-5.03931,-21.74106,8e-05,-0.84878
8798.21,BTC-27MAR20,1579517941801,open,0.72,0.0,0.677,0.7685,0.71809236,82.73,None,0.0,BTC-27MAR20-15000-P,8653.46,0.0,0.0,0.0,0.0,0.0,0.0,6.20854,-3.84028,-26.21535,5e-05,-0.90815
8798.21,BTC-27MAR20,1579517941801,open,0.3,0.0,0.256,0.342,0.29504133,70.54,None,0.0,BTC-27MAR20-11000-P,8653.46,0.0,0.0,0.0,0.0,0.0,0.0,12.63389,-6.66333,-16.39436,0.00013,-0.72197
8798.21,BTC-27MAR20,1579517941801,open,0.01,15.7,0.0035,0.034,0.0131943,82.72,0.013,0.0,BTC-27MAR20-15000-C,8653.46,81.73,0.0125,25.0,0.0135,0.1,83.15,6.20715,-3.83903,1.26745,5e-05,0.09182
8798.21,BTC-27MAR20,1579517941801,open,0.02,318.9,0.0085,0.048,0.02232706,76.34,0.0225,0.0,BTC-27MAR20-13000-C,8653.46,75.51,0.0215,10.0,0.0225,0.1,76.51,8.82746,-5.03852,2.07743,8e-05,0.1512
8737.61,SYN.BTC-28FEB20,1579517941887,open,0.01,538.7,0.0035,0.0295,0.0132832,63.23,0.014,0.0,BTC-28FEB20-7000-P,8653.46,61.23,0.012,60.0,0.014,24.0,64.32,5.68678,-4.62497,-1.23551,0.00011,-0.11948
8737.61,SYN.BTC-28FEB20,1579517941887,open,0.37,4.1,0.3585,0.3895,0.37299382,76.54,0.3945,0.0,BTC-28FEB20-5500-C,8653.46,0.0,0.3705,10.1,0.3825,10.0,107.34,1.60821,-1.58306,5.61214,3e-05,0.97604
8737.61,SYN.BTC-28FEB20,1579517941887,open,0.0,215.7,0.0005,0.012,0.00245988,76.55,0.0025,0.0,BTC-28FEB20-5500-P,8653.46,73.9,0.002,24.0,0.003,49.9,79.31,1.60936,-1.58452,-0.24606,3e-05,-0.02398
8737.61,SYN.BTC-28FEB20,1579517941887,open,0.0,303.5,0.0005,0.0135,0.00394497,70.05,0.004,0.0,BTC-28FEB20-6000-P,8653.46,68.39,0.0035,39.0,0.0045,30.0,71.98,2.42385,-2.18371,-0.40274,4e-05,-0.03933
8737.61,SYN.BTC-28FEB20,1579517941887,open,0.32,0.7,0.301,0.336,0.31725473,70.04,0.352,0.0,BTC-28FEB20-6000-C,8653.46,44.62,0.3135,10.0,0.3295,10.0,99.26,2.42276,-2.18238,5.98801,4e-05,0.96069
8737.61,SYN.BTC-28FEB20,1579517941887,open,0.43,0.5,0.4165,0.443,0.42899913,80.95,0.459,0.0,BTC-28FEB20-5000-C,8653.46,0.0,0.4275,0.1,0.437,11.0,117.39,0.91514,-0.95275,5.19869,1e-05,0.98762
8737.61,SYN.BTC-28FEB20,1579517941890,open,0.21,32.1,0.1905,0.2365,0.21214459,63.23,0.2435,0.0,BTC-28FEB20-7000-C,8653.46,26.68,0.199,10.0,0.2295,10.0,86.09,5.68619,-4.62407,6.2203,0.00011,0.88054
8737.61,SYN.BTC-28FEB20,1579517941890,open,0.0,298.0,0.0005,0.011,0.001241,80.97,0.001,0.0,BTC-28FEB20-5000-P,8653.46,71.7,0.0005,42.2,0.002,49.6,87.13,0.91643,-0.95439,-0.12696,1e-05,-0.0124
8737.61,SYN.BTC-28FEB20,1579517941890,open,0.26,11.6,0.2445,0.2855,0.2636497,66.84,0.2975,0.0,BTC-28FEB20-6500-C,8653.46,0.0,0.256,10.1,0.279,10.0,93.28,3.88855,-3.34285,6.18799,7e-05,0.92857
8737.61,SYN.BTC-28FEB20,1579517941892,open,0.1,109.4,0.068,0.1305,0.09654816,61.13,0.0715,0.0,BTC-28FEB20-9000-P,8653.46,59.55,0.0945,0.1,0.1025,16.0,65.7,11.36274,-8.9336,-5.73189,0.00023,-0.51937
8737.61,SYN.BTC-28FEB20,1579517941892,open,0.07,184.4,0.04,0.095,0.06410095,60.0,0.064,0.0,BTC-28FEB20-8500-P,8653.46,57.95,0.0615,27.0,0.0655,34.3,61.11,11.05662,-8.5329,-4.37183,0.00023,-0.40567
8737.61,SYN.BTC-28FEB20,1579517941892,open,0.13,223.4,0.0985,0.1535,0.12439207,60.05,0.156,0.0,BTC-28FEB20-8000-C,8653.46,33.13,0.0965,11.0,0.1445,11.0,77.62,9.79009,-7.56164,5.43265,0.0002,0.70815
165.09,SYN.ETH-24JAN20,1579517941892,open,0.01,1481.0,0.001,0.024,0.006234,78.83,0.007,0.0,ETH-24JAN20-180-C,164.94,68.88,0.004,595.0,0.008,300.0,85.76,0.04017,-0.40849,0.00257,0.01761,0.15288
165.09,SYN.ETH-24JAN20,1579517941892,open,0.0,87.0,0.001,0.011,0.000164,119.98,0.001,0.0,ETH-24JAN20-120-P,164.94,0.0,0.0,0.0,0.001,6.0,151.42,0.00207,-0.0271,-8e-05,0.0006,-0.00412
8737.61,SYN.BTC-28FEB20,1579517941892,open,0.04,329.3,0.017,0.062,0.03534107,64.45,0.036,0.0,BTC-28FEB20-10000-C,8653.46,63.7,0.0345,4.9,0.0355,0.1,64.59,9.85152,-8.16572,2.42411,0.00019,0.29582
8737.61,SYN.BTC-28FEB20,1579517941892,open,0.14,51.9,0.1045,0.172,0.13541358,62.51,0.1085,0.0,BTC-28FEB20-9500-P,8653.46,46.43,0.116,9.0,0.171,9.0,90.5,10.84883,-8.72161,-7.03938,0.00021,-0.621
165.09,SYN.ETH-24JAN20,1579517941892,open,0.05,1308.0,0.017,0.082,0.047957,73.89,0.047,0.0,ETH-24JAN20-170-P,164.94,58.19,0.042,180.0,0.05,180.0,79.14,0.0639,-0.60907,-0.01199,0.02988,-0.63576
8737.61,SYN.BTC-28FEB20,1579517941892,open,0.18,0.2,0.1475,0.2175,0.17982481,64.45,0.1555,0.0,BTC-28FEB20-10000-P,8653.46,0.0,0.0,0.0,0.0,0.0,0.0,9.85181,-8.16657,-8.22663,0.00019,-0.70416
165.09,SYN.ETH-24JAN20,1579517941892,open,0.0,766.0,0.001,0.011,0.001421,91.64,0.003,0.0,ETH-24JAN20-140-P,164.94,86.01,0.001,246.0,0.002,315.0,97.99,0.01361,-0.16087,-0.00066,0.00513,-0.03651
8737.61,SYN.BTC-28FEB20,1579517941892,open,0.04,246.6,0.021,0.0665,0.03997906,60.06,0.04,0.0,BTC-28FEB20-8000-P,8653.46,58.29,0.038,49.3,0.0415,34.3,61.41,9.79021,-7.56222,-3.08816,0.0002,-0.29186
165.09,SYN.ETH-24JAN20,1579517941892,open,0.0,211.0,0.001,0.011,1.4e-05,119.98,0.001,0.0,ETH-24JAN20-110-P,164.94,0.0,0.0,0.0,0.001,26.0,187.15,0.00025,-0.00225,-1e-05,7e-05,-0.00041
8737.61,SYN.BTC-28FEB20,1579517941891,open,0.17,84.8,0.1405,0.192,0.16499722,60.94,0.1785,0.0,BTC-28FEB20-7500-C,8653.46,24.81,0.1425,10.0,0.186,10.0,82.71,7.80903,-6.12008,5.9761,0.00016,0.80715
8737.61,SYN.BTC-28FEB20,1579517941892,open,0.01,469.7,0.0005,0.02,0.00756413,66.85,0.0072,0.0,BTC-28FEB20-6500-P,8653.46,64.37,0.0065,39.0,0.0085,64.0,68.89,3.88938,-3.34395,-0.73529,7e-05,-0.07145
8737.61,SYN.BTC-28FEB20,1579517941892,open,0.07,294.7,0.042,0.0965,0.0665128,61.13,0.067,0.0,BTC-28FEB20-9000-C,8653.46,59.19,0.064,42.4,0.068,15.0,62.27,11.36273,-8.93305,3.85389,0.00023,0.48063
165.09,SYN.ETH-24JAN20,1579517941892,open,0.34,1.0,0.314,0.353,0.333737,134.22,0.329,0.0,ETH-24JAN20-110-C,164.94,0.0,0.324,36.0,0.344,36.0,294.49,0.00074,-0.01288,0.01166,0.00019,0.99867
8737.61,SYN.BTC-28FEB20,1579517941892,open,0.05,161.9,0.0265,0.0765,0.04815403,62.5,0.049,0.0,BTC-28FEB20-9500-C,8653.46,60.76,0.046,49.3,0.05,34.3,63.99,10.84872,-8.72094,3.07888,0.00021,0.37899
165.09,SYN.ETH-24JAN20,1579517941895,open,0.02,1587.0,0.002,0.043,0.018257,74.05,0.016,0.0,ETH-24JAN20-170-C,164.94,68.18,0.016,275.0,0.021,240.0,81.09,0.06392,-0.61059,0.00607,0.02983,0.36459
165.09,SYN.ETH-24JAN20,1579517941895,open,0.27,0.0,0.251,0.295,0.273317,123.19,None,0.0,ETH-24JAN20-120-C,164.94,0.0,0.262,33.0,0.284,33.0,247.3,0.00246,-0.03906,0.01265,0.00069,0.99501
165.09,SYN.ETH-24JAN20,1579517941895,open,0.1,33.0,0.061,0.134,0.096505,78.55,0.097,0.0,ETH-24JAN20-180-P,164.94,45.99,0.091,60.0,0.098,60.0,84.48,0.04001,-0.40549,-0.01656,0.0176,-0.84802
165.09,SYN.ETH-24JAN20,1579517941895,open,0.21,10.0,0.189,0.237,0.213054,106.85,0.21,0.0,ETH-24JAN20-130-C,164.94,0.0,0.212,1.0,0.225,31.0,207.17,0.00571,-0.07867,0.01357,0.00185,0.98697
165.09,SYN.ETH-24JAN20,1579517941895,open,0.05,729.0,0.018,0.078,0.047989,74.41,0.057,0.0,ETH-24JAN20-160-C,164.94,69.03,0.046,100.0,0.051,180.0,82.44,0.06143,-0.58968,0.01095,0.02853,0.67238
165.09,SYN.ETH-24JAN20,1579517941897,open,0.1,927.0,0.065,0.125,0.095759,78.04,0.101,0.0,ETH-24JAN20-150-C,164.94,60.63,0.093,60.0,0.1,60.0,97.16,0.03178,-0.31996,0.01394,0.01407,0.891
165.09,SYN.ETH-24JAN20,1579517941897,open,0.0,710.0,0.001,0.011,0.000471,105.42,0.001,0.0,ETH-24JAN20-130-P,164.94,0.0,0.0,0.0,0.001,16.0,117.92,0.00535,-0.07281,-0.00022,0.00175,-0.0121
165.09,SYN.ETH-24JAN20,1579517941897,open,0.02,957.0,0.002,0.043,0.017119,74.25,0.018,0.0,ETH-24JAN20-160-P,164.94,68.52,0.015,1.0,0.018,244.0,76.62,0.06141,-0.58822,-0.00604,0.02858,-0.32733
165.09,SYN.ETH-24JAN20,1579517941898,open,0.0,693.0,0.001,0.02,0.004317,77.76,0.005,0.0,ETH-24JAN20-150-P,164.94,76.07,0.004,4.0,0.005,301.0,81.22,0.03161,-0.31711,-0.00197,0.01405,-0.10821
167.47,ETH-27MAR20,1579517942091,open,0.05,4617.0,0.017,0.077,0.043209,90.16,0.044,0.0,ETH-27MAR20-240-C,164.94,88.45,0.041,590.0,0.045,192.0,91.53,0.21758,-0.14667,0.05726,0.0047,0.22983
171.77,ETH-26JUN20,1579517942091,open,0.04,733.0,0.013,0.076,0.037829,102.12,0.044,0.0,ETH-26JUN20-440-C,164.94,99.48,0.034,420.0,0.041,420.0,104.21,0.25568,-0.08269,0.07851,0.00196,0.1435
171.77,ETH-26JUN20,1579517942091,open,0.26,514.0,0.204,0.311,0.258862,89.28,0.248,0.0,ETH-26JUN20-160-C,164.94,81.47,0.24,180.0,0.268,230.0,93.08,0.41358,-0.11695,0.29858,0.00363,0.66074
171.77,ETH-26JUN20,1579517942095,open,0.02,286.0,0.007,0.056,0.024218,107.81,0.019,0.0,ETH-26JUN20-560-C,164.94,104.8,0.021,420.0,0.027,420.0,110.25,0.19053,-0.06506,0.05239,0.00138,0.09473
165.35,SYN.ETH-31JAN20,1579517942095,open,0.02,3492.0,0.005,0.047,0.021864,76.89,0.026,0.0,ETH-31JAN20-180-C,164.94,71.92,0.019,520.0,0.024,240.0,80.51,0.09662,-0.34153,0.01288,0.01542,0.28325
167.47,ETH-27MAR20,1579517942099,open,0.12,4800.0,0.075,0.163,0.117277,83.37,0.115,0.0,ETH-27MAR20-160-P,164.94,80.75,0.113,253.0,0.12,192.0,85.04,0.27287,-0.17009,-0.15249,0.00637,-0.37969
171.77,ETH-26JUN20,1579517942104,open,0.31,679.0,0.264,0.362,0.31423,89.28,0.302,0.0,ETH-26JUN20-140-C,164.94,80.25,0.295,180.0,0.318,180.0,91.05,0.36677,-0.10371,0.31598,0.00322,0.73953
167.46,ETH-27MAR20,1579517942144,open,1.87,0.0,1.784,1.969,1.871256,115.63,None,0.0,ETH-27MAR20-480-P,164.94,0.0,0.004,50.0,0.0,0.0,0.0,0.04884,-0.04222,-0.87174,0.00082,-0.96995
167.46,ETH-27MAR20,1579517942144,open,0.0,8174.0,0.001,0.011,0.001989,120.0,0.002,0.0,ETH-27MAR20-600-C,164.94,111.3,0.001,4501.0,0.004,350.0,130.83,0.02392,-0.02146,0.00336,0.00039,0.01295
8737.61,SYN.BTC-28FEB20,1579517942144,open,0.28,0.0,0.245,0.3165,0.27790019,67.7,None,0.0,BTC-28FEB20-11000-P,8653.46,0.0,0.0,0.0,0.0,0.0,0.0,7.3706,-6.41778,-10.25696,0.00013,-0.82425
174.77,SYN.ETH-25SEP20,1579517942144,open,2.27,0.0,2.138,2.403,2.262621,104.08,None,0.0,ETH-25SEP20-560-P,164.94,0.0,0.0,0.0,0.0,0.0,0.0,0.37528,-0.07847,-3.67647,0.00173,-0.82256
174.77,SYN.ETH-25SEP20,1579517942144,open,0.06,306.0,0.023,0.109,0.058368,104.08,0.055,0.0,ETH-25SEP20-560-C,164.94,102.02,0.054,1.0,0.062,300.0,105.75,0.37528,-0.07847,0.1419,0.00173,0.17744
167.46,ETH-27MAR20,1579517942156,open,0.7,161.0,0.635,0.767,0.697542,95.04,1.397,0.0,ETH-27MAR20-280-P,164.94,0.0,0.002,50.0,0.0,0.0,0.0,0.16302,-0.11584,-0.4765,0.00334,-0.85547
167.46,ETH-27MAR20,1579517942156,open,0.01,874.0,0.001,0.015,0.005441,101.68,0.006,0.0,ETH-27MAR20-80-P,164.94,95.94,0.004,620.0,0.007,620.0,107.0,0.04572,-0.03476,-0.01019,0.00088,-0.02775
167.46,ETH-27MAR20,1579517942156,open,0.53,20.0,0.51,0.547,0.527744,101.79,0.613,0.0,ETH-27MAR20-80-C,164.94,0.0,0.522,1.0,0.537,47.0,127.08,0.04585,-0.03489,0.13635,0.00088,0.97215
165.35,SYN.ETH-31JAN20,1579517942156,open,0.04,944.0,0.012,0.065,0.035221,73.47,0.034,0.0,ETH-31JAN20-160-P,164.94,66.99,0.031,505.0,0.037,240.0,76.19,0.10809,-0.36507,-0.02013,0.01806,-0.37341
165.35,SYN.ETH-31JAN20,1579517942156,open,0.01,868.0,0.001,0.021,0.006352,77.7,0.011,0.0,ETH-31JAN20-140-P,164.94,72.84,0.005,600.0,0.008,300.0,83.05,0.04841,-0.17291,-0.00502,0.00765,-0.09544
165.35,SYN.ETH-31JAN20,1579517942156,open,0.0,2090.0,0.001,0.011,0.001258,119.22,0.001,0.0,ETH-31JAN20-260-C,164.94,0.0,0.0,0.0,0.002,397.0,127.48,0.01265,-0.06932,0.00083,0.0013,0.01802
165.35,SYN.ETH-31JAN20,1579517942156,open,0.45,0.0,0.41,0.503,0.453482,109.05,None,0.0,ETH-31JAN20-240-P,164.94,0.0,0.011,3.0,0.0,0.0,0.0,0.01926,-0.09657,-0.07015,0.00217,-0.97029
167.46,ETH-27MAR20,1579517942158,open,1.16,7.0,1.091,1.242,1.161728,105.38,1.702,0.0,ETH-27MAR20-360-P,164.94,0.0,0.01,30.0,0.0,0.0,0.0,0.09689,-0.07634,-0.6416,0.00179,-0.92938
171.77,ETH-26JUN20,1579517942162,open,0.13,1062.0,0.078,0.184,0.129369,92.9,0.121,0.0,ETH-26JUN20-240-C,164.94,90.0,0.122,419.0,0.135,279.0,95.1,0.43768,-0.12877,0.20434,0.00369,0.4044
167.46,ETH-27MAR20,1579517942162,open,0.02,2230.0,0.004,0.04,0.017122,100.76,0.018,0.0,ETH-27MAR20-320-C,164.94,97.82,0.015,560.0,0.019,800.0,103.21,0.1251,-0.09424,0.0252,0.00242,0.09924
171.77,ETH-26JUN20,1579517942162,open,0.43,0.0,0.357,0.506,0.430374,90.96,None,0.0,ETH-26JUN20-220-P,164.94,0.0,0.001,10.0,0.455,1.0,100.38,0.44773,-0.12899,-0.72511,0.00386,-0.5456
167.46,ETH-27MAR20,1579517942162,open,0.37,1200.0,0.314,0.434,0.372395,88.05,0.365,0.0,ETH-27MAR20-220-P,164.94,0.0,0.001,9.0,0.0,0.0,0.0,0.24775,-0.16309,-0.33023,0.00548,-0.70389
171.77,ETH-26JUN20,1579517942162,open,2.29,0.0,2.174,2.41,2.284392,107.81,None,0.0,ETH-26JUN20-560-P,164.94,0.0,0.01,50.0,0.0,0.0,0.0,0.19053,-0.06506,-2.36982,0.00138,-0.90527
171.77,ETH-26JUN20,1579517942162,open,2.75,0.0,2.623,2.883,2.745085,111.15,None,0.0,ETH-26JUN20-640-P,164.94,0.0,0.01,50.0,0.0,0.0,0.0,0.16122,-0.05675,-2.72616,0.00114,-0.9242
167.46,ETH-27MAR20,1579517942162,open,0.12,3735.0,0.072,0.154,0.112625,83.48,0.119,0.0,ETH-27MAR20-180-C,164.94,82.53,0.111,270.0,0.117,144.0,86.04,0.28588,-0.17843,0.11599,0.00667,0.49065
171.77,ETH-26JUN20,1579517942162,open,0.21,3501.0,0.158,0.267,0.213239,89.28,0.208,0.0,ETH-26JUN20-180-C,164.94,86.46,0.206,445.0,0.217,265.0,90.75,0.44049,-0.12455,0.27597,0.00387,0.58469
167.46,ETH-27MAR20,1579517942162,open,0.0,2448.0,0.001,0.014,0.003537,117.1,0.006,0.0,ETH-27MAR20-520-C,164.94,108.96,0.002,2756.0,0.005,350.0,122.83,0.03794,-0.03322,0.00573,0.00063,0.02222
167.46,ETH-27MAR20,1579517942162,open,1.63,0.0,1.553,1.726,1.633884,112.55,None,0.0,ETH-27MAR20-440-P,164.94,0.0,0.003,50.0,0.0,0.0,0.0,0.0603,-0.05074,-0.79622,0.00104,-0.96116
165.35,SYN.ETH-31JAN20,1579517942162,open,0.01,2681.0,0.001,0.024,0.007629,85.74,0.01,0.0,ETH-31JAN20-200-C,164.94,80.55,0.006,601.0,0.009,300.0,89.74,0.05467,-0.21549,0.00518,0.00783,0.11287
171.77,ETH-26JUN20,1579517942164,open,0.15,1061.0,0.096,0.204,0.149591,90.96,0.143,0.0,ETH-26JUN20-220-C,164.94,88.82,0.144,415.0,0.154,275.0,92.65,0.44773,-0.12899,0.22647,0.00386,0.4544
167.46,ETH-27MAR20,1579517942164,open,0.42,1148.0,0.391,0.443,0.416736,92.89,0.346,0.0,ETH-27MAR20-100-C,164.94,0.0,0.402,43.0,0.431,42.0,114.7,0.09346,-0.0649,0.15828,0.00196,0.93261
171.77,ETH-26JUN20,1579517942164,open,0.02,2398.0,0.005,0.048,0.019173,111.15,0.02,0.0,ETH-26JUN20-640-C,164.94,107.59,0.016,420.0,0.022,420.0,114.04,0.16122,-0.05675,0.04207,0.00114,0.0758
171.77,ETH-26JUN20,1579517942164,open,0.53,4.0,0.449,0.607,0.526586,92.9,0.934,0.0,ETH-26JUN20-240-P,164.94,0.0,0.01,50.0,0.0,0.0,0.0,0.43768,-0.12877,-0.83374,0.00369,-0.5956
171.77,ETH-26JUN20,1579517942164,open,2.06,0.0,1.949,2.173,2.054046,105.23,None,0.0,ETH-26JUN20-520-P,164.94,0.0,0.01,50.0,0.0,0.0,0.0,0.20516,-0.06837,-2.19118,0.00153,-0.89518
171.77,ETH-26JUN20,1579517942168,open,1.83,0.0,1.726,1.942,1.827218,104.62,None,0.0,ETH-26JUN20-480-P,164.94,0.0,0.01,50.0,0.0,0.0,0.0,0.23279,-0.07713,-2.00752,0.00174,-0.87482
167.46,ETH-27MAR20,1579517942168,open,0.32,158.0,0.281,0.348,0.314666,86.61,0.211,0.0,ETH-27MAR20-120-C,164.94,69.64,0.3,41.0,0.335,41.0,106.56,0.15887,-0.10288,0.16759,0.00357,0.86087
171.77,ETH-26JUN20,1579517942168,open,0.05,4038.0,0.018,0.088,0.046525,100.66,0.051,0.0,ETH-26JUN20-400-C,164.94,98.53,0.043,120.0,0.05,299.0,102.7,0.28815,-0.09186,0.09331,0.00224,0.17212
165.35,SYN.ETH-31JAN20,1579517942168,open,0.22,0.0,0.177,0.261,0.217174,85.74,None,0.0,ETH-31JAN20-200-P,164.94,0.0,0.034,1.0,0.0,0.0,0.0,0.05467,-0.21549,-0.05441,0.00783,-0.88713
171.77,ETH-26JUN20,1579517942170,open,0.06,1385.0,0.024,0.102,0.057602,98.75,0.053,0.0,ETH-26JUN20-360-C,164.94,96.81,0.054,140.0,0.061,296.0,100.53,0.3234,-0.10114,0.11146,0.00257,0.20763
171.77,ETH-26JUN20,1579517942170,open,0.17,2626.0,0.121,0.23,0.175824,89.28,0.172,0.0,ETH-26JUN20-200-C,164.94,87.44,0.171,410.0,0.182,270.0,91.64,0.45041,-0.12736,0.25107,0.00395,0.51375
171.77,ETH-26JUN20,1579517942170,open,1.16,1.0,1.065,1.252,1.153428,98.75,1.827,0.0,ETH-26JUN20-360-P,164.94,0.0,0.015,2.0,0.0,0.0,0.0,0.3234,-0.10114,-1.44567,0.00257,-0.79237
165.35,SYN.ETH-31JAN20,1579517942170,open,0.0,4160.0,0.001,0.011,0.000401,120.0,0.001,0.0,ETH-31JAN20-100-P,164.94,0.0,0.0,0.0,0.001,26.0,135.16,0.00462,-0.0255,-0.0003,0.00047,-0.00568
167.46,ETH-27MAR20,1579517942172,open,0.93,10.0,0.862,1.003,0.927912,100.6,1.59,0.0,ETH-27MAR20-320-P,164.94,0.0,0.011,5.0,0.0,0.0,0.0,0.12468,-0.09378,-0.56122,0.00241,-0.90121
165.35,SYN.ETH-31JAN20,1579517942172,open,0.07,2598.0,0.036,0.099,0.067585,73.47,0.072,0.0,ETH-31JAN20-160-C,164.94,67.97,0.064,180.0,0.071,180.0,78.68,0.10809,-0.36507,0.02754,0.01806,0.62659
171.77,ETH-26JUN20,1579517942175,open,0.08,2069.0,0.045,0.119,0.079466,89.28,0.081,0.0,ETH-26JUN20-120-P,164.94,83.8,0.07,284.0,0.083,484.0,91.3,0.2994,-0.08466,-0.19492,0.00263,-0.18289
171.77,ETH-26JUN20,1579517942175,open,0.03,634.0,0.01,0.069,0.032783,104.62,0.036,0.0,ETH-26JUN20-480-C,164.94,102.52,0.03,120.0,0.035,420.0,106.23,0.23279,-0.07713,0.06865,0.00174,0.12518
167.46,ETH-27MAR20,1579517942175,open,0.01,1621.0,0.004,0.03,0.013858,92.82,0.015,0.0,ETH-27MAR20-100-P,164.94,89.38,0.012,620.0,0.016,560.0,96.54,0.09335,-0.06479,-0.0249,0.00196,-0.06729
171.77,ETH-26JUN20,1579517942175,open,0.02,340.0,0.006,0.051,0.021193,109.28,0.025,0.0,ETH-26JUN20-600-C,164.94,105.98,0.018,420.0,0.024,420.0,111.96,0.17368,-0.06011,0.0464,0.00125,0.08365
167.46,ETH-27MAR20,1579517942175,open,2.11,0.0,2.016,2.212,2.108571,116.27,None,0.0,ETH-27MAR20-520-P,164.94,0.0,0.006,50.0,0.0,0.0,0.0,0.03659,-0.03181,-0.94725,0.00061,-0.97871
171.77,ETH-26JUN20,1579517942177,open,1.38,0.0,1.283,1.479,1.37522,100.66,None,0.0,ETH-26JUN20-400-P,164.94,0.0,0.01,50.0,0.0,0.0,0.0,0.28815,-0.09186,-1.63683,0.00224,-0.82788
167.46,ETH-27MAR20,1579517942177,open,2.35,0.0,2.247,2.456,2.346404,116.81,None,0.0,ETH-27MAR20-560-P,164.94,0.0,0.02,50.0,0.0,0.0,0.0,0.02749,-0.02401,-1.02208,0.00046,-0.98478
167.46,ETH-27MAR20,1579517942177,open,0.28,1948.0,0.22,0.333,0.275484,86.05,0.216,0.0,ETH-27MAR20-200-P,164.94,0.0,0.001,9.0,0.375,30.0,144.99,0.27355,-0.17599,-0.27387,0.00619,-0.61712
167.46,ETH-27MAR20,1579517942179,open,0.06,1654.0,0.028,0.096,0.058727,88.1,0.063,0.0,ETH-27MAR20-220-C,164.94,86.25,0.056,584.0,0.061,192.0,89.63,0.24782,-0.16324,0.07289,0.00547,0.2963
171.77,ETH-26JUN20,1579517942178,open,0.26,401.0,0.198,0.326,0.261152,89.28,0.223,0.0,ETH-26JUN20-180-P,164.94,84.17,0.248,180.0,0.28,180.0,96.66,0.44049,-0.12455,-0.50259,0.00387,-0.41531
8798.21,BTC-27MAR20,1579517942186,open,0.0,15.9,0.0005,0.012,0.00242786,80.71,0.003,0.0,BTC-27MAR20-4500-P,8653.46,74.87,0.0015,75.0,0.003,39.0,83.64,1.61046,-0.97186,-0.31778,1e-05,-0.01729
8798.21,BTC-27MAR20,1579517942186,open,0.38,0.0,0.365,0.4015,0.381564,71.99,None,0.0,BTC-27MAR20-5500-C,8653.46,40.11,0.375,11.0,0.384,11.0,77.37,3.6718,-1.97628,9.21798,4e-05,0.95339
8798.21,BTC-27MAR20,1579517942186,open,0.01,71.6,0.0005,0.018,0.00669329,71.99,0.007,0.0,BTC-27MAR20-5500-P,8653.46,70.29,0.006,15.0,0.0075,70.0,73.87,3.67241,-1.97675,-0.85937,4e-05,-0.04662
8798.21,BTC-27MAR20,1579517942186,open,0.02,95.5,0.007,0.037,0.01791554,66.5,0.0205,0.0,BTC-27MAR20-6500-P,8653.46,65.38,0.017,25.0,0.019,24.0,67.8,7.26133,-3.61027,-2.12533,8e-05,-0.11393
8798.21,BTC-27MAR20,1579517942186,open,0.49,2.1,0.479,0.5055,0.49095844,80.71,0.518,0.0,BTC-27MAR20-4500-C,8653.46,0.0,0.4885,12.1,0.499,12.0,107.6,1.60975,-0.97132,7.92735,1e-05,0.98272
8798.21,BTC-27MAR20,1579517942186,open,0.28,0.0,0.2565,0.3055,0.27912638,66.5,None,0.0,BTC-27MAR20-6500-C,8653.46,36.25,0.2625,10.0,0.299,10.0,87.54,7.26096,-3.60992,9.78421,8e-05,0.88608
8798.21,BTC-27MAR20,1579517942188,open,0.13,45.0,0.0965,0.164,0.12776113,65.74,0.124,0.0,BTC-27MAR20-8500-C,8653.46,63.46,0.124,10.1,0.13,12.0,67.1,14.5126,-7.13304,7.67409,0.00016,0.60382
8798.21,BTC-27MAR20,1579517942188,open,0.19,0.0,0.1645,0.2265,0.19350801,65.74,None,0.0,BTC-27MAR20-7500-C,8653.46,57.66,0.183,11.0,0.1995,11.0,70.2,11.69319,-5.74724,9.14063,0.00013,0.76054
8798.21,BTC-27MAR20,1579517942188,open,0.05,435.7,0.025,0.0755,0.04595704,65.74,0.0437,0.0,BTC-27MAR20-7500-P,8653.46,63.12,0.0425,13.1,0.046,36.3,65.77,11.6933,-5.74749,-4.60106,0.00013,-0.23947
167.46,ETH-27MAR20,1579517942232,open,0.48,136.0,0.417,0.541,0.476301,90.1,0.445,0.0,ETH-27MAR20-240-P,164.94,66.73,0.45,10.0,0.516,19.0,117.85,0.21742,-0.14647,-0.38253,0.0047,-0.77044
171.77,ETH-26JUN20,1579517942232,open,0.09,893.0,0.05,0.146,0.094275,94.19,0.09,0.0,ETH-26JUN20-280-C,164.94,91.92,0.089,426.0,0.099,426.0,96.2,0.40182,-0.11986,0.16469,0.00334,0.31594
171.77,ETH-26JUN20,1579517942232,open,0.01,1453.0,0.001,0.02,0.008887,100.47,0.011,0.0,ETH-26JUN20-60-P,164.94,92.75,0.006,300.0,0.012,393.0,107.42,0.07104,-0.0226,-0.02688,0.00055,-0.02729
167.46,ETH-27MAR20,1579517942232,open,0.0,5093.0,0.001,0.011,0.001385,120.0,0.005,0.0,ETH-27MAR20-640-C,164.94,115.98,0.001,97.0,0.003,300.0,131.18,0.01794,-0.0161,0.00243,0.00029,0.00931
171.77,ETH-26JUN20,1579517942232,open,0.73,0.0,0.643,0.811,0.724362,94.19,None,0.0,ETH-26JUN20-280-P,164.94,0.0,0.011,3.0,0.0,0.0,0.0,0.40182,-0.11986,-1.04641,0.00334,-0.68406
165.35,SYN.ETH-31JAN20,1579517942232,open,0.0,852.0,0.001,0.012,0.002028,109.05,0.006,0.0,ETH-31JAN20-240-C,164.94,98.19,0.001,10.0,0.003,640.0,116.4,0.01926,-0.09657,0.00136,0.00217,0.02971
165.35,SYN.ETH-31JAN20,1579517942232,open,0.33,1.0,0.293,0.379,0.333575,94.76,0.739,0.0,ETH-31JAN20-220-P,164.94,0.0,0.011,3.0,0.0,0.0,0.0,0.02852,-0.12424,-0.06334,0.00369,-0.95194
171.77,ETH-26JUN20,1579517942234,open,0.07,649.0,0.034,0.121,0.072542,96.48,0.069,0.0,ETH-26JUN20-320-C,164.94,94.3,0.068,432.0,0.076,292.0,98.11,0.3617,-0.11052,0.13451,0.00294,0.25359
171.77,ETH-26JUN20,1579517942234,open,0.94,0.0,0.85,1.028,0.935498,96.48,1.06,0.0,ETH-26JUN20-320-P,164.94,0.0,0.015,2.0,0.0,0.0,0.0,0.3617,-0.11052,-1.2496,0.00294,-0.74641
167.46,ETH-27MAR20,1579517942234,open,0.07,656.0,0.034,0.1,0.063908,83.43,0.068,0.0,ETH-27MAR20-140-P,164.94,81.28,0.061,278.0,0.066,192.0,84.97,0.22692,-0.14154,-0.09577,0.00529,-0.24822
167.46,ETH-27MAR20,1579517942234,open,0.01,1561.0,0.001,0.025,0.008597,109.18,0.01,0.0,ETH-27MAR20-400-C,164.94,105.43,0.007,310.0,0.01,560.0,112.14,0.0758,-0.06188,0.01319,0.00135,0.0516
167.46,ETH-27MAR20,1579517942234,open,0.01,1653.0,0.003,0.032,0.012089,105.6,0.012,0.0,ETH-27MAR20-360-C,164.94,103.68,0.011,50.0,0.013,260.0,107.14,0.09747,-0.07696,0.01812,0.0018,0.07116
165.35,SYN.ETH-31JAN20,1579517942234,open,0.11,36.0,0.072,0.15,0.110439,76.86,0.111,0.0,ETH-31JAN20-180-P,164.94,67.28,0.105,60.0,0.113,60.0,81.2,0.0966,-0.34136,-0.04076,0.01543,-0.71683
171.77,ETH-26JUN20,1579517942236,open,0.34,256.0,0.272,0.411,0.340172,89.28,0.352,0.0,ETH-26JUN20-200-P,164.94,0.0,0.001,10.0,0.369,1.0,100.3,0.45041,-0.12736,-0.61401,0.00395,-0.48625
171.77,ETH-26JUN20,1579517942236,open,0.04,721.0,0.02,0.072,0.042895,89.89,0.042,0.0,ETH-26JUN20-100-P,164.94,87.57,0.04,497.0,0.046,299.0,92.33,0.21656,-0.06165,-0.11583,0.00189,-0.11301
167.46,ETH-27MAR20,1579517942236,open,0.08,3194.0,0.044,0.121,0.081241,86.09,0.087,0.0,ETH-27MAR20-200-C,164.94,84.11,0.078,575.0,0.084,192.0,87.78,0.27358,-0.1761,0.09259,0.00618,0.38301
167.46,ETH-27MAR20,1579517942236,open,0.16,3341.0,0.119,0.204,0.161882,83.39,0.165,0.0,ETH-27MAR20-160-C,164.94,81.01,0.158,300.0,0.166,144.0,85.92,0.27287,-0.17013,0.14064,0.00637,0.62025
171.77,ETH-26JUN20,1579517942236,open,0.66,3.0,0.644,0.677,0.659583,100.47,0.588,0.0,ETH-26JUN20-60-C,164.94,0.0,0.65,59.0,0.665,57.0,112.01,0.07104,-0.0226,0.23265,0.00055,0.97271
167.46,ETH-27MAR20,1579517942238,open,1.4,5.0,1.322,1.483,1.397085,108.86,2.004,0.0,ETH-27MAR20-400-P,164.94,0.0,0.046,50.0,0.0,0.0,0.0,0.07505,-0.06109,-0.71984,0.00134,-0.94904
167.46,ETH-27MAR20,1579517942238,open,0.19,1575.0,0.137,0.24,0.187445,83.44,0.185,0.0,ETH-27MAR20-180-P,164.94,77.91,0.178,144.0,0.192,144.0,86.11,0.28588,-0.17835,-0.21381,0.00667,-0.50941
171.77,ETH-26JUN20,1579517942238,open,0.02,1009.0,0.008,0.04,0.020738,93.33,0.022,0.0,ETH-26JUN20-80-P,164.94,91.08,0.019,300.0,0.023,200.0,96.14,0.13519,-0.03996,-0.06025,0.00114,-0.06035
167.46,ETH-27MAR20,1579517942238,open,0.03,1547.0,0.013,0.057,0.031212,86.57,0.032,0.0,ETH-27MAR20-120-P,164.94,85.28,0.03,320.0,0.033,240.0,88.44,0.1588,-0.10278,-0.05224,0.00357,-0.13905
167.46,ETH-27MAR20,1579517942238,open,0.01,1738.0,0.001,0.018,0.005071,116.21,0.005,0.0,ETH-27MAR20-480-C,164.94,112.34,0.004,220.0,0.006,300.0,119.16,0.04994,-0.04339,0.00791,0.00084,0.03087
165.35,SYN.ETH-31JAN20,1579517942238,open,0.0,2125.0,0.001,0.014,0.003076,94.76,0.003,0.0,ETH-31JAN20-220-C,164.94,87.73,0.002,600.0,0.004,300.0,99.72,0.02852,-0.12424,0.00222,0.00369,0.04806
165.35,SYN.ETH-31JAN20,1579517942238,open,0.57,0.0,0.527,0.626,0.573666,119.22,None,0.0,ETH-31JAN20-260-P,164.94,0.0,0.011,3.0,0.0,0.0,0.0,0.01265,-0.06932,-0.07664,0.0013,-0.98198
165.35,SYN.ETH-31JAN20,1579517942238,open,0.0,1601.0,0.001,0.012,0.002436,105.49,0.003,0.0,ETH-31JAN20-120-P,164.94,101.77,0.002,20.0,0.003,600.0,109.77,0.02051,-0.09946,-0.0017,0.00239,-0.03204
171.77,ETH-26JUN20,1579517942240,open,0.03,195.0,0.008,0.06,0.026742,105.23,0.026,0.0,ETH-26JUN20-520-C,164.94,102.87,0.024,420.0,0.029,2.0,107.08,0.20516,-0.06837,0.05801,0.00153,0.10482
171.77,ETH-26JUN20,1579517942240,open,0.19,613.0,0.135,0.249,0.190341,89.28,0.149,0.0,ETH-26JUN20-160-P,164.94,86.24,0.183,180.0,0.198,426.0,92.47,0.41358,-0.11695,-0.39348,0.00363,-0.33926
167.46,ETH-27MAR20,1579517942240,open,0.03,2407.0,0.008,0.053,0.025601,95.14,0.025,0.0,ETH-27MAR20-280-C,164.94,92.41,0.023,559.0,0.027,240.0,96.56,0.16329,-0.11616,0.0366,0.00334,0.14489
167.46,ETH-27MAR20,1579517942240,open,2.58,0.0,2.479,2.7,2.584721,118.45,None,0.0,ETH-27MAR20-600-P,164.94,0.0,0.03,50.0,0.0,0.0,0.0,0.02206,-0.01954,-1.09625,0.00036,-0.9882
165.35,SYN.ETH-31JAN20,1579517942240,open,0.4,4.0,0.377,0.415,0.395629,120.0,0.4,0.0,ETH-31JAN20-100-C,164.94,0.0,0.386,39.0,0.404,39.0,201.02,0.00462,-0.0255,0.0295,0.00047,0.99432
171.77,ETH-26JUN20,1579517942242,open,0.13,1315.0,0.083,0.179,0.129273,89.28,0.11,0.0,ETH-26JUN20-140-P,164.94,85.87,0.122,447.0,0.134,447.0,91.5,0.36677,-0.10371,-0.28957,0.00322,-0.26047
167.46,ETH-27MAR20,1579517942244,open,2.82,0.0,2.711,2.945,2.822965,117.73,None,0.0,ETH-27MAR20-640-P,164.94,0.0,0.01,50.0,0.0,0.0,0.0,0.01573,-0.01384,-1.17051,0.00026,-0.99199
165.35,SYN.ETH-31JAN20,1579517942244,open,0.28,348.0,0.253,0.302,0.276709,105.49,0.278,0.0,ETH-31JAN20-120-C,164.94,0.0,0.263,34.0,0.287,34.0,154.89,0.02051,-0.09946,0.03406,0.00239,0.96796
171.77,ETH-26JUN20,1579517942246,open,2.52,0.0,2.398,2.646,2.514236,109.28,None,0.0,ETH-26JUN20-600-P,164.94,0.0,0.01,50.0,0.0,0.0,0.0,0.17368,-0.06011,-2.54882,0.00125,-0.91635
171.77,ETH-26JUN20,1579517942246,open,1.61,0.0,1.503,1.708,1.599394,102.12,None,0.0,ETH-26JUN20-440-P,164.94,0.0,0.01,50.0,0.0,0.0,0.0,0.25568,-0.08269,-1.82465,0.00196,-0.85651
167.46,ETH-27MAR20,1579517942246,open,0.01,1343.0,0.001,0.021,0.006548,112.98,0.006,0.0,ETH-27MAR20-440-C,164.94,108.39,0.005,260.0,0.008,560.0,116.71,0.06122,-0.05172,0.01013,0.00105,0.03957
8967.22,BTC-26JUN20,1579517942579,open,0.02,52.1,0.008,0.055,0.02308649,88.13,0.0255,0.0,BTC-26JUN20-22000-C,8653.46,86.77,0.0215,42.0,0.024,0.1,88.89,10.6561,-2.97423,3.14169,3e-05,0.10409
8798.2,BTC-27MAR20,1579517942579,open,0.24,262.8,0.208,0.2635,0.23372639,65.74,0.2345,0.0,BTC-27MAR20-7000-C,8653.46,45.33,0.2145,10.0,0.2495,10.0,79.51,9.53908,-4.68882,9.60796,0.0001,0.82975
8967.22,BTC-26JUN20,1579517942579,open,0.18,283.8,0.1425,0.231,0.18294735,70.93,0.182,0.0,BTC-26JUN20-9000-C,8653.46,69.19,0.1785,21.0,0.1875,21.0,72.71,22.9374,-5.15275,15.75621,9e-05,0.58918
8798.2,BTC-27MAR20,1579517942581,open,2.41,0.0,2.3435,2.486,2.41099211,109.81,None,0.0,BTC-27MAR20-30000-P,8653.46,0.0,0.0,0.0,0.0,0.0,0.0,0.89599,-0.73562,-54.84415,1e-05,-0.99122
8677.0,SYN.BTC-31JAN20,1579517942581,open,0.0,297.1,0.0005,0.0115,0.00156148,83.27,0.0015,0.0,BTC-31JAN20-11500-C,8653.46,77.74,0.001,61.0,0.002,30.0,86.77,1.00591,-3.85093,0.07231,5e-05,0.02953
8677.0,SYN.BTC-31JAN20,1579517942581,open,0.31,51.3,0.2945,0.3235,0.30875321,85.13,0.3385,0.0,BTC-31JAN20-6000-C,8653.46,0.0,0.298,9.0,0.3175,9.0,157.21,0.21203,-0.8298,1.77455,1e-05,0.99512
8967.22,BTC-26JUN20,1579517942583,open,0.63,12.5,0.5725,0.695,0.62744091,77.7,0.619,0.0,BTC-26JUN20-14000-P,8653.46,0.0,0.1,2.0,0.69,1.0,104.18,19.45929,-4.78876,-52.69376,7e-05,-0.73112
8798.2,BTC-27MAR20,1579517942583,open,0.0,76.4,0.0005,0.0115,0.0018686,110.0,0.002,0.0,BTC-27MAR20-28000-C,8653.46,107.24,0.0015,42.0,0.0025,51.0,113.94,1.26903,-1.04367,0.18105,1e-05,0.0131
8798.2,BTC-27MAR20,1579517942589,open,0.01,721.4,0.0005,0.02,0.00555587,97.03,0.005,0.0,BTC-27MAR20-20000-C,8653.46,95.42,0.005,1.0,0.006,24.0,98.24,3.1394,-2.27746,0.52949,2e-05,0.0384
8677.0,SYN.BTC-31JAN20,1579517942591,open,0.42,18.7,0.4125,0.436,0.42383682,109.46,0.4425,0.0,BTC-31JAN20-5000-C,8653.46,0.0,0.415,11.0,0.431,11.0,207.72,0.06403,-0.3222,1.48628,0.0,0.9987
8677.0,SYN.BTC-31JAN20,1579517942591,open,0.33,0.0,0.3,0.3585,0.32691378,83.35,None,0.0,BTC-31JAN20-11500-P,8653.46,0.0,0.0,0.0,0.0,0.0,0.0,1.00967,-3.86911,-3.35395,5e-05,-0.97034
8677.0,SYN.BTC-31JAN20,1579517942591,open,0.27,0.0,0.2435,0.3015,0.27020314,78.65,None,0.0,BTC-31JAN20-11000-P,8653.46,0.0,0.0025,1.0,0.0,0.0,0.0,1.45828,-5.27268,-3.16374,8e-05,-0.95347
8677.0,SYN.BTC-31JAN20,1579517942591,open,0.0,573.2,0.0005,0.0105,7.695e-05,110.0,0.0005,0.0,BTC-31JAN20-5000-P,8653.46,0.0,0.0,0.0,0.0005,27.0,134.01,0.06677,-0.3377,-0.00371,0.0,-0.00136
8798.2,BTC-27MAR20,1579517942594,open,0.0,110.1,0.0005,0.0125,0.00251269,108.06,0.0025,0.0,BTC-27MAR20-26000-C,8653.46,105.05,0.002,42.0,0.003,51.0,110.55,1.61753,-1.30684,0.23956,1e-05,0.01737
8967.22,BTC-26JUN20,1579517942594,open,0.19,155.8,0.1435,0.24,0.1866152,70.94,0.182,0.0,BTC-26JUN20-9000-P,8653.46,69.13,0.182,8.8,0.192,15.8,73.04,22.93731,-5.15308,-23.17228,9e-05,-0.41082
8967.22,BTC-26JUN20,1579517942594,open,0.02,87.8,0.005,0.0455,0.01707591,93.45,0.016,0.0,BTC-26JUN20-26000-C,8653.46,91.75,0.0155,10.0,0.0185,32.0,94.92,8.52727,-2.5238,2.32888,3e-05,0.07712
8798.2,BTC-27MAR20,1579517942596,open,0.0,161.9,0.0005,0.0135,0.00304227,104.13,0.0025,0.0,BTC-27MAR20-24000-C,8653.46,101.48,0.0025,42.0,0.0035,51.0,106.13,1.91946,-1.49434,0.2935,1e-05,0.02125
8967.22,BTC-26JUN20,1579517942596,open,0.01,112.7,0.0035,0.0385,0.01306057,97.56,0.014,0.0,BTC-26JUN20-30000-C,8653.46,95.47,0.0115,42.1,0.0145,33.0,99.36,6.95476,-2.14892,1.79084,2e-05,0.05923
8677.0,SYN.BTC-31JAN20,1579517942596,open,0.0,723.6,0.0005,0.0125,0.00247485,78.59,0.003,0.0,BTC-31JAN20-11000-C,8653.46,75.59,0.002,15.0,0.0025,30.0,78.74,1.45524,-5.25808,0.11358,8e-05,0.04641
8677.0,SYN.BTC-31JAN20,1579517942596,open,0.01,1022.4,0.0005,0.0195,0.00562818,64.17,0.0055,0.0,BTC-31JAN20-10000-C,8653.46,62.18,0.005,83.2,0.006,0.2,65.3,2.81894,-8.31611,0.27021,0.0002,0.11014
8677.0,SYN.BTC-31JAN20,1579517942600,open,0.38,0.0,0.356,0.416,0.38402126,88.09,None,0.0,BTC-31JAN20-12000-P,8653.46,0.0,0.0,0.0,0.0,0.0,0.0,0.72135,-2.92123,-3.52691,4e-05,-0.98013
8798.2,BTC-27MAR20,1579517942602,open,0.01,508.8,0.0005,0.025,0.00781521,92.52,0.0085,0.0,BTC-27MAR20-18000-C,8653.46,91.83,0.0075,2.0,0.008,24.0,92.91,4.1136,-2.84541,0.7404,3e-05,0.05375
8967.22,BTC-26JUN20,1579517942602,open,0.37,20.1,0.344,0.4045,0.37139052,70.97,0.377,0.0,BTC-26JUN20-6000-C,8653.46,55.82,0.3515,8.0,0.395,8.0,86.38,12.92852,-2.90569,19.07118,5e-05,0.86309
8677.0,SYN.BTC-31JAN20,1579517942602,open,0.0,758.0,0.0005,0.0105,0.00050294,75.06,0.0005,0.0,BTC-31JAN20-6500-P,8653.46,0.0,0.0,0.0,0.001,52.5,82.93,0.42992,-1.48361,-0.02945,3e-05,-0.01089
8677.0,SYN.BTC-31JAN20,1579517942602,open,0.01,672.8,0.0015,0.0285,0.01108436,59.39,0.0105,0.0,BTC-31JAN20-9500-C,8653.46,57.13,0.01,43.0,0.012,40.0,61.25,4.22471,-11.53466,0.49492,0.00032,0.20251
8677.0,SYN.BTC-31JAN20,1579517942602,open,0.0,1098.3,0.0005,0.0105,0.00024137,85.33,0.0005,0.0,BTC-31JAN20-6000-P,8653.46,0.0,0.0,0.0,0.0005,3.2,93.24,0.21518,-0.8441,-0.01346,1e-05,-0.00496
8798.2,BTC-27MAR20,1579517942604,open,0.55,23.8,0.5365,0.5585,0.54660414,84.45,0.562,0.0,BTC-27MAR20-4000-C,8653.46,0.0,0.545,13.1,0.553,13.0,115.38,0.92492,-0.58402,7.162,1e-05,0.99089
8798.2,BTC-27MAR20,1579517942604,open,0.0,306.9,0.0005,0.0105,0.00036501,110.0,0.001,0.0,BTC-27MAR20-36000-C,8653.46,113.12,0.0005,37.6,0.001,14.8,120.88,0.33594,-0.27629,0.04114,0.0,0.00292
8798.2,BTC-27MAR20,1579517942604,open,0.0,163.3,0.0005,0.011,0.00122312,110.0,0.0025,0.0,BTC-27MAR20-30000-C,8653.46,107.67,0.001,25.6,0.002,24.0,116.26,0.90645,-0.74549,0.12375,1e-05,0.0089
8967.22,BTC-26JUN20,1579517942604,open,0.0,198.0,0.0005,0.0125,0.00297657,85.02,0.0035,0.0,BTC-26JUN20-3000-P,8653.46,82.68,0.0025,15.2,0.0035,0.9,87.34,1.92368,-0.51797,-0.60479,1e-05,-0.01262
8677.0,SYN.BTC-31JAN20,1579517942604,open,0.03,288.0,0.011,0.0515,0.02728627,53.69,0.0265,0.0,BTC-31JAN20-8500-P,8653.46,50.25,0.025,40.0,0.028,1.0,54.77,5.76346,-14.22725,-1.08941,0.00048,-0.39408
8677.0,SYN.BTC-31JAN20,1579517942604,open,0.14,467.8,0.1195,0.1605,0.13922962,60.48,0.1395,0.0,BTC-31JAN20-7500-C,8653.46,0.0,0.121,8.0,0.14,10.0,63.52,2.09264,-5.81825,2.03485,0.00015,0.92627
8677.0,SYN.BTC-31JAN20,1579517942604,open,0.0,612.4,0.0005,0.016,0.00384264,72.62,0.004,0.0,BTC-31JAN20-10500-C,8653.46,71.14,0.0035,0.1,0.004,30.5,73.27,2.06211,-6.88421,0.17705,0.00013,0.07232
8677.0,SYN.BTC-31JAN20,1579517942604,open,0.21,0.0,0.1875,0.245,0.21394691,72.65,None,0.0,BTC-31JAN20-10500-P,8653.46,0.0,0.0005,10.0,0.0,0.0,0.0,2.06449,-6.89561,-2.95131,0.00013,-0.92757
8798.2,BTC-27MAR20,1579517942606,open,0.02,1099.6,0.0055,0.0395,0.01651902,79.14,0.0165,0.0,BTC-27MAR20-14000-C,8653.46,77.89,0.0155,15.0,0.0175,47.0,80.3,7.29636,-4.31709,1.5827,7e-05,0.1147
8967.22,BTC-26JUN20,1579517942606,open,0.15,533.9,0.1055,0.1955,0.14602451,72.21,0.1475,0.0,BTC-26JUN20-10000-C,8653.46,70.68,0.142,11.8,0.15,31.8,73.73,23.52694,-5.38055,13.85209,9e-05,0.50316
8967.22,BTC-26JUN20,1579517942606,open,0.56,0.5,0.5485,0.581,0.56260995,78.82,0.589,0.0,BTC-26JUN20-4000-C,8653.46,40.97,0.554,10.0,0.5685,10.0,89.02,4.51981,-1.12833,15.62078,2e-05,0.96535
8677.0,SYN.BTC-31JAN20,1579517942606,open,0.19,336.2,0.1775,0.2135,0.19471489,68.44,0.2,0.0,BTC-31JAN20-7000-C,8653.46,0.0,0.18,8.0,0.1995,8.0,93.75,1.02622,-3.22874,2.0038,7e-05,0.96975
8798.2,BTC-27MAR20,1579517942608,open,0.0,889.3,0.0005,0.0105,0.00017092,110.0,0.001,0.0,BTC-27MAR20-40000-C,8653.46,120.26,0.0005,16.7,0.001,0.8,128.37,0.17679,-0.1454,0.02042,0.0,0.00144
8967.22,BTC-26JUN20,1579517942608,open,0.46,0.0,0.442,0.488,0.46247362,74.09,None,0.0,BTC-26JUN20-5000-C,8653.46,41.06,0.4435,9.0,0.4645,9.0,76.23,8.31363,-1.95079,17.95557,3e-05,0.92541
8798.2,BTC-27MAR20,1579517942608,open,0.07,1649.3,0.0405,0.1025,0.06719126,68.13,0.0675,0.0,BTC-27MAR20-10000-C,8653.46,66.48,0.0645,22.4,0.069,47.7,69.23,14.39184,-7.33054,5.11765,0.00015,0.38466
8798.2,BTC-27MAR20,1579517942610,open,0.4,55.3,0.355,0.4425,0.39479499,73.27,0.3565,0.0,BTC-27MAR20-12000-P,8653.46,0.0,0.059,0.1,0.6795,0.1,248.76,10.62115,-5.81795,-19.22053,0.0001,-0.79753
8967.22,BTC-26JUN20,1579517942610,open,0.1,472.3,0.06,0.1445,0.09617555,75.01,0.093,0.0,BTC-26JUN20-12000-C,8653.46,73.52,0.0925,13.0,0.0995,25.0,76.35,22.17709,-5.26861,10.44529,9e-05,0.36548
8967.22,BTC-26JUN20,1579517942610,open,0.02,45.4,0.0065,0.05,0.01986126,91.07,0.0225,0.0,BTC-26JUN20-24000-C,8653.46,89.28,0.018,42.0,0.0215,32.0,92.58,9.53375,-2.74988,2.69924,3e-05,0.08945
8798.2,BTC-27MAR20,1579517942610,open,0.0,177.4,0.0005,0.0105,0.00080916,110.0,0.002,0.0,BTC-27MAR20-32000-C,8653.46,112.39,0.001,105.4,0.002,39.0,121.23,0.64893,-0.53369,0.08514,0.0,0.00609
8967.22,BTC-26JUN20,1579517942610,open,0.03,1070.2,0.0105,0.063,0.02858264,85.76,0.0275,0.0,BTC-26JUN20-20000-C,8653.46,84.59,0.027,1.3,0.0295,0.1,86.42,12.28122,-3.33552,3.82065,4e-05,0.12709
8967.22,BTC-26JUN20,1579517942612,open,0.05,252.4,0.023,0.0895,0.04831175,80.65,0.05,0.0,BTC-26JUN20-16000-C,8653.46,79.95,0.047,5.0,0.049,0.1,81.02,16.7221,-4.27133,6.05008,6e-05,0.2043
8798.2,BTC-27MAR20,1579517942612,open,0.2,159.3,0.166,0.2485,0.20378093,68.12,0.219,0.0,BTC-27MAR20-10000-P,8653.46,65.19,0.199,10.0,0.242,8.0,91.02,14.39169,-7.33004,-13.20456,0.00015,-0.61535
8967.22,BTC-26JUN20,1579517942612,open,0.01,231.3,0.003,0.0375,0.01255783,100.71,0.0125,0.0,BTC-26JUN20-32000-C,8653.46,99.95,0.012,1.0,0.013,33.0,101.3,6.65158,-2.12152,1.68376,2e-05,0.05597
8967.22,BTC-26JUN20,1579517942612,open,0.02,353.0,0.0085,0.0405,0.02006687,74.1,0.019,0.0,BTC-26JUN20-5000-P,8653.46,72.94,0.019,0.1,0.0215,21.0,75.62,8.31477,-1.95126,-3.67203,3e-05,-0.07461
8677.0,SYN.BTC-31JAN20,1579517942612,open,0.01,931.9,0.0005,0.0265,0.0100236,55.23,0.011,0.0,BTC-31JAN20-8000-P,8653.46,54.08,0.0095,1.0,0.0105,24.0,56.26,3.98643,-10.12259,-0.50199,0.00032,-0.18414
8798.2,BTC-27MAR20,1579517942614,open,0.44,1.8,0.4215,0.453,0.43593948,76.65,0.4545,0.0,BTC-27MAR20-5000-C,8653.46,52.03,0.432,11.0,0.4455,11.0,99.9,2.53488,-1.45259,8.61541,2e-05,0.97039
8967.22,BTC-26JUN20,1579517942614,open,0.07,672.0,0.0355,0.111,0.06617981,77.69,0.064,0.0,BTC-26JUN20-14000-C,8653.46,76.22,0.063,13.9,0.069,26.9,78.99,19.45775,-4.78783,7.86039,7e-05,0.26884
8967.22,BTC-26JUN20,1579517942614,open,0.08,330.8,0.048,0.1155,0.07658451,70.94,0.074,0.0,BTC-26JUN20-7000-P,8653.46,69.36,0.0735,3.0,0.077,5.0,71.15,17.57057,-3.94733,-11.59628,7e-05,-0.22239
8677.0,SYN.BTC-31JAN20,1579517942614,open,0.06,181.9,0.0365,0.088,0.06035477,55.55,0.06,0.0,BTC-31JAN20-9000-P,8653.46,33.24,0.0465,9.0,0.069,6.2,68.64,5.6526,-14.43522,-1.78622,0.00045,-0.63052
8967.22,BTC-26JUN20,1579517942616,open,0.43,6.7,0.3815,0.4985,0.43439935,75.02,0.423,0.0,BTC-26JUN20-12000-P,8653.46,0.0,0.001,0.5,0.54,0.1,115.96,22.17765,-5.26921,-41.45861,8e-05,-0.63449
8677.0,SYN.BTC-31JAN20,1579517942616,open,0.16,0.0,0.132,0.188,0.15810844,64.19,None,0.0,BTC-31JAN20-10000-P,8653.46,0.0,0.0,0.0,0.0,0.0,0.0,2.82076,-8.32475,-2.7092,0.0002,-0.88976
8798.2,BTC-27MAR20,1579517942618,open,0.13,209.9,0.0915,0.1655,0.12500538,65.74,0.127,0.0,BTC-27MAR20-9000-P,8653.46,65.44,0.1245,0.5,0.1265,0.5,66.62,14.9971,-7.37106,-9.68889,0.00016,-0.47604
8677.0,SYN.BTC-31JAN20,1579517942618,open,0.0,782.3,0.0005,0.0105,0.0004071,109.96,0.001,0.0,BTC-31JAN20-5500-P,8653.46,0.0,0.0,0.0,0.001,17.6,123.83,0.26456,-1.33747,-0.01725,1e-05,-0.00626
8967.22,BTC-26JUN20,1579517942620,open,0.13,173.9,0.0885,0.1725,0.12566077,70.94,0.121,0.0,BTC-26JUN20-8000-P,8653.46,68.73,0.1205,11.0,0.1285,20.0,72.15,20.98858,-4.71524,-17.14432,9e-05,-0.31636
8967.22,BTC-26JUN20,1579517942620,open,0.01,428.7,0.0005,0.021,0.00868454,78.84,0.0105,0.0,BTC-26JUN20-4000-P,8653.46,76.4,0.0075,15.0,0.01,22.0,81.35,4.52128,-1.12886,-1.68141,2e-05,-0.03467
8677.0,SYN.BTC-31JAN20,1579517942622,open,0.37,27.7,0.3535,0.381,0.36654296,109.81,0.394,0.0,BTC-31JAN20-5500-C,8653.46,0.0,0.3565,10.0,0.374,10.0,180.65,0.26251,-1.32528,1.62171,1e-05,0.99379
8677.0,SYN.BTC-31JAN20,1579517942622,open,0.25,51.0,0.236,0.268,0.25139077,74.95,0.26,0.0,BTC-31JAN20-6500-C,8653.46,0.0,0.239,9.0,0.2615,9.0,135.83,0.42685,-1.4709,1.90756,3e-05,0.9892
8967.22,BTC-26JUN20,1579517942627,open,0.26,138.6,0.213,0.3195,0.26121101,72.22,0.2635,0.0,BTC-26JUN20-10000-P,8653.46,70.04,0.2555,6.4,0.2685,16.0,75.0,23.52693,-5.38094,-29.40153,9e-05,-0.49682
8967.22,BTC-26JUN20,1579517942627,open,0.01,49.9,0.004,0.0415,0.01481934,95.56,0.0135,0.0,BTC-26JUN20-28000-C,8653.46,93.35,0.013,37.0,0.0165,33.0,97.46,7.66636,-2.32011,2.02873,2e-05,0.06712
8967.22,BTC-26JUN20,1579517942629,open,0.67,26.7,0.6585,0.68,0.66842062,85.0,0.68,0.0,BTC-26JUN20-3000-C,8653.46,0.0,0.665,11.0,0.6725,11.0,99.37,1.92205,-0.51742,12.37194,1e-05,0.9874
171.77,ETH-26JUN20,1579517942683,open,0.55,0.0,0.531,0.581,0.554999,93.33,None,0.0,ETH-26JUN20-80-C,164.94,0.0,0.533,51.0,0.569,51.0,109.32,0.13519,-0.03996,0.28578,0.00114,0.93965
171.77,ETH-26JUN20,1579517942689,open,0.38,318.0,0.337,0.423,0.380857,89.28,0.379,0.0,ETH-26JUN20-120-C,164.94,67.02,0.344,47.0,0.404,47.0,102.33,0.2994,-0.08466,0.32412,0.00263,0.81711
8661.85,SYN.BTC-24JAN20,1579517942796,open,0.22,9.1,0.205,0.238,0.22095631,100.16,0.246,0.0,BTC-24JAN20-6750-C,8653.46,0.0,0.2085,8.0,0.2305,8.0,198.95,0.16943,-2.18921,0.71027,2e-05,0.99321
8661.85,SYN.BTC-24JAN20,1579517942796,open,0.0,85.1,0.0005,0.0105,5.596e-05,110.0,0.0005,0.0,BTC-24JAN20-6250-P,8653.46,0.0,0.0,0.0,0.0005,2.1,140.0,0.04786,-0.4847,-0.00158,1e-05,-0.00166
8661.85,SYN.BTC-24JAN20,1579517942796,open,0.0,156.0,0.0005,0.0105,0.00023546,100.15,0.0005,0.0,BTC-24JAN20-6750-P,8653.46,0.0,0.0,0.0,0.0005,2.2,110.36,0.16932,-2.03956,-0.00646,2e-05,-0.00679
8661.85,SYN.BTC-24JAN20,1579517942796,open,0.25,0.4,0.2345,0.266,0.24976033,110.01,0.274,0.0,BTC-24JAN20-6500-C,8653.46,0.0,0.238,9.0,0.259,9.0,219.14,0.1246,-1.76843,0.68561,1e-05,0.99519
8661.85,SYN.BTC-24JAN20,1579517942796,open,0.28,0.4,0.264,0.2935,0.27850119,110.04,0.3025,0.0,BTC-24JAN20-6250-C,8653.46,0.0,0.2675,9.0,0.287,9.0,236.02,0.04799,-0.68125,0.66206,1e-05,0.99833
8661.85,SYN.BTC-24JAN20,1579517942796,open,0.16,7.2,0.146,0.182,0.16342026,80.26,0.199,0.0,BTC-24JAN20-7250-C,8653.46,0.0,0.1495,8.0,0.174,8.0,161.16,0.32178,-3.33189,0.75641,5e-05,0.98583
8661.85,SYN.BTC-24JAN20,1579517942797,open,0.13,22.3,0.117,0.155,0.13507097,75.93,0.1625,0.0,BTC-24JAN20-7500-C,8653.46,0.0,0.12,8.0,0.1465,8.0,144.94,0.6084,-5.95979,0.76786,0.0001,0.96994
8661.85,SYN.BTC-24JAN20,1579517942800,open,0.0,189.4,0.0005,0.0105,0.00042379,80.26,0.0005,0.0,BTC-24JAN20-7250-P,8653.46,0.0,0.0,0.0,0.0005,0.1,82.2,0.32167,-3.33046,-0.01341,5e-05,-0.01416
8661.85,SYN.BTC-24JAN20,1579517942800,open,0.0,223.5,0.0005,0.0105,0.00017729,110.0,0.0005,0.0,BTC-24JAN20-6500-P,8653.46,0.0,0.0,0.0,0.0005,0.1,124.97,0.1245,-1.53563,-0.00458,1e-05,-0.0048
8661.85,SYN.BTC-24JAN20,1579517942800,open,0.03,255.6,0.0105,0.055,0.02701406,52.15,0.029,0.0,BTC-24JAN20-8750-P,8653.46,47.18,0.025,18.0,0.028,20.1,54.58,3.51464,-23.64529,-0.54374,0.00085,-0.56417
8661.85,SYN.BTC-24JAN20,1579517942800,open,0.0,270.4,0.0005,0.011,0.00117156,63.93,0.001,0.0,BTC-24JAN20-7750-P,8653.46,62.01,0.001,0.1,0.0015,25.0,67.21,0.80926,-6.67473,-0.04025,0.00016,-0.04259
8661.85,SYN.BTC-24JAN20,1579517942800,open,0.11,21.1,0.0875,0.1265,0.10644365,63.94,0.156,0.0,BTC-24JAN20-7750-C,8653.46,0.0,0.09,8.0,0.12,8.0,131.14,0.80936,-6.67578,0.78267,0.00016,0.95741
8661.85,SYN.BTC-24JAN20,1579517942800,open,0.0,263.0,0.0005,0.0105,0.0009367,75.93,0.0015,0.0,BTC-24JAN20-7500-P,8653.46,68.5,0.0005,26.2,0.0015,71.0,82.87,0.60831,-5.95864,-0.02851,0.0001,-0.03006
8661.85,SYN.BTC-24JAN20,1579517942801,open,0.19,0.2,0.1755,0.2095,0.19209304,86.97,0.2265,0.0,BTC-24JAN20-7000-C,8653.46,0.0,0.179,8.0,0.2025,8.0,181.48,0.18963,-2.12749,0.73597,3e-05,0.99228
8661.85,SYN.BTC-24JAN20,1579517942802,open,0.03,289.6,0.014,0.0585,0.03187243,52.15,0.032,0.0,BTC-24JAN20-8500-C,8653.46,52.48,0.032,0.1,0.034,1.1,57.68,3.31546,-22.30553,0.56598,0.0008,0.64724
8661.85,SYN.BTC-24JAN20,1579517942802,open,0.08,53.7,0.0585,0.101,0.07923815,60.23,0.1325,0.0,BTC-24JAN20-8000-C,8653.46,52.18,0.078,1.0,0.0815,1.0,71.62,1.50643,-11.70601,0.75966,0.00031,0.90518
8661.85,SYN.BTC-24JAN20,1579517942804,open,0.05,220.3,0.026,0.0755,0.04768738,55.15,0.052,0.0,BTC-24JAN20-9000-P,8653.46,49.98,0.046,0.1,0.0485,1.0,57.56,2.89129,-20.57238,-0.72509,0.00066,-0.74067
8661.85,SYN.BTC-24JAN20,1579517942804,open,0.0,412.4,0.0005,0.0145,0.00276634,65.44,0.0025,0.0,BTC-24JAN20-9500-C,8653.46,60.54,0.002,70.0,0.003,1.7,66.8,1.45877,-12.31581,0.08095,0.00028,0.09078
8661.85,SYN.BTC-24JAN20,1579517942804,open,0.05,168.7,0.033,0.0785,0.0533621,54.41,0.0525,0.0,BTC-24JAN20-8250-C,8653.46,49.26,0.052,1.0,0.0555,1.0,61.84,2.3816,-16.71741,0.70062,0.00055,0.81511
8661.85,SYN.BTC-24JAN20,1579517942804,open,0.13,0.0,0.104,0.1545,0.12747694,72.01,None,0.0,BTC-24JAN20-9750-P,8653.46,0.0,0.0005,0.2,0.0,0.0,0.0,1.05837,-9.83199,-0.98213,0.00018,-0.94035
8661.85,SYN.BTC-24JAN20,1579517942804,open,0.0,707.0,0.0005,0.0145,0.00282825,60.23,0.0035,0.0,BTC-24JAN20-8000-P,8653.46,58.29,0.0025,2.0,0.003,30.0,61.21,1.50637,-11.70528,-0.0898,0.00031,-0.09481
8661.85,SYN.BTC-24JAN20,1579517942806,open,0.1,5.2,0.076,0.1265,0.09952959,65.44,0.078,0.0,BTC-24JAN20-9500-P,8653.46,0.0,0.096,1.0,0.1,1.0,68.13,1.4587,-12.31484,-0.9278,0.00028,-0.90922
171.77,ETH-26JUN20,1579517942902,open,0.38,318.0,0.337,0.423,0.380857,89.28,0.379,0.0,ETH-26JUN20-120-C,164.94,67.02,0.344,47.0,0.405,47.0,102.89,0.2994,-0.08466,0.32412,0.00263,0.81711
165.09,SYN.ETH-24JAN20,1579517943015,open,0.0,26.0,0.001,0.011,1e-06,120.0,0.001,0.0,ETH-24JAN20-100-P,164.94,0.0,0.0,0.0,0.001,50.0,225.77,1e-05,-9e-05,0.0,0.0,-2e-05
165.09,SYN.ETH-24JAN20,1579517943015,open,0.4,2.0,0.376,0.412,0.394258,120.05,0.39,0.0,ETH-24JAN20-100-C,164.94,0.0,0.385,38.0,0.403,38.0,335.57,1e-05,-0.00022,0.01062,0.0,0.99998
165.09,SYN.ETH-24JAN20,1579517943015,open,0.0,923.0,0.001,0.015,0.00249,87.62,0.002,0.0,ETH-24JAN20-190-C,164.94,73.42,0.001,434.0,0.003,303.0,91.32,0.02165,-0.24479,0.0011,0.00854,0.06533
165.09,SYN.ETH-24JAN20,1579517943015,open,0.27,0.0,0.236,0.314,0.272569,103.77,None,0.0,ETH-24JAN20-210-P,164.94,0.0,0.0,0.0,0.0,0.0,0.0,0.00607,-0.08132,-0.02206,0.00202,-0.98599
165.09,SYN.ETH-24JAN20,1579517943015,open,0.15,0.0,0.118,0.192,0.153401,87.62,None,0.0,ETH-24JAN20-190-P,164.94,0.0,0.001,2.0,0.0,0.0,0.0,0.02165,-0.24479,-0.01907,0.00854,-0.93467
165.09,SYN.ETH-24JAN20,1579517943017,open,0.0,330.0,0.001,0.011,0.000509,103.77,0.001,0.0,ETH-24JAN20-210-C,164.94,0.0,0.0,0.0,0.001,10.0,114.25,0.00607,-0.08132,0.00024,0.00202,0.01401
165.09,SYN.ETH-24JAN20,1579517943020,open,0.21,10.0,0.177,0.254,0.213015,101.79,0.1,0.0,ETH-24JAN20-200-P,164.94,0.0,0.11,10.0,0.0,0.0,0.0,0.014,-0.18389,-0.0206,0.00475,-0.96218
8677.0,SYN.BTC-31JAN20,1579517943020,open,0.22,10.1,0.2065,0.241,0.22304944,73.1,0.2485,0.0,BTC-31JAN20-6750-C,8653.46,0.0,0.2095,9.0,0.2335,9.0,124.91,0.72573,-2.43886,1.957,4e-05,0.97998
8677.0,SYN.BTC-31JAN20,1579517943020,open,0.3,0.0,0.2715,0.33,0.29856382,81.51,None,0.0,BTC-31JAN20-11250-P,8653.46,0.0,0.0,0.0,0.0,0.0,0.0,1.23561,-4.63013,-3.25933,7e-05,-0.96209
165.09,SYN.ETH-24JAN20,1579517943020,open,0.0,1203.0,0.001,0.012,0.00153,101.79,0.001,0.0,ETH-24JAN20-200-C,164.94,94.74,0.001,1522.0,0.002,350.0,106.9,0.014,-0.18389,0.00064,0.00475,0.03782
8677.0,SYN.BTC-31JAN20,1579517943020,open,0.0,110.0,0.0005,0.0105,0.00096749,73.09,0.0005,0.0,BTC-31JAN20-6750-P,8653.46,66.29,0.0005,56.0,0.0015,45.3,78.61,0.72538,-2.43742,-0.05423,4e-05,-0.02001
8661.85,SYN.BTC-24JAN20,1579517943022,open,0.0,371.4,0.0005,0.0105,0.00050857,94.64,0.001,0.0,BTC-24JAN20-10750-C,8653.46,0.0,0.0,0.0,0.001,34.5,104.47,0.34104,-4.1637,0.01347,5e-05,0.01516
8661.85,SYN.BTC-24JAN20,1579517943022,open,0.24,0.0,0.217,0.27,0.24158278,94.63,None,0.0,BTC-24JAN20-10750-P,8653.46,0.0,0.0,0.0,0.0,0.0,0.0,0.34085,-4.1609,-1.12801,5e-05,-0.98485
8661.85,SYN.BTC-24JAN20,1579517943041,open,0.18,0.0,0.1605,0.2125,0.18437114,85.38,None,0.0,BTC-24JAN20-10250-P,8653.46,0.0,0.0,0.0,0.0,0.0,0.0,0.6204,-6.8338,-1.06101,9e-05,-0.96922
8661.85,SYN.BTC-24JAN20,1579517943041,open,0.0,281.0,0.0005,0.011,0.00102132,85.39,0.001,0.0,BTC-24JAN20-10250-C,8653.46,76.45,0.0005,54.1,0.0015,31.0,91.31,0.62055,-6.83591,0.02738,9e-05,0.03079
8661.85,SYN.BTC-24JAN20,1579517943049,open,0.21,0.0,0.1885,0.241,0.21289876,89.61,None,0.0,BTC-24JAN20-10500-P,8653.46,0.0,0.0,0.0,0.0,0.0,0.0,0.44631,-5.15948,-1.09645,6e-05,-0.97923
9101.36,SYN.BTC-25SEP20,1579517943154,open,0.24,98.7,0.1945,0.2955,0.24081341,72.88,0.2495,0.0,BTC-25SEP20-9000-C,8653.46,71.83,0.2375,0.1,0.2495,7.9,75.66,28.48991,-4.17168,23.86261,7e-05,0.62534
9101.36,SYN.BTC-25SEP20,1579517943154,open,0.07,103.8,0.042,0.1065,0.06896004,72.89,0.064,0.0,BTC-25SEP20-6000-P,8653.46,70.4,0.064,0.1,0.067,0.3,71.91,18.30822,-2.68092,-14.22736,4e-05,-0.1603
9101.36,SYN.BTC-25SEP20,1579517943154,open,0.34,4.1,0.304,0.39,0.34353226,72.88,0.349,0.0,BTC-25SEP20-7000-C,8653.46,67.67,0.3305,15.0,0.3535,13.0,76.84,22.84963,-3.34577,26.43282,6e-05,0.76947
9101.36,SYN.BTC-25SEP20,1579517943154,open,0.02,65.9,0.0075,0.035,0.01715086,75.12,0.0165,0.0,BTC-25SEP20-4000-P,8653.46,73.17,0.0155,18.0,0.019,16.0,77.21,7.87036,-1.18777,-4.2273,2e-05,-0.05097
9101.36,SYN.BTC-25SEP20,1579517943154,open,0.39,15.6,0.323,0.4495,0.38020968,73.58,0.3655,0.0,BTC-25SEP20-11000-P,8653.46,0.0,0.0,0.0,0.3995,0.6,79.44,29.98107,-4.43213,-54.82259,7e-05,-0.5032
9101.36,SYN.BTC-25SEP20,1579517943154,open,0.29,32.9,0.244,0.339,0.28763983,72.88,0.2875,0.0,BTC-25SEP20-8000-C,8653.46,67.47,0.272,14.0,0.294,16.0,75.09,26.25526,-3.84445,25.39184,6e-05,0.6968
9101.36,SYN.BTC-25SEP20,1579517943154,open,0.31,12.6,0.2465,0.366,0.30052031,72.89,0.298,0.0,BTC-25SEP20-10000-P,8653.46,58.39,0.253,5.0,0.345,5.0,86.63,29.6707,-4.34484,-46.11374,7e-05,-0.44256
9101.36,SYN.BTC-25SEP20,1579517943154,open,0.41,1.0,0.377,0.449,0.4097098,72.88,0.425,0.0,BTC-25SEP20-6000-C,8653.46,57.27,0.38,7.0,0.435,7.0,85.13,18.30783,-2.68071,26.68453,4e-05,0.83971
9101.36,SYN.BTC-25SEP20,1579517943158,open,0.49,0.0,0.4625,0.518,0.48707099,72.88,None,0.0,BTC-25SEP20-5000-C,8653.46,55.9,0.466,7.0,0.508,7.0,86.6,12.94263,-1.89509,25.78352,3e-05,0.90255
9101.36,SYN.BTC-25SEP20,1579517943158,open,0.11,130.9,0.077,0.1595,0.11265754,72.89,0.09,0.0,BTC-25SEP20-7000-P,8653.46,69.23,0.1035,16.7,0.1115,17.0,72.43,22.84975,-3.34596,-21.29748,6e-05,-0.23053
9101.36,SYN.BTC-25SEP20,1579517943158,open,0.58,0.0,0.5605,0.6,0.5776507,75.11,None,0.0,BTC-25SEP20-4000-C,8653.46,53.45,0.564,8.0,0.592,8.0,89.62,7.86928,-1.18751,23.04763,2e-05,0.94904
9101.36,SYN.BTC-25SEP20,1579517943158,open,0.21,70.6,0.155,0.2585,0.20176991,72.88,0.2,0.0,BTC-25SEP20-10000-C,8653.46,71.58,0.1975,15.4,0.2075,8.4,74.64,29.67081,-4.34461,22.07158,7e-05,0.55743
9101.36,SYN.BTC-25SEP20,1579517943158,open,0.04,137.4,0.019,0.0635,0.03644619,72.89,0.0355,0.0,BTC-25SEP20-5000-P,8653.46,71.86,0.035,0.1,0.038,20.0,73.97,12.94339,-1.89533,-8.30994,3e-05,-0.09746
9101.36,SYN.BTC-25SEP20,1579517943158,open,0.23,37.1,0.18,0.2905,0.22968876,72.89,0.2035,0.0,BTC-25SEP20-9000-P,8653.46,70.75,0.223,0.1,0.2315,12.6,73.47,28.48977,-4.17188,-37.5044,7e-05,-0.37466
9101.36,SYN.BTC-25SEP20,1579517943158,open,0.17,79.5,0.123,0.221,0.16664014,72.89,0.1575,0.0,BTC-25SEP20-8000-P,8653.46,69.38,0.1565,7.9,0.1665,22.9,72.84,26.2552,-3.84464,-29.15683,6e-05,-0.30319
9101.36,SYN.BTC-25SEP20,1579517943158,open,0.18,82.7,0.125,0.229,0.17158425,73.58,0.172,0.0,BTC-25SEP20-11000-C,8653.46,72.79,0.169,15.6,0.1785,17.6,75.68,29.98106,-4.43186,20.18103,7e-05,0.49678
165.35,SYN.ETH-31JAN20,1579517943162,open,0.0,789.0,0.001,0.011,7.3e-05,120.0,0.001,0.0,ETH-31JAN20-90-P,164.94,0.0,0.0,0.0,0.001,26.0,160.41,0.00112,-0.00618,-6e-05,0.00011,-0.00118
165.35,SYN.ETH-31JAN20,1579517943162,open,0.34,2.0,0.315,0.356,0.335398,105.63,0.331,0.0,ETH-31JAN20-110-C,164.94,0.0,0.325,36.0,0.345,36.0,176.08,0.0076,-0.03692,0.03225,0.00088,0.99001
165.35,SYN.ETH-31JAN20,1579517943162,open,0.02,600.0,0.003,0.037,0.015518,73.85,0.016,0.0,ETH-31JAN20-150-P,164.94,70.7,0.014,100.0,0.017,250.0,76.85,0.08082,-0.2744,-0.01081,0.01343,-0.20383
165.35,SYN.ETH-31JAN20,1579517943164,open,0.46,2.0,0.439,0.472,0.455777,120.77,0.473,0.0,ETH-31JAN20-90-C,164.94,0.0,0.448,42.0,0.464,42.0,232.8,0.00118,-0.00657,0.02675,0.00012,0.99874
165.35,SYN.ETH-31JAN20,1579517943164,open,0.0,464.0,0.001,0.012,0.002915,86.03,0.004,0.0,ETH-31JAN20-130-P,164.94,79.87,0.002,600.0,0.004,315.0,92.09,0.02712,-0.10727,-0.00237,0.00387,-0.04514
165.35,SYN.ETH-31JAN20,1579517943164,open,0.04,2224.0,0.013,0.067,0.038431,73.47,0.049,0.0,ETH-31JAN20-170-C,164.94,68.42,0.035,441.0,0.042,180.0,78.71,0.1125,-0.38001,0.0197,0.0188,0.4383
165.35,SYN.ETH-31JAN20,1579517943164,open,0.07,960.0,0.034,0.103,0.066544,73.46,0.066,0.0,ETH-31JAN20-170-P,164.94,66.76,0.062,180.0,0.069,180.0,77.06,0.1125,-0.37993,-0.03095,0.0188,-0.56172
165.35,SYN.ETH-31JAN20,1579517943164,open,0.0,1245.0,0.001,0.011,0.000648,105.49,0.001,0.0,ETH-31JAN20-110-P,164.94,0.0,0.0,0.0,0.001,26.0,112.11,0.00755,-0.03663,-0.00052,0.00088,-0.00992
166.4,SYN.ETH-28FEB20,1579517943176,open,0.01,403.0,0.001,0.015,0.005425,96.59,0.006,0.0,ETH-28FEB20-100-P,164.94,90.88,0.004,800.0,0.007,800.0,102.02,0.04498,-0.05588,-0.00771,0.00158,-0.0381
166.4,SYN.ETH-28FEB20,1579517943176,open,0.12,519.0,0.083,0.157,0.120736,78.79,0.12,0.0,ETH-28FEB20-160-C,164.94,75.8,0.117,364.0,0.125,220.0,82.2,0.20826,-0.21103,0.08684,0.00896,0.61073
166.4,SYN.ETH-28FEB20,1579517943176,open,0.01,104.0,0.001,0.021,0.008385,89.67,0.011,0.0,ETH-28FEB20-110-P,164.94,85.91,0.007,800.0,0.01,500.0,93.69,0.06408,-0.07391,-0.01199,0.00242,-0.05928
166.4,SYN.ETH-28FEB20,1579517943176,open,0.0,829.0,0.001,0.013,0.00345,104.11,0.004,0.0,ETH-28FEB20-90-P,164.94,94.92,0.002,500.0,0.005,635.0,111.66,0.03058,-0.04095,-0.00485,0.001,-0.02392
166.4,SYN.ETH-28FEB20,1579517943176,open,0.01,387.0,0.004,0.031,0.014174,85.83,0.012,0.0,ETH-28FEB20-120-P,164.94,83.67,0.013,260.0,0.016,800.0,89.04,0.09219,-0.10176,-0.01945,0.00364,-0.09556
166.4,SYN.ETH-28FEB20,1579517943176,open,0.29,60.0,0.264,0.322,0.293067,85.87,0.262,0.0,ETH-28FEB20-120-C,164.94,37.87,0.279,38.0,0.309,38.0,110.57,0.09225,-0.10189,0.10834,0.00364,0.90434
166.4,SYN.ETH-28FEB20,1579517943179,open,0.09,545.0,0.057,0.128,0.092425,78.38,0.085,0.0,ETH-28FEB20-170-C,164.94,77.28,0.091,623.0,0.094,4.0,79.59,0.21644,-0.21819,0.07537,0.00936,0.51768
166.4,SYN.ETH-28FEB20,1579517943179,open,0.04,233.0,0.015,0.064,0.036612,80.31,0.039,0.0,ETH-28FEB20-140-P,164.94,78.61,0.035,220.0,0.039,478.0,82.8,0.15855,-0.16377,-0.04454,0.00669,-0.21469
166.4,SYN.ETH-28FEB20,1579517943179,open,0.2,113.0,0.16,0.23,0.19532,80.34,0.235,0.0,ETH-28FEB20-140-C,164.94,75.75,0.191,220.0,0.201,220.0,86.22,0.15857,-0.16386,0.10456,0.00669,0.78525
166.4,SYN.ETH-28FEB20,1579517943179,open,0.08,48.0,0.048,0.12,0.082212,78.76,0.084,0.0,ETH-28FEB20-160-P,164.94,76.2,0.079,412.0,0.085,476.0,80.99,0.20826,-0.21096,-0.08356,0.00897,-0.38927
166.4,SYN.ETH-28FEB20,1579517943179,open,0.06,305.0,0.028,0.089,0.056272,79.27,0.04,0.0,ETH-28FEB20-150-P,164.94,77.26,0.054,220.0,0.059,684.0,81.68,0.18821,-0.19188,-0.06277,0.00805,-0.29787
166.4,SYN.ETH-28FEB20,1579517943179,open,0.24,28.0,0.209,0.273,0.241548,82.15,0.249,0.0,ETH-28FEB20-130-C,164.94,31.2,0.219,38.0,0.262,38.0,107.03,0.1242,-0.13122,0.1086,0.00513,0.85427
166.4,SYN.ETH-28FEB20,1579517943179,open,0.46,20.0,0.444,0.482,0.462619,104.21,0.328,0.0,ETH-28FEB20-90-C,164.94,0.0,0.459,1.0,0.471,43.0,135.12,0.03068,-0.04112,0.09099,0.001,0.97599
166.4,SYN.ETH-28FEB20,1579517943179,open,0.02,610.0,0.008,0.045,0.022748,82.11,0.016,0.0,ETH-28FEB20-130-P,164.94,79.74,0.021,500.0,0.025,536.0,85.09,0.12415,-0.13111,-0.02985,0.00513,-0.14565
166.4,SYN.ETH-28FEB20,1579517943182,open,0.2,1.0,0.153,0.249,0.199686,82.98,0.169,0.0,ETH-28FEB20-190-P,164.94,0.0,0.001,5.0,0.0,0.0,0.0,0.20348,-0.21715,-0.14854,0.00831,-0.63843
166.4,SYN.ETH-28FEB20,1579517943182,open,0.16,184.0,0.117,0.191,0.154887,79.3,0.155,0.0,ETH-28FEB20-150-C,164.94,75.85,0.151,364.0,0.159,220.0,82.92,0.18822,-0.19196,0.09699,0.00805,0.7021
166.4,SYN.ETH-28FEB20,1579517943182,open,0.12,159.0,0.074,0.156,0.113994,78.35,0.116,0.0,ETH-28FEB20-170-P,164.94,76.82,0.112,144.0,0.116,4.0,79.89,0.21644,-0.21812,-0.10569,0.00937,-0.48235
166.4,SYN.ETH-28FEB20,1579517943182,open,0.07,1190.0,0.04,0.109,0.073414,81.04,0.08,0.0,ETH-28FEB20-180-C,164.94,78.38,0.07,591.0,0.076,180.0,83.05,0.21374,-0.22277,0.06401,0.00894,0.43459
166.4,SYN.ETH-28FEB20,1579517943182,open,0.06,692.0,0.028,0.092,0.057933,83.01,0.06,0.0,ETH-28FEB20-190-C,164.94,80.6,0.055,1.0,0.06,455.0,84.7,0.20349,-0.21725,0.05383,0.00831,0.36166
166.4,SYN.ETH-28FEB20,1579517943182,open,0.15,31.0,0.111,0.201,0.155075,81.01,0.115,0.0,ETH-28FEB20-180-P,164.94,77.05,0.15,144.0,0.159,144.0,84.06,0.21373,-0.22269,-0.12771,0.00895,-0.56547
166.4,SYN.ETH-28FEB20,1579517943232,open,0.35,0.0,0.3,0.405,0.350493,87.57,None,0.0,ETH-28FEB20-220-P,164.94,0.0,0.0,0.0,0.0,0.0,0.0,0.15301,-0.17233,-0.20353,0.00592,-0.79788
166.4,SYN.ETH-28FEB20,1579517943232,open,0.4,0.0,0.354,0.461,0.405337,89.67,None,0.0,ETH-28FEB20-230-P,164.94,0.0,0.0,0.0,0.0,0.0,0.0,0.1367,-0.15766,-0.21919,0.00517,-0.83139
166.4,SYN.ETH-28FEB20,1579517943232,open,0.03,304.0,0.01,0.055,0.028463,87.62,0.045,0.0,ETH-28FEB20-220-C,164.94,86.02,0.027,192.0,0.031,485.0,90.34,0.15309,-0.17252,0.03081,0.00592,0.2023
166.4,SYN.ETH-28FEB20,1579517943232,open,0.02,914.0,0.007,0.048,0.023215,89.73,0.027,0.0,ETH-28FEB20-230-C,164.94,86.98,0.021,192.0,0.025,489.0,91.87,0.13681,-0.15788,0.02581,0.00517,0.16882
166.4,SYN.ETH-28FEB20,1579517943232,open,0.02,914.0,0.005,0.041,0.018821,91.37,0.016,0.0,ETH-28FEB20-240-C,164.94,88.82,0.017,240.0,0.021,540.0,94.3,0.12105,-0.14227,0.02153,0.00449,0.14031
166.4,SYN.ETH-28FEB20,1579517943232,open,0.3,0.0,0.248,0.352,0.298734,86.93,None,0.0,ETH-28FEB20-210-P,164.94,0.0,0.0,0.0,0.0,0.0,0.0,0.17214,-0.19247,-0.18609,0.00671,-0.7512
165.35,SYN.ETH-31JAN20,1579517943232,open,0.16,7.0,0.122,0.203,0.161399,80.34,0.155,0.0,ETH-31JAN20-190-P,164.94,0.0,0.095,1.0,0.177,3.0,110.79,0.07371,-0.27226,-0.04857,0.01126,-0.8245
166.4,SYN.ETH-28FEB20,1579517943232,open,0.04,40.0,0.014,0.066,0.036796,86.98,0.04,0.0,ETH-28FEB20-210-C,164.94,85.23,0.035,1.0,0.038,480.0,88.14,0.17219,-0.19262,0.0376,0.00671,0.24895
166.4,SYN.ETH-28FEB20,1579517943232,open,0.46,0.0,0.409,0.518,0.461035,91.31,None,0.0,ETH-28FEB20-240-P,164.94,0.0,0.0,0.0,0.0,0.0,0.0,0.12092,-0.142,-0.23412,0.00449,-0.85993
165.35,SYN.ETH-31JAN20,1579517943232,open,0.01,80.0,0.001,0.018,0.004584,89.57,0.005,0.0,ETH-31JAN20-210-C,164.94,82.04,0.003,601.0,0.006,300.0,95.2,0.03872,-0.15945,0.00327,0.00531,0.07095
165.35,SYN.ETH-31JAN20,1579517943232,open,0.27,1.0,0.235,0.319,0.274606,89.52,0.273,0.0,ETH-31JAN20-210-P,164.94,0.0,0.0,0.0,0.0,0.0,0.0,0.03867,-0.15913,-0.05931,0.0053,-0.92918
165.35,SYN.ETH-31JAN20,1579517943232,open,0.01,753.0,0.002,0.032,0.012332,80.37,0.013,0.0,ETH-31JAN20-190-C,164.94,74.95,0.01,533.0,0.014,240.0,84.03,0.07373,-0.27243,0.00804,0.01126,0.17559
171.77,ETH-26JUN20,1579517943341,open,0.55,0.0,0.531,0.581,0.555,93.33,None,0.0,ETH-26JUN20-80-C,164.94,0.0,0.533,51.0,0.567,51.0,107.2,0.13519,-0.03996,0.28578,0.00114,0.93965
167.46,ETH-27MAR20,1579517943370,open,0.0,1859.0,0.001,0.012,0.002521,118.0,0.003,0.0,ETH-27MAR20-560-C,164.94,106.24,0.001,437.0,0.004,350.0,125.2,0.02911,-0.02568,0.00422,0.00048,0.01628
167.46,ETH-27MAR20,1579517943382,open,0.0,1859.0,0.001,0.012,0.002521,118.0,0.003,0.0,ETH-27MAR20-560-C,164.94,106.24,0.001,657.0,0.004,350.0,125.2,0.02911,-0.02568,0.00422,0.00048,0.01628
174.76,SYN.ETH-25SEP20,1579517943433,open,0.47,0.0,0.386,0.548,0.46634,88.42,None,0.0,ETH-25SEP20-220-P,164.94,0.0,0.0,0.0,0.505,1.0,100.21,0.57498,-0.10213,-1.12786,0.00312,-0.48018
174.76,SYN.ETH-25SEP20,1579517943433,open,0.21,328.0,0.146,0.269,0.207526,88.44,0.209,0.0,ETH-25SEP20-220-C,164.94,88.89,0.209,383.0,0.222,383.0,92.84,0.57498,-0.10216,0.37221,0.00312,0.51989
165.35,SYN.ETH-31JAN20,1579517943453,open,0.22,133.0,0.191,0.243,0.216711,86.08,0.248,0.0,ETH-31JAN20-130-C,164.94,0.0,0.213,2.0,0.234,33.0,146.05,0.02716,-0.10748,0.03636,0.00387,0.95478
165.35,SYN.ETH-31JAN20,1579517943455,open,0.16,1295.0,0.13,0.188,0.159671,77.7,0.16,0.0,ETH-31JAN20-140-C,164.94,0.0,0.153,1.0,0.181,32.0,130.64,0.04841,-0.17291,0.0367,0.00765,0.90456
174.77,SYN.ETH-25SEP20,1579517943457,open,0.67,1.0,0.655,0.695,0.674023,95.04,0.645,0.0,ETH-25SEP20-60-C,164.94,67.4,0.66,59.0,0.682,59.0,105.41,0.1235,-0.02358,0.34117,0.00062,0.96034
174.77,SYN.ETH-25SEP20,1579517943459,open,0.43,0.0,0.381,0.476,0.429411,89.8,0.359,0.0,ETH-25SEP20-120-C,164.94,72.79,0.392,51.0,0.453,51.0,100.26,0.39165,-0.07066,0.45347,0.00209,0.80997
174.76,SYN.ETH-25SEP20,1579517943487,open,0.27,351.0,0.208,0.327,0.268382,86.49,0.28,0.0,ETH-25SEP20-180-C,164.94,87.32,0.271,120.0,0.293,120.0,94.39,0.54771,-0.09517,0.42361,0.00304,0.62388
174.76,SYN.ETH-25SEP20,1579517943487,open,0.07,188.0,0.039,0.107,0.070376,89.8,0.116,0.0,ETH-25SEP20-100-P,164.94,87.29,0.066,170.0,0.075,461.0,92.42,0.30624,-0.05525,-0.23948,0.00164,-0.1306
174.76,SYN.ETH-25SEP20,1579517943487,open,0.24,117.0,0.174,0.301,0.236528,89.77,0.231,0.0,ETH-25SEP20-160-P,164.94,87.88,0.231,2.0,0.235,241.0,89.25,0.51066,-0.0921,-0.65385,0.00273,-0.31219
174.76,SYN.ETH-25SEP20,1579517943487,open,0.32,21.0,0.261,0.378,0.321027,89.79,0.318,0.0,ETH-25SEP20-160-C,164.94,83.3,0.302,120.0,0.334,120.0,94.24,0.51064,-0.09211,0.43707,0.00273,0.68783
174.76,SYN.ETH-25SEP20,1579517943487,open,0.02,812.0,0.007,0.033,0.017336,95.02,0.028,0.0,ETH-25SEP20-60-P,164.94,91.6,0.015,470.0,0.02,170.0,98.67,0.12344,-0.02356,-0.06789,0.00062,-0.03964
174.76,SYN.ETH-25SEP20,1579517943487,open,0.17,220.0,0.118,0.229,0.171891,89.77,0.155,0.0,ETH-25SEP20-140-P,164.94,86.02,0.162,170.0,0.176,434.0,91.33,0.46002,-0.08297,-0.5045,0.00246,-0.25149
174.76,SYN.ETH-25SEP20,1579517943489,open,0.58,0.0,0.551,0.611,0.580868,91.94,None,0.0,ETH-25SEP20-80-C,164.94,71.49,0.559,55.0,0.594,55.0,102.22,0.2134,-0.03942,0.40477,0.00111,0.92056
174.76,SYN.ETH-25SEP20,1579517943489,open,0.12,637.0,0.073,0.163,0.116036,89.78,0.111,0.0,ETH-25SEP20-120-P,164.94,86.18,0.108,170.0,0.12,449.0,91.54,0.39165,-0.07064,-0.36472,0.00209,-0.19004
174.76,SYN.ETH-25SEP20,1579517943489,open,0.5,0.0,0.459,0.537,0.498188,89.82,None,0.0,ETH-25SEP20-100-C,164.94,72.86,0.47,52.0,0.517,52.0,100.33,0.30627,-0.05527,0.44231,0.00164,0.86939
166.4,SYN.ETH-28FEB20,1579517943635,open,0.52,0.0,0.505,0.538,0.521235,111.04,None,0.0,ETH-28FEB20-80-C,164.94,0.0,0.519,1.0,0.528,46.0,146.17,0.01917,-0.02738,0.0824,0.00059,0.98617
8661.85,SYN.BTC-24JAN20,1579517943638,open,0.16,0.0,0.132,0.1835,0.15578175,78.24,None,0.0,BTC-24JAN20-10000-P,8653.46,0.0,0.0005,0.2,0.0,0.0,0.0,0.78163,-7.88973,-1.0255,0.00013,-0.9592
8661.85,SYN.BTC-24JAN20,1579517943638,open,0.0,528.6,0.0005,0.011,0.00129412,78.25,0.001,0.0,BTC-24JAN20-10000-C,8653.46,74.74,0.001,28.0,0.0015,1.0,80.43,0.78177,-7.89159,0.03634,0.00013,0.04081
8737.6,SYN.BTC-28FEB20,1579517943679,open,0.23,0.0,0.1945,0.2655,0.22725764,65.82,None,0.0,BTC-28FEB20-10500-P,8653.46,0.0,0.0,0.0,0.0,0.0,0.0,8.59995,-7.27986,-9.3066,0.00016,-0.77277
8737.6,SYN.BTC-28FEB20,1579517943679,open,0.03,55.5,0.0105,0.0495,0.02555855,65.82,0.0265,0.0,BTC-28FEB20-10500-C,8653.46,64.22,0.024,61.3,0.0265,0.2,66.77,8.60033,-7.28063,1.87695,0.00016,0.22724
8737.6,SYN.BTC-28FEB20,1579517943679,open,0.39,0.0,0.352,0.425,0.38533106,73.22,None,0.0,BTC-28FEB20-12000-P,8653.46,0.0,0.0,0.0,0.0,0.0,0.0,5.48253,-5.16294,-11.83631,9e-05,-0.88653
8737.6,SYN.BTC-28FEB20,1579517943679,open,0.33,0.0,0.298,0.37,0.33096341,70.34,None,0.0,BTC-28FEB20-11500-P,8653.46,0.0,0.0,0.0,0.0,0.0,0.0,6.33648,-5.73277,-11.08663,0.00011,-0.86034
8737.6,SYN.BTC-28FEB20,1579517943679,open,0.01,88.9,0.002,0.03,0.01196067,73.23,0.0125,0.0,BTC-28FEB20-12000-C,8653.46,71.67,0.011,8.0,0.0125,24.1,74.08,5.48349,-5.16436,0.94496,9e-05,0.1135
8737.6,SYN.BTC-28FEB20,1579517943679,open,0.02,67.1,0.005,0.0345,0.01481678,70.35,0.017,0.0,BTC-28FEB20-11500-C,8653.46,69.21,0.014,8.0,0.015,0.1,70.6,6.33725,-5.73395,1.16207,0.00011,0.13969
8737.6,SYN.BTC-28FEB20,1579517943722,open,0.44,0.0,0.4065,0.4805,0.44025902,75.71,None,0.0,BTC-28FEB20-12500-P,8653.46,0.0,0.0,0.0,0.0,0.0,0.0,4.72434,-4.60029,-12.543,8e-05,-0.90754
8737.6,SYN.BTC-28FEB20,1579517943722,open,0.01,32.3,0.0005,0.026,0.00966486,75.72,0.0105,0.0,BTC-28FEB20-12500-C,8653.46,73.5,0.0085,62.0,0.0105,24.0,77.23,4.72548,-4.60193,0.77083,8e-05,0.09249
8737.6,SYN.BTC-28FEB20,1579517943780,open,0.01,192.3,0.0005,0.0235,0.00809435,78.49,0.0071,0.0,BTC-28FEB20-13000-C,8653.46,76.09,0.007,63.0,0.009,24.0,80.35,4.13344,-4.17274,0.64474,6e-05,0.07737
8737.6,SYN.BTC-28FEB20,1579517943780,open,0.5,0.0,0.462,0.5365,0.49591228,78.48,None,0.0,BTC-28FEB20-13000-P,8653.46,0.0,0.0,0.0,0.0,0.0,0.0,4.13212,-4.17085,-13.20166,6e-05,-0.92266
174.76,SYN.ETH-25SEP20,1579517943793,open,2.72,0.0,2.576,2.861,2.709411,105.77,None,0.0,ETH-25SEP20-640-P,164.94,0.0,0.0,0.0,0.0,0.0,0.0,0.33191,-0.07053,-4.24495,0.00151,-0.85303
9101.41,SYN.BTC-25SEP20,1579517943893,open,0.47,1.0,0.408,0.5415,0.4682773,75.18,0.4755,0.0,BTC-25SEP20-12000-P,8653.46,0.0,0.0,0.0,0.48,0.5,78.76,29.7104,-4.48748,-63.42055,7e-05,-0.55368
9101.41,SYN.BTC-25SEP20,1579517943893,open,1.05,0.2,0.982,1.1335,1.04940549,80.55,1.02,0.0,BTC-25SEP20-18000-P,8653.46,0.0,0.0,0.0,1.17,0.5,120.81,23.58812,-3.81744,-112.02297,5e-05,-0.75573
9101.41,SYN.BTC-25SEP20,1579517943893,open,0.15,135.5,0.104,0.208,0.14977535,75.17,0.147,0.0,BTC-25SEP20-12000-C,8653.46,73.71,0.145,8.8,0.154,8.8,76.47,29.7101,-4.48697,18.40126,7e-05,0.44629
9101.41,SYN.BTC-25SEP20,1579517943893,open,0.07,46.5,0.0375,0.1235,0.07165257,80.54,0.0695,0.0,BTC-25SEP20-18000-C,8653.46,79.31,0.0685,9.6,0.074,0.1,81.44,23.58415,-3.81611,10.70783,5e-05,0.2442
9101.41,SYN.BTC-25SEP20,1579517943893,open,0.65,0.3,0.5895,0.732,0.65351968,77.48,0.659,0.0,BTC-25SEP20-14000-P,8653.46,0.0,0.0,0.0,0.666,2.0,81.48,28.16908,-4.3847,-80.15141,6e-05,-0.63804
9101.41,SYN.BTC-25SEP20,1579517943893,open,0.85,4.1,0.781,0.9285,0.84708562,78.8,0.86,0.0,BTC-25SEP20-16000-P,8653.46,57.03,0.7925,0.2,0.87,0.1,86.63,25.89129,-4.09897,-96.37986,6e-05,-0.70597
9101.41,SYN.BTC-25SEP20,1579517943893,open,1.26,0.1,1.1875,1.3445,1.25737725,82.61,1.21,0.0,BTC-25SEP20-20000-P,8653.46,0.0,0.0,0.0,1.35,0.4,115.72,21.54296,-3.5754,-127.1752,5e-05,-0.79192
9101.41,SYN.BTC-25SEP20,1579517943893,open,0.06,167.4,0.029,0.1095,0.059874,82.59,0.0625,0.0,BTC-25SEP20-20000-C,8653.46,81.8,0.058,0.1,0.061,0.1,83.07,21.53736,-3.5737,9.19196,5e-05,0.20799
165.35,SYN.ETH-31JAN20,1579517943896,open,0.22,133.0,0.191,0.243,0.216711,86.08,0.248,0.0,ETH-31JAN20-130-C,164.94,0.0,0.213,2.0,0.235,33.0,148.64,0.02716,-0.10748,0.03636,0.00387,0.95478
165.35,SYN.ETH-31JAN20,1579517943904,open,0.16,1295.0,0.13,0.188,0.159671,77.7,0.16,0.0,ETH-31JAN20-140-C,164.94,0.0,0.153,1.0,0.182,32.0,132.71,0.04841,-0.17291,0.0367,0.00765,0.90456
174.76,SYN.ETH-25SEP20,1579517943906,open,0.67,1.0,0.655,0.695,0.674023,95.04,0.645,0.0,ETH-25SEP20-60-C,164.94,63.7,0.659,59.0,0.682,59.0,105.42,0.12351,-0.02358,0.34117,0.00062,0.96033
171.77,ETH-26JUN20,1579517943908,open,0.55,0.0,0.531,0.581,0.555,93.33,None,0.0,ETH-26JUN20-80-C,164.94,0.0,0.533,51.0,0.568,51.0,108.27,0.13519,-0.03996,0.28578,0.00114,0.93965
171.77,ETH-26JUN20,1579517943913,open,0.46,1.0,0.427,0.495,0.460721,89.89,0.38,0.0,ETH-26JUN20-100-C,164.94,63.19,0.432,48.0,0.481,48.0,105.14,0.21656,-0.06165,0.3167,0.00189,0.88699
9101.41,SYN.BTC-25SEP20,1579517944026,open,0.03,33.1,0.009,0.0635,0.02634892,91.18,0.028,0.0,BTC-25SEP20-32000-C,8653.46,90.58,0.0255,6.0,0.027,1.0,91.64,12.99048,-2.37977,4.44303,3e-05,0.09794
9101.41,SYN.BTC-25SEP20,1579517944026,open,2.54,0.0,2.4575,2.6465,2.54235411,91.23,None,0.0,BTC-25SEP20-32000-P,8653.46,0.0,0.0,0.0,0.0,0.0,0.0,13.00807,-2.38422,-213.74226,3e-05,-0.90188
174.76,SYN.ETH-25SEP20,1579517944081,open,2.04,0.0,1.92,2.174,2.039773,102.57,None,0.0,ETH-25SEP20-520-P,164.94,0.0,0.0,0.0,0.0,0.0,0.0,0.39636,-0.08167,-3.39123,0.00186,-0.80621
174.76,SYN.ETH-25SEP20,1579517944321,open,0.43,0.0,0.381,0.476,0.429387,89.79,0.359,0.0,ETH-25SEP20-120-C,164.94,72.34,0.391,51.0,0.453,51.0,100.27,0.39166,-0.07066,0.45345,0.00209,0.80995
167.46,ETH-27MAR20,1579517944346,open,0.59,0.0,0.57,0.602,0.585481,108.78,None,0.0,ETH-27MAR20-70-C,164.94,0.0,0.578,50.0,0.592,50.0,133.85,0.03112,-0.02531,0.12179,0.00056,0.98241
167.46,ETH-27MAR20,1579517944346,open,0.0,275.0,0.001,0.013,0.003466,108.64,0.003,0.0,ETH-27MAR20-70-P,164.94,99.37,0.002,300.0,0.005,300.0,116.05,0.03099,-0.02517,-0.00644,0.00056,-0.01751
167.46,ETH-27MAR20,1579517944346,open,0.47,0.0,0.45,0.494,0.471026,95.98,None,0.0,ETH-27MAR20-90-C,164.94,59.38,0.463,44.0,0.483,44.0,120.26,0.0655,-0.047,0.14911,0.00133,0.957
167.46,ETH-27MAR20,1579517944346,open,0.27,112.0,0.231,0.305,0.268887,84.57,0.194,0.0,ETH-27MAR20-130-C,164.94,69.24,0.252,41.0,0.291,41.0,102.9,0.19407,-0.12271,0.16624,0.00447,0.8107
167.46,ETH-27MAR20,1579517944346,open,0.36,20.0,0.334,0.394,0.363952,89.03,0.272,0.0,ETH-27MAR20-110-C,164.94,68.17,0.351,41.0,0.381,41.0,109.64,0.1239,-0.08247,0.1651,0.00271,0.90206
167.46,ETH-27MAR20,1579517944346,open,0.01,1.0,0.001,0.021,0.008436,95.89,0.008,0.0,ETH-27MAR20-90-P,164.94,92.04,0.007,620.0,0.01,320.0,99.73,0.06537,-0.04687,-0.01575,0.00133,-0.0429
174.76,SYN.ETH-25SEP20,1579517944376,open,0.05,33.0,0.02,0.104,0.054212,105.88,0.061,0.0,ETH-25SEP20-600-C,164.94,103.29,0.049,1.0,0.059,300.0,108.18,0.35837,-0.07624,0.13215,0.00163,0.16512
165.09,SYN.ETH-24JAN20,1579517944593,open,0.16,699.0,0.126,0.181,0.153384,91.7,0.2,0.0,ETH-24JAN20-140-C,164.93,57.31,0.152,1.0,0.167,30.0,170.23,0.01364,-0.16134,0.0142,0.00514,0.96339
166.4,SYN.ETH-28FEB20,1579517944593,open,0.41,21.0,0.383,0.427,0.404483,96.6,0.267,0.0,ETH-28FEB20-100-C,164.93,0.0,0.399,1.0,0.415,40.0,125.26,0.04499,-0.0559,0.09879,0.00158,0.96189
174.76,SYN.ETH-25SEP20,1579517944593,open,0.76,0.0,0.665,0.854,0.757373,93.34,None,0.0,ETH-25SEP20-280-P,164.93,0.0,0.0,0.0,0.779,1.0,100.03,0.56115,-0.10524,-1.60488,0.00289,-0.58947
166.4,SYN.ETH-28FEB20,1579517944605,open,0.35,5.0,0.322,0.373,0.347349,89.67,0.229,0.0,ETH-28FEB20-110-C,164.93,0.0,0.338,1.0,0.361,39.0,117.55,0.06409,-0.07392,0.10516,0.00242,0.94071
165.09,SYN.ETH-24JAN20,1579517944609,open,0.16,699.0,0.126,0.18,0.153384,91.7,0.2,0.0,ETH-24JAN20-140-C,164.93,0.0,0.151,1.0,0.167,30.0,170.23,0.01364,-0.16134,0.0142,0.00514,0.96339
8798.18,BTC-27MAR20,1579517944624,open,0.1,28.2,0.064,0.1315,0.093868,65.74,0.0925,0.0,BTC-27MAR20-8500-P,8653.34,64.61,0.092,0.1,0.0945,41.6,66.12,14.51259,-7.13302,-7.89977,0.00016,-0.39619
8798.18,BTC-27MAR20,1579517944625,open,1.05,0.0,1.008,1.1085,1.05368789,92.51,1.23,0.0,BTC-27MAR20-18000-P,8653.34,0.0,0.0125,1.0,0.0,0.0,0.0,4.11206,-2.84402,-32.23972,3e-05,-0.94628
8798.18,BTC-27MAR20,1579517944625,open,0.01,1581.4,0.001,0.03,0.01075503,86.01,0.0105,0.0,BTC-27MAR20-16000-C,8653.34,84.74,0.01,15.5,0.011,24.0,86.41,5.32475,-3.42411,1.03379,4e-05,0.07489
8798.18,BTC-27MAR20,1579517944625,open,0.03,1711.7,0.0135,0.0595,0.03088599,73.27,0.031,0.0,BTC-27MAR20-12000-C,8653.34,71.69,0.029,43.6,0.032,39.3,74.19,10.62183,-5.81876,2.76625,0.0001,0.20249
8798.18,BTC-27MAR20,1579517944625,open,2.64,0.0,2.566,2.716,2.63791672,109.89,None,0.0,BTC-27MAR20-32000-P,8653.34,0.0,0.001,1.0,0.0,0.0,0.0,0.64396,-0.52907,-58.54632,0.0,-0.99396
8798.18,BTC-27MAR20,1579517944625,open,0.0,1431.4,0.0005,0.011,0.00124008,84.43,0.002,0.0,BTC-27MAR20-4000-P,8653.34,75.13,0.0005,77.0,0.002,44.8,90.57,0.92368,-0.58307,-0.16657,1e-05,-0.00909
8798.18,BTC-27MAR20,1579517944625,open,0.83,1.2,0.787,0.881,0.82930883,86.0,0.95,0.0,BTC-27MAR20-16000-P,8653.34,0.0,0.0035,5.0,0.95,0.1,184.23,5.32365,-3.42313,-28.28185,4e-05,-0.92514
8798.18,BTC-27MAR20,1579517944625,open,0.03,1119.9,0.014,0.0535,0.02934005,65.74,0.0295,0.0,BTC-27MAR20-7000-P,8653.34,64.03,0.0275,14.2,0.03,38.3,66.35,9.53878,-4.6884,-3.21732,0.0001,-0.17024
8798.18,BTC-27MAR20,1579517944625,open,0.1,1605.7,0.072,0.1385,0.10207192,65.74,0.101,0.0,BTC-27MAR20-9000-C,8653.34,63.94,0.099,25.3,0.1035,13.5,66.58,14.99706,-7.3713,6.80095,0.00016,0.52396
8798.18,BTC-27MAR20,1579517944625,open,0.0,310.6,0.0005,0.016,0.00394964,100.43,0.005,0.0,BTC-27MAR20-22000-C,8653.34,98.71,0.0035,15.0,0.0045,24.0,102.37,2.39191,-1.79598,0.38149,2e-05,0.02761
8967.25,BTC-26JUN20,1579517944625,open,1.48,0.0,1.415,1.553,1.4764673,88.14,None,0.0,BTC-26JUN20-22000-P,8653.34,0.0,0.11,1.0,2.22,0.1,433.73,10.65823,-2.97507,-92.0155,3e-05,-0.89589
8967.25,BTC-26JUN20,1579517944625,open,0.04,323.5,0.0215,0.0695,0.04049997,70.97,0.041,0.0,BTC-26JUN20-6000-P,8653.34,69.57,0.0385,24.4,0.042,3.1,72.0,12.92902,-2.90598,-6.8815,5e-05,-0.13692
8967.25,BTC-26JUN20,1579517944626,open,2.14,0.0,2.0665,2.224,2.1373038,95.57,None,0.0,BTC-26JUN20-28000-P,8653.34,0.0,0.0005,1.0,0.0,0.0,0.0,7.66967,-2.32142,-119.08037,2e-05,-0.93284
8967.25,BTC-26JUN20,1579517944625,open,1.04,1.1,0.9865,1.116,1.04389383,83.32,1.35,0.0,BTC-26JUN20-18000-P,8653.34,0.0,0.9,0.1,2.1,0.1,500.0,14.30576,-3.77517,-73.09865,5e-05,-0.84074
8798.18,BTC-27MAR20,1579517944626,open,3.55,1.0,3.4575,3.6405,3.5465554,109.47,4.54,0.0,BTC-27MAR20-40000-P,8653.34,0.0,0.0005,2.0,0.0,0.0,0.0,0.16822,-0.13769,-73.26907,0.0,-0.99864
8967.25,BTC-26JUN20,1579517944626,open,1.7,0.0,1.6315,1.7765,1.69627675,91.08,None,0.0,BTC-26JUN20-24000-P,8653.34,0.0,0.0005,1.0,0.0,0.0,0.0,9.5363,-2.75088,-101.10857,3e-05,-0.91051
8798.18,BTC-27MAR20,1579517944626,open,2.86,0.0,2.789,2.947,2.86496761,109.83,None,0.0,BTC-27MAR20-34000-P,8653.34,0.0,0.0,0.0,0.0,0.0,0.0,0.46025,-0.37795,-62.23698,0.0,-0.99586
8967.25,BTC-26JUN20,1579517944626,open,0.83,1.6,0.7765,0.9025,0.83258983,80.66,0.842,0.0,BTC-26JUN20-16000-P,8653.34,0.0,0.0,0.0,0.89,1.0,107.48,16.72312,-4.27179,-63.15521,6e-05,-0.79568
8798.06,BTC-27MAR20,1579517944626,open,0.01,744.0,0.001,0.026,0.01089759,68.64,0.0125,0.0,BTC-27MAR20-6000-P,8653.34,67.1,0.01,49.0,0.0115,23.0,69.63,5.2528,-2.69556,-1.36152,5e-05,-0.07356
8798.06,BTC-27MAR20,1579517944626,open,0.07,600.4,0.0415,0.1015,0.06745289,65.74,0.066,0.0,BTC-27MAR20-8000-P,8653.34,64.12,0.065,5.1,0.0675,45.1,65.77,13.39797,-6.58487,-6.18285,0.00014,-0.3161
8737.59,SYN.BTC-28FEB20,1579517944624,open,0.09,399.6,0.065,0.1215,0.09129169,60.0,0.0915,0.0,BTC-28FEB20-8500-C,8653.34,58.59,0.0895,29.1,0.0935,14.7,61.75,11.05662,-8.53268,4.68142,0.00023,0.59433
8967.25,BTC-26JUN20,1579517944626,open,1.26,0.1,1.1995,1.333,1.25892911,85.76,1.85,0.0,BTC-26JUN20-20000-P,8653.34,0.0,0.0005,5.0,1.88,0.1,355.3,12.28297,-3.33622,-82.68591,4e-05,-0.87289
8798.06,BTC-27MAR20,1579517944626,open,1.28,5.2,1.23,1.3365,1.27874786,96.93,2.035,0.0,BTC-27MAR20-20000-P,8653.34,0.0,0.0,0.0,0.0,0.0,0.0,3.12653,-2.26577,-36.11725,2e-05,-0.96179
8967.25,BTC-26JUN20,1579517944626,open,1.92,0.0,1.8485,1.9995,1.91652589,93.46,None,0.0,BTC-26JUN20-26000-P,8653.34,0.0,0.0005,1.0,0.0,0.0,0.0,8.5302,-2.52495,-110.12957,3e-05,-0.92285
8798.06,BTC-27MAR20,1579517944626,open,2.18,0.0,2.1205,2.256,2.18433776,109.65,None,0.0,BTC-27MAR20-28000-P,8653.34,0.0,0.0,0.0,0.0,0.0,0.0,1.24463,-1.02032,-51.12473,1e-05,-0.98719
8798.06,BTC-27MAR20,1579517944626,open,3.09,0.0,3.012,3.178,3.09211103,108.16,None,0.0,BTC-27MAR20-36000-P,8653.34,0.0,0.0,0.0,0.0,0.0,0.0,0.28842,-0.23324,-65.92471,0.0,-0.99754
8798.06,BTC-27MAR20,1579517944626,open,0.0,163.3,0.0005,0.0105,0.00054079,110.0,0.0015,0.0,BTC-27MAR20-34000-C,8653.34,109.21,0.0005,33.2,0.0015,26.6,121.88,0.46601,-0.38326,0.05898,0.0,0.0042
8798.06,BTC-27MAR20,1579517944626,open,1.96,0.0,1.898,2.026,1.95766251,107.8,None,0.0,BTC-27MAR20-26000-P,8653.34,0.0,0.0,0.0,0.0,0.0,0.0,1.59657,-1.28685,-47.4014,1e-05,-0.98289
8798.06,BTC-27MAR20,1579517944627,open,0.0,333.6,0.0005,0.014,0.00423452,76.63,0.0045,0.0,BTC-27MAR20-5000-P,8653.34,75.81,0.004,0.2,0.0045,24.0,77.54,2.53386,-1.45177,-0.54537,2e-05,-0.0296
8967.13,BTC-26JUN20,1579517944627,open,2.58,0.0,2.5025,2.6755,2.58111131,100.66,None,0.0,BTC-26JUN20-32000-P,8653.34,0.0,0.0005,1.0,0.0,0.0,0.0,6.64022,-2.11691,-136.73112,2e-05,-0.94415
8798.06,BTC-27MAR20,1579517944627,open,1.73,0.0,1.675,1.795,1.73087281,103.93,None,0.0,BTC-27MAR20-24000-P,8653.34,0.0,0.0005,5.0,0.0,0.0,0.0,1.90088,-1.47704,-43.68277,1e-05,-0.97899
8798.06,BTC-27MAR20,1579517944627,open,1.5,5.6,1.4525,1.565,1.50446111,100.28,1.545,0.0,BTC-27MAR20-22000-P,8653.34,0.0,0.0,0.0,0.0,0.0,0.0,2.37614,-1.78155,-39.93003,2e-05,-0.9726
8798.06,BTC-27MAR20,1579517944628,open,0.33,22.1,0.3095,0.352,0.32893992,68.66,0.34,0.0,BTC-27MAR20-6000-C,8653.34,0.0,0.318,10.1,0.345,10.0,90.53,5.25513,-2.69747,9.63089,5e-05,0.92639
8967.13,BTC-26JUN20,1579517944628,open,2.36,0.0,2.284,2.4485,2.35857953,97.52,None,0.0,BTC-26JUN20-30000-P,8653.34,0.0,0.0005,1.0,0.0,0.0,0.0,6.94419,-2.14473,-127.97316,2e-05,-0.94088
8798.06,BTC-27MAR20,1579517944628,open,0.61,67.9,0.5675,0.657,0.60775301,79.11,0.57,0.0,BTC-27MAR20-14000-P,8653.34,0.0,0.5005,0.1,0.679,0.1,136.88,7.29081,-4.3122,-24.06979,6e-05,-0.88542
8661.85,SYN.BTC-24JAN20,1579517944626,open,0.07,62.5,0.049,0.0995,0.07281461,60.81,0.069,0.0,BTC-24JAN20-9250-P,8653.34,40.77,0.069,1.0,0.073,1.0,61.56,2.12268,-16.65135,-0.84458,0.00044,-0.84546
8677.0,SYN.BTC-31JAN20,1579517944625,open,0.0,721.8,0.0005,0.014,0.00358917,60.5,0.0035,0.0,BTC-31JAN20-7500-P,8653.34,57.95,0.003,45.5,0.004,30.0,62.16,2.09418,-5.82472,-0.20008,0.00015,-0.0738
8661.85,SYN.BTC-24JAN20,1579517944625,open,0.0,267.4,0.0005,0.0105,0.00023441,86.96,0.0005,0.0,BTC-24JAN20-7000-P,8653.34,0.0,0.0,0.0,0.0005,32.1,96.13,0.18951,-2.03039,-0.00731,3e-05,-0.00772
8661.85,SYN.BTC-24JAN20,1579517944625,open,0.01,634.0,0.0005,0.029,0.00864799,55.15,0.008,0.0,BTC-24JAN20-9000-C,8653.34,51.66,0.0075,44.6,0.009,5.1,56.2,2.89127,-20.57202,0.23056,0.00066,0.25932
8677.0,SYN.BTC-31JAN20,1579517944626,open,0.02,753.4,0.008,0.045,0.02312486,55.54,0.0215,0.0,BTC-31JAN20-9000-C,8653.34,53.04,0.0215,54.0,0.0245,59.0,57.65,5.65248,-14.43294,0.89541,0.00045,0.36945
8661.85,SYN.BTC-24JAN20,1579517944625,open,0.01,632.9,0.003,0.038,0.01318717,52.15,0.013,0.0,BTC-24JAN20-8500-P,8653.34,49.04,0.012,0.2,0.014,26.6,54.27,3.31546,-22.30547,-0.33658,0.0008,-0.35276
8737.59,SYN.BTC-28FEB20,1579517944624,open,0.02,240.7,0.007,0.0405,0.0189683,67.69,0.02,0.0,BTC-28FEB20-11000-C,8653.34,66.53,0.018,64.3,0.019,0.1,67.73,7.36979,-6.41646,1.45877,0.00013,0.17572
8661.85,SYN.BTC-24JAN20,1579517944625,open,0.01,475.1,0.0005,0.0245,0.00581438,54.41,0.0055,0.0,BTC-24JAN20-8250-P,8653.34,51.38,0.005,24.5,0.0065,26.5,56.86,2.38157,-16.71683,-0.17539,0.00055,-0.18488
9101.41,SYN.BTC-25SEP20,1579517944625,open,0.05,25.6,0.019,0.0905,0.04477332,86.57,0.044,0.0,BTC-25SEP20-24000-C,8653.34,86.18,0.044,0.8,0.045,0.1,86.68,18.20345,-3.16597,7.08243,4e-05,0.1589
8677.0,SYN.BTC-31JAN20,1579517944626,open,0.0,40.4,0.0005,0.012,0.00203369,81.52,0.0015,0.0,BTC-31JAN20-11250-C,8653.34,77.42,0.0015,15.0,0.0025,30.9,84.59,1.23603,-4.63217,0.09281,7e-05,0.03793
8661.85,SYN.BTC-24JAN20,1579517944625,open,0.0,366.0,0.0005,0.0195,0.00491325,60.81,0.005,0.0,BTC-24JAN20-9250-C,8653.34,59.09,0.0045,4.9,0.0055,39.6,63.15,2.12271,-16.65173,0.13762,0.00044,0.15454
8677.0,SYN.BTC-31JAN20,1579517944626,open,0.0,1100.9,0.0005,0.011,0.0014509,68.48,0.001,0.0,BTC-31JAN20-7000-P,8653.34,64.25,0.001,45.0,0.002,45.0,72.69,1.02855,-3.23829,-0.08218,7e-05,-0.03033
9101.41,SYN.BTC-25SEP20,1579517944625,open,2.11,0.0,2.031,2.2085,2.11008415,88.99,None,0.0,BTC-25SEP20-28000-P,8653.34,0.0,0.0,0.0,0.0,0.0,0.0,15.26739,-2.7297,-185.39385,3e-05,-0.87734
8661.85,SYN.BTC-24JAN20,1579517944625,open,0.0,286.5,0.0005,0.012,0.00185136,72.01,0.0015,0.0,BTC-24JAN20-9750-C,8653.34,63.86,0.001,73.0,0.0025,30.5,76.9,1.05842,-9.83268,0.05316,0.00018,0.05965
8661.85,SYN.BTC-24JAN20,1579517944625,open,0.02,231.9,0.0045,0.042,0.01683743,52.15,0.017,0.0,BTC-24JAN20-8750-C,8653.34,51.32,0.0165,0.2,0.0185,0.1,56.24,3.51464,-23.64569,0.38536,0.00085,0.43583
8677.0,SYN.BTC-31JAN20,1579517944625,open,0.05,1152.9,0.027,0.073,0.04768172,53.69,0.049,0.0,BTC-31JAN20-8500-C,8653.34,51.91,0.0465,18.0,0.0505,29.0,57.92,5.76344,-14.22597,1.44331,0.00048,0.60593
9101.41,SYN.BTC-25SEP20,1579517944625,open,0.03,62.2,0.013,0.0745,0.03362078,88.98,0.038,0.0,BTC-25SEP20-28000-C,8653.34,87.39,0.031,16.0,0.036,23.0,90.38,15.26353,-2.7287,5.52281,3e-05,0.12262
8677.0,SYN.BTC-31JAN20,1579517944627,open,0.09,806.3,0.066,0.1115,0.08804455,55.23,0.095,0.0,BTC-31JAN20-8000-C,8653.34,0.0,0.0765,9.1,0.098,9.0,74.92,3.98631,-10.12183,1.88175,0.00032,0.81587
8677.0,SYN.BTC-31JAN20,1579517944625,open,0.02,582.4,0.0065,0.042,0.01692531,54.16,0.017,0.0,BTC-31JAN20-8250-P,8653.34,52.55,0.016,0.5,0.0175,24.0,55.14,5.03098,-12.52579,-0.76445,0.00041,-0.27875
8661.85,SYN.BTC-24JAN20,1579517944625,open,0.0,189.0,0.0005,0.0105,0.00068677,89.62,0.0005,0.0,BTC-24JAN20-10500-C,8653.34,85.61,0.0005,26.0,0.001,32.1,94.98,0.4465,-5.16213,0.01849,6e-05,0.02078
8677.0,SYN.BTC-31JAN20,1579517944625,open,0.0,730.6,0.0005,0.011,0.00104503,87.97,0.001,0.0,BTC-31JAN20-12000-C,8653.34,79.7,0.0005,50.9,0.0015,30.0,92.84,0.71697,-2.89961,0.04832,4e-05,0.01973
8677.0,SYN.BTC-31JAN20,1579517944625,open,0.17,0.3,0.148,0.187,0.16667944,64.12,0.2095,0.0,BTC-31JAN20-7250-C,8653.34,0.0,0.164,8.1,0.18,8.0,108.96,1.46013,-4.30403,2.03402,0.0001,0.9534
9101.41,SYN.BTC-25SEP20,1579517944625,open,1.68,0.0,1.6075,1.775,1.68174193,86.58,None,0.0,BTC-25SEP20-24000-P,8653.34,0.0,0.0,0.0,0.0,0.0,0.0,18.20609,-3.1667,-156.5606,4e-05,-0.84107
8677.0,SYN.BTC-31JAN20,1579517944626,open,0.11,8.2,0.08,0.1355,0.10593408,59.39,0.1,0.0,BTC-31JAN20-9500-P,8653.34,0.0,0.0945,2.0,0.0,0.0,0.0,4.2248,-11.53527,-2.33573,0.00032,-0.79748
8967.25,BTC-26JUN20,1579517944934,open,0.23,219.0,0.1945,0.279,0.23351927,70.93,0.236,0.0,BTC-26JUN20-8000-C,8653.34,68.79,0.2285,4.0,0.2365,19.0,72.21,20.98858,-4.71505,17.45894,9e-05,0.68365
167.45,ETH-27MAR20,1579517945310,open,0.23,668.0,0.187,0.267,0.227874,83.44,0.272,0.0,ETH-27MAR20-140-C,164.93,57.09,0.194,42.0,0.235,300.0,88.67,0.22694,-0.14158,0.16071,0.00529,0.75171
167.45,ETH-27MAR20,1579517945525,open,0.0,1859.0,0.001,0.012,0.00252,117.99,0.003,0.0,ETH-27MAR20-560-C,164.93,106.25,0.001,437.0,0.004,350.0,125.2,0.0291,-0.02567,0.00422,0.00048,0.01627
167.45,ETH-27MAR20,1579517945542,open,0.0,1859.0,0.001,0.012,0.00252,117.99,0.003,0.0,ETH-27MAR20-560-C,164.93,106.25,0.001,657.0,0.004,350.0,125.2,0.0291,-0.02567,0.00422,0.00048,0.01627
171.75,ETH-26JUN20,1579517945748,open,0.38,318.0,0.337,0.423,0.380833,89.3,0.379,0.0,ETH-26JUN20-120-C,164.93,66.41,0.343,47.0,0.405,47.0,102.92,0.29943,-0.08468,0.32405,0.00263,0.81704
165.34,SYN.ETH-31JAN20,1579517946164,open,0.11,1222.0,0.076,0.139,0.108353,73.94,0.109,0.0,ETH-31JAN20-150-C,164.93,69.03,0.106,60.0,0.113,60.0,83.14,0.0809,-0.27501,0.03387,0.01343,0.7958
174.75,SYN.ETH-25SEP20,1579517946488,open,0.04,317.0,0.018,0.065,0.038626,91.92,0.06,0.0,ETH-25SEP20-80-P,164.93,88.9,0.035,470.0,0.043,470.0,95.44,0.21337,-0.0394,-0.14067,0.00111,-0.07943
174.75,SYN.ETH-25SEP20,1579517946488,open,0.3,0.0,0.23,0.368,0.29836,86.47,0.58,0.0,ETH-25SEP20-180-P,164.93,0.0,0.0,0.0,0.371,1.0,110.08,0.54771,-0.09514,-0.80373,0.00304,-0.37618
174.75,SYN.ETH-25SEP20,1579517946490,open,0.23,64.0,0.171,0.292,0.23196,86.49,0.238,0.0,ETH-25SEP20-200-C,164.93,88.35,0.238,381.0,0.25,270.0,92.06,0.56759,-0.09862,0.39889,0.00315,0.56674
174.75,SYN.ETH-25SEP20,1579517946490,open,0.38,41.0,0.302,0.452,0.376402,86.46,0.399,0.0,ETH-25SEP20-200-P,164.93,0.0,0.0,0.0,0.42,1.0,100.0,0.5676,-0.0986,-0.96479,0.00315,-0.43331
171.75,ETH-26JUN20,1579517946498,open,0.46,1.0,0.427,0.495,0.460671,89.91,0.38,0.0,ETH-26JUN20-100-C,164.93,62.06,0.431,48.0,0.481,48.0,105.17,0.21663,-0.06168,0.31664,0.00189,0.88693
8967.12,BTC-26JUN20,1579517946623,open,0.23,219.0,0.1945,0.279,0.23351297,70.94,0.236,0.0,BTC-26JUN20-8000-C,8653.34,68.79,0.2285,4.0,0.2365,9.0,72.21,20.98859,-4.71529,17.45817,9e-05,0.68363
166.39,SYN.ETH-28FEB20,1579517946635,open,0.05,3804.0,0.02,0.077,0.045247,84.35,0.049,0.0,ETH-28FEB20-200-C,164.93,81.45,0.042,654.0,0.048,474.0,86.77,0.18819,-0.20416,0.04477,0.00757,0.29784
166.39,SYN.ETH-28FEB20,1579517946635,open,0.25,0.0,0.198,0.299,0.247134,84.28,None,0.0,ETH-28FEB20-200-P,164.93,0.0,0.001,5.0,0.0,0.0,0.0,0.18813,-0.20394,-0.16828,0.00757,-0.70237
166.39,SYN.ETH-28FEB20,1579517946635,open,0.0,1339.0,0.001,0.011,0.001974,110.89,0.001,0.0,ETH-28FEB20-80-P,164.93,100.49,0.001,260.0,0.003,300.0,118.7,0.01907,-0.0272,-0.00279,0.00058,-0.01374
174.75,SYN.ETH-25SEP20,1579517946793,open,0.05,104.0,0.017,0.094,0.047402,105.88,0.048,0.0,ETH-25SEP20-640-C,164.93,104.07,0.044,2.0,0.049,300.0,106.72,0.33257,-0.07075,0.11918,0.00151,0.14743
171.75,ETH-26JUN20,1579517946827,open,0.55,0.0,0.531,0.581,0.554955,93.36,None,0.0,ETH-26JUN20-80-C,164.93,50.29,0.535,51.0,0.568,51.0,108.31,0.13527,-0.03999,0.28572,0.00114,0.93959
174.75,SYN.ETH-25SEP20,1579517946829,open,0.37,23.0,0.315,0.423,0.3708,89.79,0.327,0.0,ETH-25SEP20-140-C,164.93,72.8,0.326,52.0,0.398,52.0,100.16,0.46001,-0.08298,0.45002,0.00246,0.74848
174.75,SYN.ETH-25SEP20,1579517947081,open,0.06,7.0,0.026,0.116,0.064387,102.64,0.06,0.0,ETH-25SEP20-520-C,164.93,98.84,0.056,298.0,0.072,298.0,105.92,0.39675,-0.08181,0.15458,0.00186,0.19412
171.75,ETH-26JUN20,1579517947100,open,0.55,0.0,0.531,0.581,0.554955,93.36,None,0.0,ETH-26JUN20-80-C,164.93,0.0,0.534,51.0,0.568,51.0,108.31,0.13527,-0.03999,0.28572,0.00114,0.93959
171.75,ETH-26JUN20,1579517947305,open,0.46,1.0,0.427,0.495,0.460671,89.91,0.38,0.0,ETH-26JUN20-100-C,164.93,62.06,0.431,48.0,0.479,48.0,103.73,0.21663,-0.06168,0.31664,0.00189,0.88693
171.75,ETH-26JUN20,1579517947318,open,0.38,318.0,0.337,0.423,0.380809,89.3,0.379,0.0,ETH-26JUN20-120-C,164.93,66.41,0.343,47.0,0.406,47.0,103.47,0.29943,-0.08468,0.32405,0.00263,0.81704
167.45,ETH-27MAR20,1579517947346,open,0.05,426.0,0.021,0.076,0.04516,84.53,0.048,0.0,ETH-27MAR20-130-P,164.93,83.53,0.044,320.0,0.047,192.0,86.11,0.19405,-0.12264,-0.07193,0.00447,-0.18928
167.45,ETH-27MAR20,1579517947346,open,0.02,141.0,0.007,0.041,0.020793,88.97,0.019,0.0,ETH-27MAR20-110-P,164.93,86.51,0.019,620.0,0.023,540.0,91.9,0.12383,-0.08237,-0.03641,0.00271,-0.09787
174.75,SYN.ETH-25SEP20,1579517947376,open,2.49,0.0,2.358,2.634,2.487532,105.79,None,0.0,ETH-25SEP20-600-P,164.93,0.0,0.0,0.0,0.0,0.0,0.0,0.35773,-0.07603,-3.95924,0.00162,-0.83532
171.75,ETH-26JUN20,1579517947609,open,0.55,0.0,0.531,0.581,0.554955,93.36,None,0.0,ETH-26JUN20-80-C,164.93,0.0,0.534,51.0,0.569,51.0,109.36,0.13527,-0.03999,0.28572,0.00114,0.93959
171.75,ETH-26JUN20,1579517947615,open,0.46,1.0,0.427,0.495,0.460671,89.91,0.38,0.0,ETH-26JUN20-100-C,164.93,62.06,0.431,48.0,0.48,48.0,104.45,0.21663,-0.06168,0.31664,0.00189,0.88693
8798.28,BTC-27MAR20,1579517947646,open,0.19,0.0,0.1645,0.2265,0.19349891,65.73,None,0.0,BTC-27MAR20-7500-C,8653.63,57.66,0.183,11.0,0.1995,11.0,70.2,11.69249,-5.746,9.14133,0.00013,0.76057
8798.28,BTC-27MAR20,1579517947646,open,0.28,0.0,0.2565,0.3055,0.27911765,66.48,None,0.0,BTC-27MAR20-6500-C,8653.63,36.22,0.2625,10.0,0.299,10.0,87.54,7.25878,-3.60794,9.78522,8e-05,0.88613
8798.28,BTC-27MAR20,1579517947646,open,0.05,80.2,0.0225,0.077,0.04477783,70.54,0.0455,0.0,BTC-27MAR20-11000-C,8653.63,69.29,0.043,23.5,0.0455,0.1,71.04,12.63346,-6.66238,3.75976,0.00013,0.27801
8798.28,BTC-27MAR20,1579517947646,open,0.5,0.0,0.46,0.5485,0.4999244,76.38,None,0.0,BTC-27MAR20-13000-P,8653.63,0.0,0.0,0.0,0.0,0.0,0.0,8.83337,-5.04418,-21.73945,8e-05,-0.84865
8798.28,BTC-27MAR20,1579517947646,open,0.02,95.5,0.007,0.037,0.01791772,66.5,0.0205,0.0,BTC-27MAR20-6500-P,8653.63,65.38,0.017,25.0,0.019,24.0,67.8,7.26162,-3.61062,-2.12547,8e-05,-0.11393
8798.28,BTC-27MAR20,1579517947646,open,0.49,2.1,0.479,0.5055,0.49095067,80.64,0.518,0.0,BTC-27MAR20-4500-C,8653.63,0.0,0.4885,12.1,0.499,12.0,107.59,1.60492,-0.96764,7.92851,1e-05,0.98278
8798.28,BTC-27MAR20,1579517947646,open,0.72,0.0,0.677,0.7685,0.71811585,82.78,None,0.0,BTC-27MAR20-15000-P,8653.63,0.0,0.0,0.0,0.0,0.0,0.0,6.21744,-3.84817,-26.21309,5e-05,-0.90798
8798.28,BTC-27MAR20,1579517947646,open,0.38,0.0,0.365,0.4015,0.38155571,71.96,None,0.0,BTC-27MAR20-5500-C,8653.63,39.95,0.375,11.0,0.384,11.0,77.36,3.66807,-1.97343,9.21915,4e-05,0.95345
8798.28,BTC-27MAR20,1579517947646,open,0.0,15.9,0.0005,0.012,0.00242764,80.71,0.003,0.0,BTC-27MAR20-4500-P,8653.63,74.87,0.0015,75.0,0.003,39.0,83.64,1.61037,-0.97181,-0.31775,1e-05,-0.01728
8798.28,BTC-27MAR20,1579517947646,open,0.13,45.0,0.0965,0.164,0.1277532,65.73,0.124,0.0,BTC-27MAR20-8500-C,8653.63,63.46,0.124,10.1,0.13,12.0,67.09,14.51261,-7.13227,7.67444,0.00016,0.60383
8798.28,BTC-27MAR20,1579517947646,open,0.01,15.7,0.0035,0.034,0.0131926,82.72,0.013,0.0,BTC-27MAR20-15000-C,8653.63,81.72,0.0125,25.0,0.0135,0.1,83.15,6.20683,-3.83868,1.26737,5e-05,0.09181
8798.28,BTC-27MAR20,1579517947646,open,0.02,318.9,0.0085,0.048,0.02232425,76.34,0.0225,0.0,BTC-27MAR20-13000-C,8653.63,75.51,0.0215,10.0,0.0225,0.1,76.51,8.82713,-5.03808,2.07733,8e-05,0.15119
8798.28,BTC-27MAR20,1579517947646,open,0.01,71.6,0.0005,0.018,0.00669423,72.0,0.007,0.0,BTC-27MAR20-5500-P,8653.63,70.29,0.006,15.0,0.0075,70.0,73.87,3.67266,-1.97697,-0.85945,4e-05,-0.04662
8677.12,SYN.BTC-31JAN20,1579517947646,open,0.07,4.0,0.046,0.095,0.06612613,54.12,0.0955,0.0,BTC-31JAN20-8250-C,8653.63,20.84,0.0505,10.0,0.086,10.0,86.6,5.02971,-12.51508,1.6942,0.00041,0.7214
8798.28,BTC-27MAR20,1579517947647,open,0.3,0.0,0.256,0.342,0.29505488,70.56,None,0.0,BTC-27MAR20-11000-P,8653.63,0.0,0.0,0.0,0.0,0.0,0.0,12.6356,-6.66566,-16.39353,0.00013,-0.72189
