underlying_price,underlying_index,timestamp,state,settlement_price,open_interest,min_price,max_price,mark_price,mark_iv,last_price,interest_rate,instrument_name,index_price,bid_iv,best_bid_price,best_bid_amount,best_ask_price,best_ask_amount,ask_iv,vega,theta,rho,gamma,delta
9157.57,BTC-27MAR20,1583405940026,open,0.03,382.6,0.0225,0.0685,0.03737075,54.34,0.037,0.0,BTC-27MAR20-9500-C,9093.76,52.91,0.036,47.5,0.0385,71.8,55.52,8.74986,-10.86795,2.08389,0.00032,0.41706
9157.57,BTC-27MAR20,1583405940056,open,0.13,901.0,0.09,0.15,0.11429007,55.72,0.124,0.0,BTC-27MAR20-10000-P,9093.76,51.68,0.111,1.0,0.124,16.0,67.06,7.57255,-9.64393,-4.56806,0.00027,-0.71801
233.84,ETH-27MAR20,1583405940193,open,0.92,0.0,0.827,0.944,0.882755,109.51,None,0.0,ETH-27MAR20-440-P,232.31,0.0,0.003,50.0,1.0785,1.0,399.96,0.01927,-0.04822,-0.26203,0.00054,-0.98692
244.36,SYN.ETH-25SEP20,1583405940208,open,0.36,540.0,0.2775,0.42,0.347593,85.46,0.367,0.0,ETH-25SEP20-280-P,232.31,85.26,0.347,250.0,0.3605,18.0,89.82,0.72448,-0.15184,-1.09918,0.00254,-0.45773
233.84,ETH-27MAR20,1583405940210,open,0.23,2566.0,0.211,0.269,0.240141,87.13,0.1945,0.0,ETH-27MAR20-180-C,232.31,0.0,0.23,22.0,0.2575,21.0,121.92,0.09388,-0.18698,0.09371,0.00329,0.9088
239.1,ETH-26JUN20,1583405940210,open,0.26,2168.0,0.2175,0.3075,0.263558,84.13,0.256,0.0,ETH-26JUN20-200-C,232.31,80.0,0.256,598.0,0.267,571.0,86.0,0.43889,-0.16356,0.34557,0.00295,0.73092
232.36,SYN.ETH-6MAR20,1583405940210,open,0.0,635.0,0.0005,0.015,0.001255,77.73,0.004,0.0,ETH-6MAR20-220-P,232.31,73.77,0.001,305.0,0.003,600.0,98.34,0.01576,-0.29157,-0.00041,0.01565,-0.07286
239.1,ETH-26JUN20,1583405940212,open,0.2,828.0,0.134,0.2425,0.186995,84.04,0.1995,0.0,ETH-26JUN20-240-P,232.31,82.19,0.183,536.0,0.1965,239.0,88.44,0.51712,-0.1925,-0.44198,0.00348,-0.41074
244.36,SYN.ETH-25SEP20,1583405940212,open,0.05,327.0,0.0205,0.097,0.052657,95.22,0.0495,0.0,ETH-25SEP20-600-C,232.31,93.35,0.049,497.0,0.056,200.0,96.89,0.48314,-0.11283,0.17703,0.00152,0.18236
244.36,SYN.ETH-25SEP20,1583405940212,open,0.15,502.0,0.0955,0.1955,0.143827,83.86,0.156,0.0,ETH-25SEP20-200-P,232.31,82.7,0.141,250.0,0.151,545.0,86.8,0.5963,-0.12264,-0.55578,0.00213,-0.26337
239.1,ETH-26JUN20,1583405940229,open,0.32,231.0,0.2405,0.3675,0.302919,86.63,0.315,0.0,ETH-26JUN20-280-P,232.31,83.95,0.297,320.0,0.315,337.0,92.09,0.52845,-0.20279,-0.61929,0.00345,-0.53463
233.84,ETH-27MAR20,1583405940248,open,0.4,1499.0,0.332,0.428,0.377636,90.6,0.41,0.0,ETH-27MAR20-320-P,232.31,0.0,0.348,11.0,0.4205,11.0,157.11,0.09768,-0.20227,-0.17959,0.00329,-0.90377
244.36,SYN.ETH-25SEP20,1583405940253,open,0.05,618.0,0.025,0.0805,0.049711,85.58,0.049,0.0,ETH-25SEP20-140-P,232.31,83.72,0.047,295.0,0.053,535.0,87.8,0.35862,-0.07527,-0.2274,0.00126,-0.11689
9157.57,BTC-27MAR20,1583405940257,open,0.01,208.3,0.0005,0.02,0.00660476,66.3,0.0055,0.0,BTC-27MAR20-11500-C,9093.76,64.78,0.006,70.9,0.0075,69.0,68.43,3.73171,-5.65465,0.47446,0.00011,0.09305
9157.57,BTC-27MAR20,1583405940264,open,0.01,208.3,0.0005,0.02,0.00660476,66.3,0.0055,0.0,BTC-27MAR20-11500-C,9093.76,64.78,0.006,70.9,0.0075,109.0,68.43,3.73171,-5.65465,0.47446,0.00011,0.09305
233.84,ETH-27MAR20,1583405940290,open,0.03,4637.0,0.007,0.047,0.023241,82.21,0.025,0.0,ETH-27MAR20-200-P,232.31,80.33,0.022,70.0,0.025,523.0,84.84,0.15543,-0.29207,-0.02991,0.00577,-0.19016
239.1,ETH-26JUN20,1583405940304,open,0.07,1761.0,0.035,0.116,0.071981,90.92,0.075,0.0,ETH-26JUN20-360-C,232.31,88.81,0.068,606.0,0.0755,286.0,92.76,0.45434,-0.18298,0.1604,0.00283,0.28891
239.1,ETH-26JUN20,1583405940341,open,0.6,1.0,0.507,0.653,0.577564,90.89,1.827,0.0,ETH-26JUN20-360-P,232.31,0.0,0.015,2.0,1.3,1.0,494.94,0.45424,-0.18288,-0.95294,0.00283,-0.71122
244.36,SYN.ETH-25SEP20,1583405940350,open,0.08,1017.0,0.039,0.1325,0.081282,92.5,0.076,0.0,ETH-25SEP20-480-C,232.31,90.32,0.076,500.0,0.0865,332.0,94.62,0.59709,-0.13545,0.24946,0.00194,0.26405
239.1,ETH-26JUN20,1583405940357,open,0.09,1819.0,0.0535,0.143,0.096323,88.8,0.097,0.0,ETH-26JUN20-320-C,232.31,86.72,0.092,600.0,0.1,280.0,90.55,0.5001,-0.19671,0.19918,0.00319,0.3657
233.84,ETH-27MAR20,1583405940357,open,0.0,6130.0,0.0005,0.0155,0.004224,97.92,0.0065,0.0,ETH-27MAR20-360-C,232.31,92.25,0.003,643.0,0.0055,545.0,102.87,0.05569,-0.12463,0.00592,0.00174,0.04647
233.84,ETH-27MAR20,1583405940366,open,0.31,2335.0,0.296,0.3445,0.319894,94.97,0.266,0.0,ETH-27MAR20-160-C,232.31,0.0,0.3155,1.0,0.3345,22.0,139.38,0.04954,-0.10753,0.08968,0.00159,0.9598
244.36,SYN.ETH-25SEP20,1583405940390,open,0.08,155.0,0.0425,0.1135,0.075292,84.86,0.085,0.0,ETH-25SEP20-160-P,232.31,82.79,0.0715,287.0,0.079,527.0,86.87,0.44862,-0.09337,-0.32437,0.00159,-0.16236
232.86,SYN.ETH-13MAR20,1583405940433,open,0.26,0.0,0.2475,0.2935,0.27045,95.06,None,0.0,ETH-13MAR20-170-C,232.31,0.0,0.2695,1.0,0.2815,20.0,174.52,0.00919,-0.05543,0.03615,0.00083,0.98991
232.86,SYN.ETH-13MAR20,1583405940433,open,0.3,1.0,0.292,0.3335,0.313012,94.31,0.274,0.0,ETH-13MAR20-160-C,232.31,0.0,0.295,21.0,0.3225,21.0,190.5,0.00288,-0.01724,0.03438,0.00026,0.99727
232.86,SYN.ETH-13MAR20,1583405940433,open,0.22,0.0,0.2035,0.254,0.228585,95.21,None,0.0,ETH-13MAR20-180-C,232.31,0.0,0.2265,1.0,0.241,19.0,159.12,0.02198,-0.13287,0.03735,0.00197,0.97199
233.84,ETH-27MAR20,1583405940435,open,1.61,0.0,1.4915,1.6455,1.565881,109.79,None,0.0,ETH-27MAR20-600-P,232.31,0.0,0.03,50.0,0.0,0.0,0.0,0.00078,-0.00195,-0.35955,2e-05,-0.99963
244.36,SYN.ETH-25SEP20,1583405940435,open,0.03,182.0,0.0075,0.06,0.026543,102.22,0.029,0.0,ETH-25SEP20-880-C,232.31,100.2,0.024,500.0,0.029,500.0,104.08,0.31496,-0.07896,0.09704,0.00092,0.09764
232.86,SYN.ETH-13MAR20,1583405940441,open,0.15,0.0,0.089,0.166,0.12634,75.31,None,0.0,ETH-13MAR20-260-P,232.31,0.0,0.1045,15.0,0.1645,15.0,153.8,0.08762,-0.41894,-0.04789,0.00994,-0.82671
232.86,SYN.ETH-13MAR20,1583405940441,open,0.0,305.0,0.0005,0.0105,0.00059,85.99,0.001,0.0,ETH-13MAR20-310-C,232.31,84.17,0.0005,56.0,0.002,315.0,103.26,0.01208,-0.06594,0.00067,0.0012,0.01383
232.86,SYN.ETH-13MAR20,1583405940444,open,0.04,60.0,0.0205,0.081,0.049961,74.8,0.052,0.0,ETH-13MAR20-230-C,232.31,68.81,0.0465,210.0,0.0525,424.0,79.19,0.13456,-0.639,0.02595,0.01538,0.56649
232.86,SYN.ETH-13MAR20,1583405940444,open,0.0,201.0,0.0005,0.0115,0.001763,81.59,0.003,0.0,ETH-13MAR20-290-C,232.31,74.25,0.001,653.0,0.002,1.0,83.46,0.02844,-0.14729,0.00183,0.00298,0.03827
232.86,SYN.ETH-13MAR20,1583405940446,open,0.13,0.0,0.1165,0.176,0.146549,81.76,None,0.0,ETH-13MAR20-200-C,232.31,0.0,0.1405,22.0,0.1665,19.0,140.03,0.0566,-0.29379,0.03824,0.00592,0.90769
9157.57,BTC-27MAR20,1583405940543,open,0.01,208.3,0.0005,0.02,0.00660476,66.3,0.0055,0.0,BTC-27MAR20-11500-C,9093.76,64.78,0.006,70.9,0.007,24.0,67.25,3.73171,-5.65465,0.47446,0.00011,0.09305
239.1,ETH-26JUN20,1583405940586,open,0.66,0.0,0.656,0.681,0.667936,97.92,None,0.0,ETH-26JUN20-80-C,232.31,0.0,0.665,1.0,0.0,0.0,0.0,0.03917,-0.01699,0.23724,0.00023,0.98878
244.36,SYN.ETH-25SEP20,1583405940591,open,0.2,606.0,0.132,0.245,0.187071,83.86,0.187,0.0,ETH-25SEP20-220-P,232.31,83.08,0.185,250.0,0.196,528.0,87.23,0.64901,-0.13348,-0.68566,0.00232,-0.31528
232.86,SYN.ETH-13MAR20,1583405940628,open,0.05,402.0,0.012,0.0695,0.037702,74.85,0.039,0.0,ETH-13MAR20-230-P,232.31,71.04,0.0355,180.0,0.0385,1.0,76.23,0.13456,-0.6394,-0.02368,0.01537,-0.43352
232.37,SYN.ETH-6MAR20,1583405940694,open,0.04,420.0,0.0245,0.0835,0.054459,77.26,0.0405,0.0,ETH-6MAR20-220-C,232.31,0.0,0.053,1.0,0.057,60.0,105.69,0.01554,-0.60015,0.00487,0.01552,0.92848
239.1,ETH-26JUN20,1583405940700,open,0.58,1.0,0.5715,0.608,0.588822,95.52,0.38,0.0,ETH-26JUN20-100-C,232.31,0.0,0.5815,1.0,0.0,0.0,0.0,0.08616,-0.03646,0.28312,0.00051,0.97171
244.36,SYN.ETH-25SEP20,1583405940700,open,0.6,4.0,0.5865,0.631,0.60809,89.45,0.625,0.0,ETH-25SEP20-100-C,232.31,0.0,0.5905,1.0,0.6635,3.0,144.63,0.18045,-0.03959,0.47024,0.0006,0.95261
9451.73,BTC-26JUN20,1583405940706,open,0.04,976.2,0.02,0.077,0.04210981,72.34,0.0405,0.0,BTC-26JUN20-14000-C,9093.69,71.36,0.0405,40.3,0.0435,19.3,73.19,15.52474,-4.975,5.1721,8e-05,0.21906
233.84,ETH-27MAR20,1583405940707,open,0.02,10802.0,0.0065,0.0475,0.022944,83.18,0.023,0.0,ETH-27MAR20-280-C,232.31,82.56,0.0225,482.0,0.024,20.0,84.64,0.16811,-0.31963,0.02718,0.00617,0.21687
9096.21,SYN.BTC-6MAR20,1583405940704,open,0.04,301.7,0.003,0.045,0.02136499,55.24,0.022,0.0,BTC-6MAR20-9250-P,9093.69,46.55,0.02,6.0,0.0225,7.5,62.08,1.47923,-40.85999,-0.16349,0.00135,-0.72777
233.84,ETH-27MAR20,1583405940714,open,1.79,0.0,1.6575,1.822,1.736924,109.82,None,0.0,ETH-27MAR20-640-P,232.31,0.0,0.01,50.0,0.0,0.0,0.0,0.00034,-0.00085,-0.38355,1e-05,-0.99985
232.37,SYN.ETH-6MAR20,1583405940741,open,0.0,816.0,0.0005,0.0215,0.003275,70.29,0.003,0.0,ETH-6MAR20-240-C,232.31,59.51,0.002,302.0,0.0045,549.0,79.4,0.02971,-0.76093,0.00098,0.03263,0.17853
239.1,ETH-26JUN20,1583405940783,open,0.5,303.0,0.489,0.5365,0.511918,90.73,0.608,0.0,ETH-26JUN20-120-C,232.31,0.0,0.498,32.0,0.528,29.0,113.16,0.14314,-0.05753,0.32188,0.00089,0.94723
233.84,ETH-27MAR20,1583405940923,open,0.1,2362.0,0.0735,0.144,0.109302,80.42,0.104,0.0,ETH-27MAR20-220-C,232.31,75.62,0.105,393.0,0.1115,248.0,82.86,0.21012,-0.38624,0.07697,0.00797,0.65848
233.83,ETH-27MAR20,1583405941306,open,0.04,5373.0,0.0155,0.0695,0.039798,81.84,0.033,0.0,ETH-27MAR20-260-C,232.31,79.25,0.0375,469.0,0.042,236.0,84.31,0.20827,-0.38961,0.04121,0.00777,0.33386
233.83,ETH-27MAR20,1583405941306,open,0.49,0.0,0.4135,0.512,0.460089,94.06,None,0.0,ETH-27MAR20-340-P,232.31,0.0,0.0,0.0,0.0,0.0,0.0,0.07296,-0.15686,-0.19545,0.00237,-0.93456
235.46,SYN.ETH-24APR20,1583405941444,open,0.03,338.0,0.0115,0.055,0.02979,85.06,0.03,0.0,ETH-24APR20-180-P,232.31,83.02,0.028,192.0,0.0315,486.0,86.98,0.20821,-0.17754,-0.05975,0.00323,-0.15591
235.46,SYN.ETH-24APR20,1583405941457,open,0.08,13.0,0.0475,0.122,0.083824,83.74,0.0835,0.0,ETH-24APR20-260-C,232.31,81.46,0.0805,287.0,0.087,151.0,85.92,0.34251,-0.28754,0.11276,0.0054,0.43427
235.46,SYN.ETH-24APR20,1583405941464,open,0.02,130.0,0.0045,0.034,0.015794,88.83,0.031,0.0,ETH-24APR20-160-P,232.31,86.65,0.0145,240.0,0.0175,549.0,91.63,0.14134,-0.12586,-0.03403,0.0021,-0.08999
233.84,ETH-27MAR20,1583405941470,open,0.01,10033.0,0.0005,0.026,0.00918,90.6,0.0085,0.0,ETH-27MAR20-320-C,232.31,87.68,0.008,556.0,0.0105,1.0,93.66,0.09768,-0.20227,0.0122,0.00329,0.09623
233.84,ETH-27MAR20,1583405941480,open,0.23,2566.0,0.211,0.269,0.240143,87.13,0.1945,0.0,ETH-27MAR20-180-C,232.31,0.0,0.23,22.0,0.258,21.0,122.79,0.09388,-0.18698,0.09371,0.00329,0.9088
233.84,ETH-27MAR20,1583405941486,open,0.23,2566.0,0.211,0.269,0.240143,87.13,0.1945,0.0,ETH-27MAR20-180-C,232.31,0.0,0.23,22.0,0.257,21.0,121.05,0.09388,-0.18698,0.09371,0.00329,0.9088
235.46,SYN.ETH-24APR20,1583405941487,open,0.19,30.0,0.1645,0.2405,0.203425,82.99,0.2,0.0,ETH-24APR20-200-C,232.31,76.53,0.196,417.0,0.2085,232.0,87.29,0.27454,-0.22839,0.17697,0.00437,0.75347
235.46,SYN.ETH-24APR20,1583405941496,open,0.14,8.0,0.089,0.179,0.132567,82.7,0.147,0.0,ETH-24APR20-240-P,232.31,80.63,0.1295,167.0,0.136,357.0,85.06,0.34582,-0.28671,-0.19193,0.00552,-0.464
233.84,ETH-27MAR20,1583405941498,open,0.06,2329.0,0.0225,0.083,0.050116,80.42,0.049,0.0,ETH-27MAR20-220-P,232.31,77.51,0.0475,215.0,0.0525,297.0,83.07,0.21012,-0.38624,-0.05489,0.00797,-0.34152
235.46,SYN.ETH-24APR20,1583405941503,open,0.1,232.0,0.0515,0.128,0.087561,82.71,0.0935,0.0,ETH-24APR20-220-P,232.31,80.49,0.0845,217.0,0.09,452.0,84.49,0.32366,-0.26835,-0.14201,0.00517,-0.35384
232.86,SYN.ETH-13MAR20,1583405941507,open,0.08,24.0,0.0285,0.097,0.061221,74.35,0.075,0.0,ETH-13MAR20-240-P,232.31,71.33,0.0595,180.0,0.0645,214.0,80.07,0.13314,-0.62842,-0.03261,0.01531,-0.58781
232.86,SYN.ETH-13MAR20,1583405941515,open,0.04,60.0,0.0205,0.081,0.049961,74.8,0.052,0.0,ETH-13MAR20-230-C,232.31,68.81,0.0465,211.0,0.0525,424.0,79.19,0.13456,-0.639,0.02595,0.01538,0.56649
232.86,SYN.ETH-13MAR20,1583405941517,open,0.11,0.0,0.055,0.1295,0.091257,74.54,None,0.0,ETH-13MAR20-250-P,232.31,71.97,0.09,60.0,0.096,85.0,83.97,0.1144,-0.54139,-0.04095,0.01312,-0.7237
232.86,SYN.ETH-13MAR20,1583405941524,open,0.07,20.0,0.043,0.108,0.076104,75.45,0.056,0.0,ETH-13MAR20-220-C,232.31,68.12,0.0725,94.0,0.0785,60.0,80.22,0.11613,-0.55625,0.0321,0.01316,0.715
233.83,ETH-27MAR20,1583405941526,open,0.17,66.0,0.109,0.196,0.151682,81.81,0.1435,0.0,ETH-27MAR20-260-P,232.31,0.0,0.0525,25.0,0.2525,25.0,187.35,0.20824,-0.38937,-0.11463,0.00777,-0.66625
233.84,ETH-27MAR20,1583405941530,open,0.4,1499.0,0.332,0.428,0.377637,90.6,0.41,0.0,ETH-27MAR20-320-P,232.31,0.0,0.3475,11.0,0.4205,11.0,157.11,0.09768,-0.20227,-0.17959,0.00329,-0.90377
232.37,SYN.ETH-6MAR20,1583405941545,open,0.08,10.0,0.0685,0.123,0.096281,66.19,0.09,0.0,ETH-6MAR20-210-C,232.31,0.0,0.0735,53.0,0.1145,16.0,285.6,0.00033,-0.01091,0.00503,0.00038,0.99915
233.83,ETH-27MAR20,1583405941550,open,0.04,5373.0,0.0155,0.0695,0.039798,81.84,0.033,0.0,ETH-27MAR20-260-C,232.31,79.25,0.0375,481.0,0.042,236.0,84.31,0.20827,-0.38961,0.04121,0.00777,0.33386
235.46,SYN.ETH-24APR20,1583405941552,open,0.11,340.0,0.0735,0.153,0.113278,82.73,0.115,0.0,ETH-24APR20-240-C,232.31,80.49,0.11,280.0,0.1165,144.0,84.91,0.34582,-0.28681,0.13601,0.00552,0.53603
233.84,ETH-27MAR20,1583405941553,open,0.24,1462.0,0.176,0.2675,0.220344,83.18,0.261,0.0,ETH-27MAR20-280-P,232.31,0.0,0.19,39.0,0.263,14.0,134.39,0.1681,-0.31957,-0.14064,0.00617,-0.78316
232.86,SYN.ETH-13MAR20,1583405941555,open,0.15,0.0,0.089,0.166,0.12634,75.31,None,0.0,ETH-13MAR20-260-P,232.31,0.0,0.1045,40.0,0.1645,15.0,153.8,0.08762,-0.41894,-0.04789,0.00994,-0.82671
232.37,SYN.ETH-6MAR20,1583405941560,open,0.18,232.0,0.1285,0.1985,0.161982,110.38,0.192,0.0,ETH-6MAR20-270-P,232.31,0.0,0.1405,24.0,0.1915,12.0,417.06,0.00104,-0.0573,-0.00646,0.00073,-0.99701
233.83,ETH-27MAR20,1583405941577,open,0.17,66.0,0.109,0.196,0.151682,81.81,0.1435,0.0,ETH-27MAR20-260-P,232.31,0.0,0.052,25.0,0.2525,25.0,187.35,0.20824,-0.38937,-0.11463,0.00777,-0.66625
232.37,SYN.ETH-6MAR20,1583405941594,open,0.08,10.0,0.0685,0.123,0.096281,66.19,0.09,0.0,ETH-6MAR20-210-C,232.31,0.0,0.0735,16.0,0.1145,16.0,285.6,0.00033,-0.01091,0.00503,0.00038,0.99915
233.84,ETH-27MAR20,1583405941595,open,0.24,1462.0,0.176,0.2675,0.220344,83.18,0.261,0.0,ETH-27MAR20-280-P,232.31,0.0,0.19,14.0,0.263,14.0,134.39,0.1681,-0.31957,-0.14064,0.00617,-0.78316
232.86,SYN.ETH-13MAR20,1583405941596,open,0.15,0.0,0.089,0.166,0.12634,75.31,None,0.0,ETH-13MAR20-260-P,232.31,0.0,0.1045,15.0,0.1645,15.0,153.8,0.08762,-0.41894,-0.04789,0.00994,-0.82671
232.37,SYN.ETH-6MAR20,1583405941597,open,0.18,232.0,0.1285,0.1985,0.161982,110.38,0.192,0.0,ETH-6MAR20-270-P,232.31,0.0,0.1405,12.0,0.1915,12.0,417.06,0.00104,-0.0573,-0.00646,0.00073,-0.99701
9451.75,BTC-26JUN20,1583405941710,open,0.19,872.1,0.14,0.2275,0.17949646,65.51,0.18,0.0,BTC-26JUN20-10000-P,9093.96,64.84,0.178,9.5,0.1815,4.0,66.42,20.96105,-6.08297,-19.54186,0.00012,-0.48907
9698.63,BTC-25SEP20,1583405941710,open,0.11,238.6,0.0705,0.1475,0.10372043,66.2,0.1,0.0,BTC-25SEP20-8000-P,9093.96,64.05,0.0985,22.0,0.1025,4.9,65.7,23.61412,-3.83392,-19.82364,7e-05,-0.26221
9116.67,SYN.BTC-13MAR20,1583405941710,open,0.01,206.1,0.0045,0.04,0.01425254,51.53,0.0145,0.0,BTC-13MAR20-9500-C,9093.96,50.06,0.0135,4.8,0.015,40.0,52.97,4.69986,-15.3756,0.57455,0.00051,0.30633
9116.67,SYN.BTC-13MAR20,1583405941711,open,0.11,0.0,0.1055,0.146,0.12489862,59.43,None,0.0,BTC-13MAR20-8000-C,9093.96,29.33,0.1225,0.1,0.136,16.0,98.5,1.631,-6.1535,1.60001,0.00015,0.93828
9096.24,SYN.BTC-6MAR20,1583405941711,open,0.01,759.6,0.0015,0.039,0.01614547,51.32,0.0145,0.0,BTC-6MAR20-9000-C,9093.96,41.87,0.0145,32.5,0.016,2.0,50.5,1.6165,-41.48041,0.14236,0.00159,0.66848
235.46,SYN.ETH-24APR20,1583405941734,open,0.15,5.0,0.1125,0.1925,0.153213,82.72,0.14,0.0,ETH-24APR20-220-C,232.31,79.65,0.149,414.0,0.1565,389.0,85.11,0.32366,-0.2684,0.1586,0.00516,0.64616
232.37,SYN.ETH-6MAR20,1583405942165,open,0.18,232.0,0.1285,0.1985,0.161982,110.38,0.192,0.0,ETH-6MAR20-270-P,232.31,0.0,0.14,12.0,0.1915,12.0,417.06,0.00104,-0.0573,-0.00646,0.00073,-0.99701
233.84,ETH-27MAR20,1583405942588,open,0.57,7.0,0.496,0.5975,0.543736,97.92,1.702,0.0,ETH-27MAR20-360-P,232.31,0.0,0.5125,9.0,0.5665,9.0,150.64,0.05569,-0.12463,-0.20984,0.00174,-0.95353
244.36,SYN.ETH-25SEP20,1583405942716,open,2.19,0.0,2.0335,2.2705,2.144756,99.59,None,0.0,ETH-25SEP20-760-P,232.31,0.0,0.0,0.0,0.0,0.0,0.0,0.37509,-0.09161,-4.12224,0.00113,-0.87541
233.83,ETH-27MAR20,1583405942725,open,0.06,4706.0,0.035,0.1,0.066502,79.96,0.067,0.0,ETH-27MAR20-240-C,232.31,77.4,0.064,144.0,0.069,40.0,82.52,0.22823,-0.41712,0.05879,0.00871,0.48597
9116.67,SYN.BTC-13MAR20,1583405942717,open,0.05,54.1,0.021,0.07,0.0371825,49.63,0.038,0.0,BTC-13MAR20-9250-P,9094.0,47.59,0.036,4.0,0.039,22.0,52.77,5.27225,-16.61261,-1.18383,0.00059,-0.56462
244.36,SYN.ETH-25SEP20,1583405942723,open,0.77,0.0,0.662,0.8365,0.746592,88.93,None,0.0,ETH-25SEP20-400-P,232.31,0.0,0.0,0.0,0.0,0.0,0.0,0.67008,-0.14615,-1.9182,0.00226,-0.65878
233.83,ETH-27MAR20,1583405942728,open,0.0,8798.0,0.0005,0.014,0.004124,94.97,0.0075,0.0,ETH-27MAR20-160-P,232.31,91.9,0.0035,301.0,0.005,256.0,98.89,0.04955,-0.10756,-0.00621,0.00159,-0.04022
244.36,SYN.ETH-25SEP20,1583405942722,open,1.87,0.0,1.72,1.943,1.824891,97.5,None,0.0,ETH-25SEP20-680-P,232.31,0.0,0.0,0.0,0.0,0.0,0.0,0.42418,-0.10143,-3.65215,0.0013,-0.85086
239.09,ETH-26JUN20,1583405942867,open,0.43,471.0,0.41,0.469,0.439303,87.27,0.543,0.0,ETH-26JUN20-140-C,232.31,51.32,0.417,27.0,0.46,27.0,107.92,0.21455,-0.08294,0.34859,0.00139,0.91076
239.09,ETH-26JUN20,1583405942867,open,0.15,582.0,0.0935,0.1905,0.140349,84.11,0.161,0.0,ETH-26JUN20-220-P,232.31,81.48,0.135,575.0,0.145,575.0,86.39,0.48731,-0.18155,-0.35535,0.00328,-0.34025
244.36,SYN.ETH-25SEP20,1583405942883,open,1.55,0.0,1.4095,1.618,1.508041,95.22,None,0.0,ETH-25SEP20-600-P,232.31,0.0,0.0,0.0,0.0,0.0,0.0,0.48311,-0.11281,-3.17437,0.00152,-0.81766
232.37,SYN.ETH-6MAR20,1583405942891,open,0.01,789.0,0.0005,0.0475,0.019502,71.01,0.0145,0.0,ETH-6MAR20-230-C,232.31,51.89,0.016,217.0,0.0215,180.0,81.68,0.04325,-1.53543,0.00336,0.04701,0.62259
239.09,ETH-26JUN20,1583405942917,open,1.24,0.0,1.123,1.292,1.202434,98.35,None,0.0,ETH-26JUN20-520-P,232.31,0.0,0.01,50.0,0.0,0.0,0.0,0.27472,-0.11969,-1.53552,0.00158,-0.87433
244.36,SYN.ETH-25SEP20,1583405942923,open,0.53,0.0,0.5125,0.5715,0.541499,88.81,0.359,0.0,ETH-25SEP20-120-C,232.31,0.0,0.5085,1.0,0.0,0.0,0.0,0.27218,-0.05928,0.51626,0.00092,0.91974
239.09,ETH-26JUN20,1583405942926,open,0.18,1089.0,0.134,0.231,0.183256,84.06,0.181,0.0,ETH-26JUN20-240-C,232.31,83.02,0.181,581.0,0.1855,1.0,85.1,0.5171,-0.19254,0.30018,0.00348,0.58924
232.37,SYN.ETH-6MAR20,1583405943021,open,0.25,0.0,0.246,0.2895,0.268382,0.0,None,0.0,ETH-6MAR20-170-C,232.31,0.0,0.0,0.0,0.0,0.0,0.0,0.0,0.0,0.00408,0.0,1.0
232.37,SYN.ETH-6MAR20,1583405943021,open,0.62,0.0,0.546,0.6415,0.592345,313.17,None,0.0,ETH-6MAR20-370-P,232.31,0.0,0.0,0.0,0.0,0.0,0.0,0.00058,-0.09011,-0.00887,0.00014,-0.99844
232.37,SYN.ETH-6MAR20,1583405943021,open,0.0,432.0,0.0005,0.0105,0.0,78.36,0.0035,0.0,ETH-6MAR20-170-P,232.31,0.0,0.0,0.0,0.0005,6.0,283.43,0.0,0.0,0.0,0.0,0.0
232.37,SYN.ETH-6MAR20,1583405943021,open,0.0,336.0,0.0005,0.0105,0.0,74.12,0.0015,0.0,ETH-6MAR20-370-C,232.31,0.0,0.0,0.0,0.008,59.0,500.0,0.0,0.0,0.0,0.0,0.0
232.86,SYN.ETH-13MAR20,1583405943024,open,0.44,0.0,0.376,0.462,0.417333,88.68,None,0.0,ETH-13MAR20-330-P,232.31,0.0,0.0,0.0,0.0,0.0,0.0,0.00451,-0.02539,-0.07099,0.00043,-0.99549
232.86,SYN.ETH-13MAR20,1583405943024,open,0.0,141.0,0.0005,0.0105,0.000138,86.48,0.0035,0.0,ETH-13MAR20-330-C,232.31,0.0,0.0,0.0,0.0015,310.0,115.81,0.00375,-0.0206,0.00018,0.00037,0.00367
232.37,SYN.ETH-6MAR20,1583405943026,open,0.0,632.0,0.0005,0.0105,0.0,78.52,0.002,0.0,ETH-6MAR20-160-P,232.31,0.0,0.0,0.0,0.0005,1.0,331.96,0.0,0.0,0.0,0.0,0.0
232.37,SYN.ETH-6MAR20,1583405943026,open,0.3,0.0,0.2905,0.3315,0.311418,0.0,None,0.0,ETH-6MAR20-160-C,232.31,0.0,0.0,0.0,0.0,0.0,0.0,0.0,0.0,0.00384,0.0,1.0
235.46,SYN.ETH-24APR20,1583405943032,open,0.33,0.0,0.3075,0.365,0.336269,88.84,None,0.0,ETH-24APR20-160-C,232.31,33.5,0.3205,25.0,0.355,24.0,115.48,0.14136,-0.12591,0.18459,0.0021,0.90998
235.46,SYN.ETH-24APR20,1583405943034,open,0.27,0.0,0.1995,0.3055,0.251215,84.96,None,0.0,ETH-24APR20-280-P,232.31,75.86,0.239,150.0,1.1955,1.0,500.0,0.32123,-0.27361,-0.29106,0.00499,-0.65343
235.46,SYN.ETH-24APR20,1583405943034,open,0.06,7.0,0.0255,0.086,0.052832,82.97,0.065,0.0,ETH-24APR20-200-P,232.31,80.96,0.0505,216.0,0.0555,471.0,85.25,0.27452,-0.22833,-0.09631,0.00437,-0.24651
232.86,SYN.ETH-13MAR20,1583405943034,open,0.0,461.0,0.0005,0.0105,0.000288,86.22,0.0045,0.0,ETH-13MAR20-320-C,232.31,0.0,0.0,0.0,0.002,323.0,112.42,0.00684,-0.03744,0.00035,0.00068,0.00721
235.46,SYN.ETH-24APR20,1583405943034,open,0.42,0.0,0.3395,0.4525,0.393944,88.01,None,0.0,ETH-24APR20-320-P,232.31,0.0,0.0,0.0,0.0,0.0,0.0,0.2561,-0.22595,-0.37848,0.00384,-0.7824
235.46,SYN.ETH-24APR20,1583405943034,open,0.01,535.0,0.003,0.0325,0.012934,94.9,0.0125,0.0,ETH-24APR20-400-C,232.31,92.46,0.0115,641.0,0.014,1.0,96.63,0.14239,-0.13547,0.02509,0.00198,0.0909
235.46,SYN.ETH-24APR20,1583405943034,open,0.06,19.0,0.0305,0.098,0.062046,84.96,0.053,0.0,ETH-24APR20-280-C,232.31,83.09,0.0595,291.0,0.0645,192.0,86.76,0.32123,-0.27361,0.09154,0.00499,0.34657
232.86,SYN.ETH-13MAR20,1583405943034,open,0.0,5.0,0.0005,0.0105,2.8e-05,96.02,0.001,0.0,ETH-13MAR20-150-P,232.31,0.0,0.0,0.0,0.0005,6.0,128.31,0.00085,-0.00515,-4e-05,8e-05,-0.00071
232.86,SYN.ETH-13MAR20,1583405943034,open,0.4,0.0,0.3345,0.418,0.374537,87.44,None,0.0,ETH-13MAR20-320-P,232.31,0.0,0.0,0.0,0.0,0.0,0.0,0.00747,-0.04146,-0.06866,0.00073,-0.99204
235.46,SYN.ETH-24APR20,1583405943036,open,0.58,0.0,0.494,0.6115,0.549747,91.61,None,0.0,ETH-24APR20-360-P,232.31,0.0,0.0,0.0,0.0,0.0,0.0,0.19288,-0.17714,-0.45387,0.00278,-0.8609
235.46,SYN.ETH-24APR20,1583405943036,open,0.74,0.0,0.654,0.7765,0.711747,94.9,None,0.0,ETH-24APR20-400-P,232.31,0.0,0.0,0.0,0.0,0.0,0.0,0.14239,-0.13547,-0.5215,0.00198,-0.9091
235.46,SYN.ETH-24APR20,1583405943036,open,0.91,0.0,0.817,0.9455,0.877584,99.09,None,0.0,ETH-24APR20-440-P,232.31,0.0,0.0,0.0,0.0,0.0,0.0,0.10873,-0.10801,-0.58358,0.00145,-0.93623
235.46,SYN.ETH-24APR20,1583405943036,open,0.02,541.0,0.006,0.045,0.020814,91.61,0.02,0.0,ETH-24APR20-360-C,232.31,89.35,0.019,639.0,0.022,240.0,93.04,0.19288,-0.17714,0.03806,0.00278,0.1391
235.46,SYN.ETH-24APR20,1583405943036,open,0.03,201.0,0.0125,0.065,0.034893,88.01,0.03,0.0,ETH-24APR20-320-C,232.31,86.25,0.033,494.0,0.0365,192.0,89.48,0.2561,-0.22595,0.05879,0.00384,0.2176
235.46,SYN.ETH-24APR20,1583405943036,open,0.01,724.0,0.0005,0.025,0.008889,99.09,0.0105,0.0,ETH-24APR20-440-C,232.31,95.93,0.0075,593.0,0.01,256.0,101.41,0.10873,-0.10801,0.01766,0.00145,0.06377
232.44,SYN.ETH-7MAR20,1583405943060,open,2.0,0.0005,0.013,0.001386,80.48,0.0025,0.0,ETH-7MAR20-255-C,232.31,66.65,0.0005,176.0,0.0025,151.0,91.94,0.01918,-0.32211,0.00067,0.00858,0.05743
232.44,SYN.ETH-7MAR20,1583405943060,open,0.0,0.0655,0.1345,0.098481,81.0,None,0.0,ETH-7MAR20-255-P,232.31,0.0,0.0785,7.0,0.1295,7.0,235.95,0.0195,-0.42098,-0.01242,0.00867,-0.94135
244.36,SYN.ETH-25SEP20,1583405943191,open,2.52,0.0,2.348,2.6,2.466108,101.16,None,0.0,ETH-25SEP20-840-P,232.31,0.0,0.0,0.0,0.0,0.0,0.0,0.33139,-0.08221,-4.58801,0.00098,-0.8953
239.09,ETH-26JUN20,1583405943193,open,0.31,2759.0,0.274,0.3565,0.316202,85.62,0.31,0.0,ETH-26JUN20-180-C,232.31,79.03,0.306,270.0,0.314,1.0,84.21,0.37453,-0.14205,0.35619,0.00247,0.79794
239.09,ETH-26JUN20,1583405943208,open,0.22,933.0,0.1715,0.267,0.220231,84.12,0.222,0.0,ETH-26JUN20-220-C,232.31,81.07,0.214,603.0,0.225,575.0,86.46,0.48731,-0.18159,0.32497,0.00328,0.65975
233.83,ETH-27MAR20,1583405943208,open,0.43,112.0,0.427,0.4635,0.445125,110.78,0.5185,0.0,ETH-27MAR20-130-C,232.31,0.0,0.444,1.0,0.453,25.0,162.09,0.01621,-0.04104,0.07626,0.00045,0.98928
232.37,SYN.ETH-6MAR20,1583405943208,open,0.0,192.0,0.0005,0.0105,0.0,72.93,0.0005,0.0,ETH-6MAR20-310-C,232.31,0.0,0.0,0.0,0.0005,1.0,253.99,0.0,0.0,0.0,0.0,0.0
244.36,SYN.ETH-25SEP20,1583405943208,open,0.04,30.0,0.015,0.083,0.042112,97.5,0.045,0.0,ETH-25SEP20-680-C,232.31,95.68,0.039,300.0,0.045,200.0,99.14,0.42418,-0.10143,0.14608,0.0013,0.14914
239.09,ETH-26JUN20,1583405943210,open,0.05,5521.0,0.0235,0.095,0.054784,92.82,0.052,0.0,ETH-26JUN20-400-C,232.31,90.56,0.051,602.0,0.0585,292.0,95.0,0.40372,-0.166,0.12955,0.00246,0.23
239.09,ETH-26JUN20,1583405943210,open,0.01,3797.0,0.0035,0.039,0.015294,102.28,0.013,0.0,ETH-26JUN20-640-C,232.31,99.89,0.0135,300.0,0.017,310.0,104.4,0.18626,-0.08439,0.04339,0.00103,0.07398
233.83,ETH-27MAR20,1583405943210,open,0.0,690.0,0.0005,0.0105,0.000145,110.45,0.001,0.0,ETH-27MAR20-110-P,232.31,0.0,0.0,0.0,0.001,59.0,137.61,0.00318,-0.00802,-0.00026,9e-05,-0.00173
244.36,SYN.ETH-25SEP20,1583405943210,open,0.28,502.0,0.232,0.339,0.28676,83.86,0.27,0.0,ETH-25SEP20-220-C,232.31,82.07,0.282,260.0,0.289,220.0,84.71,0.64901,-0.13348,0.54318,0.00232,0.68472
233.83,ETH-27MAR20,1583405943212,open,0.39,662.0,0.3835,0.423,0.402852,103.8,0.479,0.0,ETH-27MAR20-140-C,232.31,0.0,0.401,1.0,0.415,23.0,161.21,0.02285,-0.05421,0.08145,0.00067,0.98405
239.09,ETH-26JUN20,1583405943212,open,0.02,3063.0,0.005,0.0455,0.019065,101.81,0.025,0.0,ETH-26JUN20-600-C,232.31,99.45,0.017,610.0,0.021,300.0,103.9,0.21552,-0.09719,0.05229,0.0012,0.08978
244.36,SYN.ETH-25SEP20,1583405943212,open,0.41,164.0,0.3785,0.4615,0.42052,84.86,0.429,0.0,ETH-25SEP20-160-C,232.31,73.94,0.401,120.0,0.42,120.0,84.58,0.44862,-0.09337,0.56933,0.00159,0.83764
232.37,SYN.ETH-6MAR20,1583405943212,open,0.0,1268.0,0.0005,0.0105,0.0,78.24,0.0005,0.0,ETH-6MAR20-180-P,232.31,0.0,0.0,0.0,0.0005,5.0,237.08,0.0,0.0,0.0,0.0,0.0
244.36,SYN.ETH-25SEP20,1583405943212,open,0.03,232.0,0.0145,0.057,0.032578,88.81,0.037,0.0,ETH-25SEP20-120-P,232.31,88.74,0.0325,1.0,0.033,255.0,89.19,0.27218,-0.05928,-0.15402,0.00092,-0.08026
232.37,SYN.ETH-6MAR20,1583405943214,open,0.0,937.0,0.0005,0.0105,0.0,73.23,0.0005,0.0,ETH-6MAR20-320-C,232.31,0.0,0.0,0.0,0.0005,1.0,277.72,0.0,0.0,0.0,0.0,0.0
244.36,SYN.ETH-25SEP20,1583405943214,open,1.39,0.0,1.2555,1.457,1.350938,93.83,None,0.0,ETH-25SEP20-560-P,232.31,0.0,0.0,0.0,0.0,0.0,0.0,0.51547,-0.11862,-2.9321,0.00165,-0.79727
233.83,ETH-27MAR20,1583405943218,open,0.0,4524.0,0.0005,0.0105,0.000166,109.73,0.001,0.0,ETH-27MAR20-520-C,232.31,0.0,0.0,0.0,0.0015,300.0,137.98,0.00404,-0.01013,0.00029,0.00011,0.00225
239.09,ETH-26JUN20,1583405943220,open,0.75,0.0,0.655,0.807,0.727724,92.78,None,0.0,ETH-26JUN20-400-P,232.31,0.0,0.01,50.0,0.0,0.0,0.0,0.40356,-0.16586,-1.10752,0.00246,-0.77017
233.83,ETH-27MAR20,1583405943222,open,1.26,0.0,1.159,1.2935,1.223908,102.26,None,0.0,ETH-27MAR20-520-P,232.31,0.0,0.006,50.0,0.0,0.0,0.0,0.00207,-0.00484,-0.31151,6e-05,-0.99892
239.09,ETH-26JUN20,1583405943246,open,0.01,901.0,0.004,0.0295,0.013818,90.76,0.0195,0.0,ETH-26JUN20-120-P,232.31,87.63,0.012,355.0,0.016,500.0,94.28,0.14323,-0.05758,-0.04927,0.00089,-0.05281
233.83,ETH-27MAR20,1583405943254,open,0.4,1499.0,0.332,0.428,0.377637,90.47,0.41,0.0,ETH-27MAR20-320-P,232.31,0.0,0.3475,11.0,0.42,11.0,156.42,0.09737,-0.20134,-0.17964,0.00328,-0.90418
233.83,ETH-27MAR20,1583405943257,open,0.0,2430.0,0.0005,0.0115,0.001552,103.53,0.005,0.0,ETH-27MAR20-140-P,232.31,88.49,0.0005,14.0,0.003,370.0,115.56,0.02261,-0.05351,-0.00243,0.00067,-0.01576
244.36,SYN.ETH-25SEP20,1583405943257,open,0.49,274.0,0.395,0.551,0.471495,86.48,0.495,0.0,ETH-25SEP20-320-P,232.31,86.31,0.471,250.0,0.493,264.0,93.71,0.72536,-0.15384,-1.37715,0.00251,-0.53747
239.09,ETH-26JUN20,1583405943271,open,0.13,1598.0,0.0845,0.1805,0.131893,86.65,0.134,0.0,ETH-26JUN20-280-C,232.31,84.43,0.127,591.0,0.1365,271.0,88.73,0.52843,-0.20283,0.24658,0.00345,0.46539
233.83,ETH-27MAR20,1583405943273,open,1.44,0.0,1.3255,1.4695,1.394863,0.0,None,0.0,ETH-27MAR20-560-P,232.31,0.0,0.02,50.0,0.0,0.0,0.0,0.0,0.0,-0.33563,0.0,-1.0
232.37,SYN.ETH-6MAR20,1583405943271,open,0.32,0.0,0.2535,0.332,0.291091,179.58,None,0.0,ETH-6MAR20-300-P,232.31,0.0,0.0,0.0,0.0,0.0,0.0,0.00076,-0.06823,-0.00719,0.00033,-0.99788
244.36,SYN.ETH-25SEP20,1583405943273,open,1.07,0.0,0.9545,1.1445,1.045588,92.5,None,0.0,ETH-25SEP20-480-P,232.31,0.0,0.0,0.0,0.0,0.0,0.0,0.59707,-0.13544,-2.43166,0.00194,-0.73597
244.36,SYN.ETH-25SEP20,1583405943275,open,0.11,1077.0,0.066,0.1525,0.107022,84.43,0.113,0.0,ETH-25SEP20-180-P,232.31,82.57,0.103,516.0,0.112,550.0,86.72,0.52908,-0.10955,-0.43526,0.00188,-0.21187
233.83,ETH-27MAR20,1583405943277,open,0.61,67.0,0.6035,0.6265,0.61513,119.09,0.673,0.0,ETH-27MAR20-90-C,232.31,0.0,0.0,0.0,0.0,0.0,0.0,0.00066,-0.00179,0.05389,2e-05,0.99969
239.09,ETH-26JUN20,1583405943306,open,0.45,143.0,0.367,0.5055,0.434658,88.77,0.49,0.0,ETH-26JUN20-320-P,232.31,64.65,0.387,14.0,0.4875,14.0,113.32,0.50001,-0.19661,-0.79047,0.00319,-0.63444
232.37,SYN.ETH-6MAR20,1583405943306,open,0.12,2.0,0.113,0.1645,0.139273,0.0,0.108,0.0,ETH-6MAR20-200-C,232.31,0.0,0.118,17.0,0.151,17.0,307.34,0.0,0.0,0.0048,0.0,1.0
233.83,ETH-27MAR20,1583405943310,open,0.11,2214.0,0.056,0.1325,0.092845,79.92,0.115,0.0,ETH-27MAR20-240-P,232.31,78.03,0.091,144.0,0.098,253.0,85.2,0.22823,-0.41689,-0.08506,0.00872,-0.51408
233.83,ETH-27MAR20,1583405943310,open,0.0,1834.0,0.0005,0.0105,4e-05,110.45,0.001,0.0,ETH-27MAR20-100-P,232.31,0.0,0.0,0.0,0.001,660.0,153.59,0.00107,-0.00269,-8e-05,3e-05,-0.00053
233.83,ETH-27MAR20,1583405943326,open,0.0,1277.0,0.0005,0.0105,9e-06,110.46,0.001,0.0,ETH-27MAR20-90-P,232.31,0.0,0.0,0.0,0.0005,201.0,157.21,0.00028,-0.0007,-2e-05,1e-05,-0.00012
244.36,SYN.ETH-25SEP20,1583405943333,open,1.71,0.0,1.565,1.781,1.66675,96.79,None,0.0,ETH-25SEP20-640-P,232.31,0.0,0.0,0.0,0.0,0.0,0.0,0.45546,-0.10812,-3.41302,0.00141,-0.83381
232.37,SYN.ETH-6MAR20,1583405943333,open,0.0,835.0,0.0005,0.0105,4.5e-05,77.92,0.001,0.0,ETH-6MAR20-210-P,232.31,0.0,0.0,0.0,0.001,5.0,120.77,0.00128,-0.01044,-2e-05,0.00127,-0.00378
233.83,ETH-27MAR20,1583405943339,open,0.48,188.0,0.471,0.5035,0.487255,111.1,0.48,0.0,ETH-27MAR20-120-C,232.31,0.0,0.0,0.0,0.0,0.0,0.0,0.00801,-0.02033,0.07118,0.00022,0.99518
239.09,ETH-26JUN20,1583405943341,open,0.11,922.0,0.0605,0.144,0.100006,84.11,0.119,0.0,ETH-26JUN20-200-P,232.31,81.38,0.095,590.0,0.104,590.0,86.28,0.43888,-0.16352,-0.27291,0.00295,-0.2691
244.36,SYN.ETH-25SEP20,1583405943341,open,0.36,176.0,0.323,0.416,0.370404,84.43,0.397,0.0,ETH-25SEP20-180-C,232.31,80.53,0.362,286.0,0.371,120.0,84.7,0.52908,-0.10955,0.57016,0.00188,0.78813
232.37,SYN.ETH-6MAR20,1583405943341,open,0.1,182.0,0.045,0.11,0.076135,72.65,0.092,0.0,ETH-6MAR20-250-P,232.31,0.0,0.074,60.0,0.0795,60.0,125.32,0.0057,-0.20707,-0.00588,0.00606,-0.97918
239.09,ETH-26JUN20,1583405943358,open,0.07,1789.0,0.037,0.1065,0.069025,85.6,0.0765,0.0,ETH-26JUN20-180-P,232.31,84.95,0.068,5.0,0.071,583.0,86.86,0.3745,-0.142,-0.20042,0.00247,-0.20204
239.09,ETH-26JUN20,1583405943358,open,0.0,1908.0,0.0005,0.0105,0.000473,98.0,0.0005,0.0,ETH-26JUN20-60-P,232.31,0.0,0.0,0.0,0.002,300.0,118.01,0.01026,-0.00445,-0.00219,6e-05,-0.00248
233.83,ETH-27MAR20,1583405943358,open,0.0,7919.0,0.0005,0.0105,9e-06,109.82,0.0005,0.0,ETH-27MAR20-640-C,232.31,0.0,0.0,0.0,0.001,300.0,159.57,0.00034,-0.00085,2e-05,1e-05,0.00015
244.36,SYN.ETH-25SEP20,1583405943358,open,0.06,731.0,0.0245,0.1055,0.059237,93.83,0.051,0.0,ETH-25SEP20-560-C,232.31,92.52,0.0565,295.0,0.063,200.0,95.6,0.51547,-0.11862,0.19586,0.00165,0.20273
244.36,SYN.ETH-25SEP20,1583405943358,open,0.92,0.0,0.806,0.989,0.894161,90.68,None,0.0,ETH-25SEP20-440-P,232.31,0.0,0.0,0.0,0.0,0.0,0.0,0.63345,-0.14087,-2.17805,0.00209,-0.70159
244.36,SYN.ETH-25SEP20,1583405943358,open,0.01,500.0,0.0005,0.0195,0.008606,92.77,0.008,0.0,ETH-25SEP20-80-P,232.31,88.92,0.007,300.0,0.0105,56.0,96.86,0.10733,-0.02442,-0.0461,0.00035,-0.02517
239.09,ETH-26JUN20,1583405943361,open,0.01,413.0,0.0025,0.033,0.012055,106.38,0.011,0.0,ETH-26JUN20-720-C,232.31,104.71,0.011,1.0,0.013,309.0,107.8,0.1552,-0.07313,0.03432,0.00083,0.05847
233.83,ETH-27MAR20,1583405943363,open,0.0,4556.0,0.0005,0.0125,0.00273,108.27,0.0035,0.0,ETH-27MAR20-400-C,232.31,103.34,0.002,79.0,0.0035,550.0,112.64,0.03807,-0.09422,0.00371,0.00107,0.02919
244.36,SYN.ETH-25SEP20,1583405943363,open,2.03,0.0,1.876,2.105,1.983537,97.96,None,0.0,ETH-25SEP20-720-P,232.31,0.0,0.0,0.0,0.0,0.0,0.0,0.39351,-0.09454,-3.89002,0.0012,-0.86649
239.09,ETH-26JUN20,1583405943366,open,0.75,42.0,0.74,0.7595,0.749532,98.24,0.7865,0.0,ETH-26JUN20-60-C,232.31,0.0,0.01,50.0,0.0,0.0,0.0,0.01042,-0.00453,0.18332,6e-05,0.99747
244.36,SYN.ETH-25SEP20,1583405943366,open,0.16,534.0,0.106,0.219,0.161952,86.48,0.167,0.0,ETH-25SEP20-320-C,232.31,85.15,0.158,275.0,0.165,220.0,87.51,0.72536,-0.15384,0.41026,0.00251,0.46253
244.36,SYN.ETH-25SEP20,1583405943366,open,0.09,490.0,0.0485,0.1465,0.093539,90.68,0.099,0.0,ETH-25SEP20-440-C,232.31,89.11,0.0895,287.0,0.097,210.0,92.01,0.63345,-0.14087,0.27963,0.00209,0.29841
233.83,ETH-27MAR20,1583405943368,open,0.0,385.0,0.0005,0.0105,0.0,110.47,0.0005,0.0,ETH-27MAR20-70-P,232.31,0.0,0.0,0.0,0.0005,591.0,196.34,1e-05,-2e-05,0.0,0.0,0.0
244.36,SYN.ETH-25SEP20,1583405943368,open,0.2,1097.0,0.144,0.2585,0.201765,85.46,0.202,0.0,ETH-25SEP20-280-C,232.31,84.03,0.1975,270.0,0.205,220.0,86.56,0.72448,-0.15185,0.46479,0.00254,0.54229
239.09,ETH-26JUN20,1583405943378,open,0.03,750.0,0.0115,0.0675,0.033674,96.36,0.03,0.0,ETH-26JUN20-480-C,232.31,94.27,0.031,299.0,0.036,310.0,98.12,0.3112,-0.13283,0.08665,0.00183,0.15087
232.37,SYN.ETH-6MAR20,1583405943387,open,0.0,1567.0,0.0005,0.0105,0.000226,70.73,0.0015,0.0,ETH-6MAR20-250-C,232.31,0.0,0.0,0.0,0.001,300.0,91.46,0.00508,-0.05243,0.0001,0.00554,0.01816
244.36,SYN.ETH-25SEP20,1583405943434,open,0.13,872.0,0.08,0.189,0.132642,87.83,0.1295,0.0,ETH-25SEP20-360-C,232.31,86.38,0.1285,280.0,0.136,210.0,88.99,0.70398,-0.15163,0.3603,0.0024,0.39662
232.86,SYN.ETH-13MAR20,1583405943434,open,0.0,786.0,0.0005,0.0115,0.0016,95.44,0.0025,0.0,ETH-13MAR20-180-P,232.31,88.22,0.001,340.0,0.0025,71.0,103.68,0.02216,-0.13424,-0.0015,0.00198,-0.02827
232.86,SYN.ETH-13MAR20,1583405943434,open,0.01,485.0,0.001,0.0305,0.010589,77.21,0.011,0.0,ETH-13MAR20-210-P,232.31,75.59,0.01,240.0,0.0115,1.0,79.66,0.08543,-0.41878,-0.0089,0.00946,-0.16657
244.36,SYN.ETH-25SEP20,1583405943436,open,0.07,388.0,0.0305,0.1165,0.068201,92.78,0.062,0.0,ETH-25SEP20-520-C,232.31,90.9,0.064,493.0,0.072,200.0,94.44,0.5531,-0.12586,0.21939,0.00179,0.22893
244.36,SYN.ETH-25SEP20,1583405943436,open,0.02,419.0,0.0065,0.034,0.017323,89.45,0.0155,0.0,ETH-25SEP20-100-P,232.31,86.21,0.015,300.0,0.02,302.0,92.96,0.18045,-0.03959,-0.08832,0.0006,-0.04739
232.86,SYN.ETH-13MAR20,1583405943439,open,0.27,0.0,0.2095,0.289,0.247176,81.87,None,0.0,ETH-13MAR20-290-P,232.31,0.0,0.0,0.0,0.0,0.0,0.0,0.02876,-0.14948,-0.06071,0.003,-0.96119
232.86,SYN.ETH-13MAR20,1583405943439,open,0.0,23.0,0.0005,0.0105,0.000137,95.76,0.002,0.0,ETH-13MAR20-160-P,232.31,0.0,0.0,0.0,0.001,6.0,122.48,0.00321,-0.01953,-0.00016,0.00029,-0.00309
232.86,SYN.ETH-13MAR20,1583405943439,open,0.01,1287.0,0.0005,0.02,0.005455,81.86,0.009,0.0,ETH-13MAR20-200-P,232.31,77.77,0.0045,600.0,0.0065,102.0,85.99,0.05671,-0.2947,-0.00492,0.00592,-0.09254
232.86,SYN.ETH-13MAR20,1583405943439,open,0.0,559.0,0.0005,0.013,0.002665,86.55,0.007,0.0,ETH-13MAR20-190-P,232.31,81.67,0.002,606.0,0.0035,102.0,91.83,0.0342,-0.18792,-0.00255,0.00338,-0.0481
232.86,SYN.ETH-13MAR20,1583405943439,open,0.01,479.0,0.0025,0.0415,0.017624,74.48,0.019,0.0,ETH-13MAR20-250-C,232.31,72.18,0.0165,240.0,0.018,1.0,75.25,0.11436,-0.54077,0.01299,0.01312,0.27611
232.86,SYN.ETH-13MAR20,1583405943439,open,0.0,314.0,0.0005,0.016,0.003514,81.54,0.003,0.0,ETH-13MAR20-280-C,232.31,75.91,0.0025,651.0,0.0045,311.0,86.25,0.04569,-0.23652,0.00332,0.00479,0.06953
232.37,SYN.ETH-6MAR20,1583405943441,open,0.49,0.0,0.421,0.508,0.463236,259.73,None,0.0,ETH-6MAR20-340-P,232.31,0.0,0.0,0.0,0.0,0.0,0.0,0.00062,-0.08105,-0.00815,0.00019,-0.9983
232.86,SYN.ETH-13MAR20,1583405943441,open,0.19,0.0,0.1275,0.2055,0.164979,77.17,None,0.0,ETH-13MAR20-270-P,232.31,0.0,0.0,0.0,0.0,0.0,0.0,0.06258,-0.30659,-0.05321,0.00693,-0.89412
232.86,SYN.ETH-13MAR20,1583405943441,open,0.0,42.0,0.0005,0.0105,0.00052,95.56,0.001,0.0,ETH-13MAR20-170-P,232.31,0.0,0.0,0.0,0.0015,5.0,112.0,0.00943,-0.05723,-0.00055,0.00084,-0.0104
232.86,SYN.ETH-13MAR20,1583405943441,open,0.0,218.0,0.0005,0.011,0.001134,85.27,0.002,0.0,ETH-13MAR20-300-C,232.31,75.87,0.0005,57.0,0.002,300.0,93.63,0.01999,-0.10821,0.0012,0.002,0.025
232.86,SYN.ETH-13MAR20,1583405943441,open,0.23,0.0,0.1685,0.2475,0.205982,81.71,None,0.0,ETH-13MAR20-280-P,232.31,0.0,0.0,0.0,0.0,0.0,0.0,0.04591,-0.23816,-0.05708,0.0048,-0.93003
232.86,SYN.ETH-13MAR20,1583405943444,open,0.1,1.0,0.0765,0.1395,0.108738,77.14,0.1005,0.0,ETH-13MAR20-210-C,232.31,0.0,0.098,21.0,0.1305,20.0,127.45,0.08537,-0.41811,0.03642,0.00946,0.83361
232.86,SYN.ETH-13MAR20,1583405943444,open,0.03,268.0,0.008,0.0585,0.030534,74.3,0.031,0.0,ETH-13MAR20-240-C,232.31,70.73,0.0285,180.0,0.0325,269.0,77.73,0.13313,-0.62797,0.01917,0.01532,0.41211
232.86,SYN.ETH-13MAR20,1583405943444,open,0.36,0.0,0.293,0.375,0.331893,86.68,None,0.0,ETH-13MAR20-310-P,232.31,0.0,0.0,0.0,0.0,0.0,0.0,0.01258,-0.06923,-0.06619,0.00124,-0.9855
232.86,SYN.ETH-13MAR20,1583405943446,open,0.31,0.0,0.251,0.332,0.289493,85.68,None,0.0,ETH-13MAR20-300-P,232.31,0.0,0.0,0.0,0.0,0.0,0.0,0.02038,-0.11086,-0.06351,0.00203,-0.97442
232.86,SYN.ETH-13MAR20,1583405943446,open,0.0,259.0,0.0005,0.0205,0.005456,77.05,0.005,0.0,ETH-13MAR20-270-C,232.31,75.32,0.005,300.0,0.006,1.0,79.04,0.06241,-0.30532,0.00503,0.00692,0.1055
232.86,SYN.ETH-13MAR20,1583405943446,open,0.03,718.0,0.004,0.047,0.0209,75.5,0.021,0.0,ETH-13MAR20-220-P,232.31,72.68,0.0195,240.0,0.023,278.0,79.68,0.11615,-0.55673,-0.01538,0.01315,-0.28511
9116.67,SYN.BTC-13MAR20,1583405943451,open,0.01,218.4,0.0005,0.019,0.00427595,56.06,0.0045,0.0,BTC-13MAR20-8250-P,9094.0,53.03,0.0035,30.0,0.0045,30.0,56.89,2.43306,-8.65928,-0.21472,0.00024,-0.10488
9116.67,SYN.BTC-13MAR20,1583405943453,open,0.01,218.4,0.0005,0.019,0.00427595,56.06,0.0045,0.0,BTC-13MAR20-8250-P,9094.0,53.03,0.0035,36.1,0.0045,30.0,56.89,2.43306,-8.65928,-0.21472,0.00024,-0.10488
9116.67,SYN.BTC-13MAR20,1583405943455,open,0.01,218.4,0.0005,0.019,0.00427595,56.06,0.0045,0.0,BTC-13MAR20-8250-P,9094.0,53.03,0.0035,56.1,0.0045,30.0,56.89,2.43306,-8.65928,-0.21472,0.00024,-0.10488
9157.77,BTC-27MAR20,1583405943532,open,0.03,382.6,0.0225,0.0685,0.03736387,54.33,0.037,0.0,BTC-27MAR20-9500-C,9094.0,52.9,0.036,47.5,0.0385,38.4,55.51,8.75016,-10.86515,2.08411,0.00032,0.41708
239.09,ETH-26JUN20,1583405943580,open,0.01,729.0,0.0005,0.0175,0.007074,95.57,0.0065,0.0,ETH-26JUN20-100-P,232.31,90.91,0.0055,301.0,0.009,300.0,100.57,0.08627,-0.03652,-0.02618,0.00051,-0.02833
233.83,ETH-27MAR20,1583405943580,open,0.16,3220.0,0.134,0.2005,0.16796,82.26,0.162,0.0,ETH-27MAR20-200-C,232.31,67.93,0.159,247.0,0.172,238.0,88.22,0.15551,-0.29238,0.08993,0.00577,0.80967
233.83,ETH-27MAR20,1583405943580,open,0.0,2064.0,0.0005,0.0105,6.3e-05,109.77,0.0005,0.0,ETH-27MAR20-560-C,232.31,0.0,0.0,0.0,0.0015,365.0,148.51,0.00178,-0.00447,0.00012,5e-05,0.00092
233.83,ETH-27MAR20,1583405943580,open,0.0,1491.0,0.0005,0.0105,0.000426,110.44,0.001,0.0,ETH-27MAR20-120-P,232.31,0.0,0.0,0.0,0.0015,359.0,130.32,0.00773,-0.0195,-0.00071,0.00021,-0.00463
244.36,SYN.ETH-25SEP20,1583405943580,open,2.36,0.0,2.1905,2.435,2.30517,100.36,None,0.0,ETH-25SEP20-800-P,232.31,0.0,0.0,0.0,0.0,0.0,0.0,0.35203,-0.08664,-4.35581,0.00105,-0.88612
244.36,SYN.ETH-25SEP20,1583405943580,open,0.68,1.0,0.666,0.698,0.68122,92.77,0.684,0.0,ETH-25SEP20-80-C,232.31,0.0,0.62,1.0,0.0,0.0,0.0,0.10733,-0.02442,0.40075,0.00035,0.97483
244.36,SYN.ETH-25SEP20,1583405943580,open,0.03,2.0,0.0085,0.063,0.028557,101.16,0.031,0.0,ETH-25SEP20-840-C,232.31,99.22,0.026,500.0,0.031,200.0,102.92,0.33139,-0.08221,0.10392,0.00098,0.1047
235.46,SYN.ETH-24APR20,1583405943580,open,0.04,473.0,0.0195,0.0795,0.046296,86.43,0.05,0.0,ETH-24APR20-300-C,232.31,84.15,0.0435,535.0,0.0485,192.0,88.21,0.29031,-0.25155,0.07351,0.00443,0.27478
235.46,SYN.ETH-24APR20,1583405943580,open,0.34,0.0,0.267,0.377,0.320406,86.43,None,0.0,ETH-24APR20-300-P,232.31,0.0,0.0,0.0,0.0,0.0,0.0,0.29031,-0.25155,-0.33643,0.00443,-0.72522
232.37,SYN.ETH-6MAR20,1583405943582,open,0.53,0.0,0.4625,0.5525,0.506273,278.1,None,0.0,ETH-6MAR20-350-P,232.31,0.0,0.0,0.0,0.0,0.0,0.0,0.0006,-0.08411,-0.00839,0.00017,-0.99835
244.36,SYN.ETH-25SEP20,1583405943582,open,0.03,37.0,0.011,0.0725,0.034591,99.59,0.033,0.0,ETH-25SEP20-760-C,232.31,97.87,0.032,300.0,0.037,200.0,101.13,0.37509,-0.09161,0.12285,0.00113,0.12459
239.09,ETH-26JUN20,1583405943589,open,0.0,2429.0,0.0005,0.0125,0.002538,98.0,0.003,0.0,ETH-26JUN20-80-P,232.31,90.61,0.0015,358.0,0.004,300.0,105.68,0.0393,-0.01706,-0.0102,0.00023,-0.01126
244.36,SYN.ETH-25SEP20,1583405943589,open,0.11,499.0,0.061,0.164,0.109663,88.93,0.114,0.0,ETH-25SEP20-400-C,232.31,87.96,0.107,284.0,0.113,210.0,90.15,0.67008,-0.14615,0.31605,0.00226,0.34122
239.09,ETH-26JUN20,1583405943593,open,1.91,0.0,1.7655,1.9625,1.857774,104.59,None,0.0,ETH-26JUN20-680-P,232.31,0.0,0.0,0.0,0.0,0.0,0.0,0.17058,-0.07903,-2.06419,0.00092,-0.93401
232.37,SYN.ETH-6MAR20,1583405943598,open,0.14,203.0,0.0865,0.154,0.118952,85.96,0.135,0.0,ETH-6MAR20-260-P,232.31,0.0,0.1,21.0,0.148,13.0,357.37,0.00137,-0.05872,-0.00622,0.00123,-0.99594
232.37,SYN.ETH-6MAR20,1583405943605,open,0.17,0.0,0.1575,0.2065,0.182309,0.0,None,0.0,ETH-6MAR20-190-C,232.31,0.0,0.0,0.0,0.0,0.0,0.0,0.0,0.0,0.00456,0.0,1.0
232.37,SYN.ETH-6MAR20,1583405943608,open,0.0,691.0,0.0005,0.0105,0.0,71.79,0.0005,0.0,ETH-6MAR20-280-C,232.31,0.0,0.0,0.0,0.0005,5.0,175.35,0.0,0.0,0.0,0.0,0.0
9157.77,BTC-27MAR20,1583405943688,open,0.03,382.6,0.0225,0.0685,0.03736387,54.33,0.037,0.0,BTC-27MAR20-9500-C,9094.0,52.9,0.036,47.5,0.0385,71.8,55.51,8.75016,-10.86515,2.08411,0.00032,0.41708
232.37,SYN.ETH-6MAR20,1583405943696,open,0.0,541.0,0.0005,0.0105,0.0,72.17,0.0005,0.0,ETH-6MAR20-290-C,232.31,0.0,0.0,0.0,0.0005,5.0,202.97,0.0,0.0,0.0,0.0,0.0
239.09,ETH-26JUN20,1583405943700,open,0.03,876.0,0.0095,0.047,0.024837,87.25,0.028,0.0,ETH-26JUN20-140-P,232.31,85.17,0.023,300.0,0.027,600.0,89.62,0.21449,-0.08289,-0.08432,0.00139,-0.0892
233.83,ETH-27MAR20,1583405943700,open,0.52,54.0,0.5155,0.544,0.529738,111.86,0.5285,0.0,ETH-27MAR20-110-C,232.31,0.0,0.0,0.0,0.0,0.0,0.0,0.0035,-0.00895,0.06563,0.0001,0.99808
244.36,SYN.ETH-25SEP20,1583405943700,open,0.0,678.0,0.0005,0.0135,0.003599,97.81,0.0045,0.0,ETH-25SEP20-60-P,232.31,92.21,0.0025,300.0,0.005,300.0,103.61,0.05335,-0.0128,-0.02008,0.00016,-0.01111
244.36,SYN.ETH-25SEP20,1583405943700,open,0.47,17.0,0.4415,0.512,0.476798,85.59,0.49,0.0,ETH-25SEP20-140-C,232.31,57.74,0.442,120.0,0.491,120.0,94.96,0.35864,-0.07528,0.55456,0.00126,0.8831
244.36,SYN.ETH-25SEP20,1583405943700,open,0.75,5.0,0.748,0.7695,0.758059,97.81,0.769,0.0,ETH-25SEP20-60-C,232.31,0.0,0.023,20.0,0.7905,3.0,167.78,0.05335,-0.0128,0.31506,0.00016,0.98889
232.37,SYN.ETH-6MAR20,1583405943700,open,0.36,0.0,0.2955,0.3755,0.334127,200.73,None,0.0,ETH-6MAR20-310-P,232.31,0.0,0.0,0.0,0.0,0.0,0.0,0.00071,-0.07155,-0.00743,0.00027,-0.99803
232.37,SYN.ETH-6MAR20,1583405943700,open,0.45,0.0,0.379,0.464,0.4202,240.75,None,0.0,ETH-6MAR20-330-P,232.31,0.0,0.0,0.0,0.0,0.0,0.0,0.00065,-0.07794,-0.00791,0.00021,-0.99822
233.83,ETH-27MAR20,1583405943702,open,0.74,5.0,0.6615,0.7715,0.713301,107.82,0.42,0.0,ETH-27MAR20-400-P,232.31,0.0,0.0,0.0,0.835,1.0,299.0,0.03742,-0.09222,-0.2361,0.00106,-0.97141
233.83,ETH-27MAR20,1583405943702,open,0.7,75.0,0.691,0.7105,0.70065,142.41,0.739,0.0,ETH-27MAR20-70-C,232.31,0.0,0.0,0.0,0.0,0.0,0.0,0.00031,-0.00101,0.04193,1e-05,0.99986
232.37,SYN.ETH-6MAR20,1583405943702,open,0.58,0.0,0.5045,0.597,0.549309,295.9,None,0.0,ETH-6MAR20-360-P,232.31,0.0,0.0,0.0,0.0,0.0,0.0,0.00059,-0.08712,-0.00863,0.00015,-0.9984
244.36,SYN.ETH-25SEP20,1583405943704,open,0.32,290.0,0.2735,0.3745,0.325369,83.86,0.332,0.0,ETH-25SEP20-200-C,232.31,81.46,0.3195,258.0,0.327,220.0,84.53,0.5963,-0.12264,0.56134,0.00213,0.73663
239.09,ETH-26JUN20,1583405943708,open,0.91,0.0,0.8095,0.969,0.885354,96.3,None,0.0,ETH-26JUN20-440-P,232.31,0.0,0.01,50.0,0.0,0.0,0.0,0.36291,-0.1548,-1.25218,0.00213,-0.80819
233.83,ETH-27MAR20,1583405943710,open,0.0,3680.0,0.0005,0.0105,0.000433,109.65,0.0005,0.0,ETH-27MAR20-480-C,232.31,0.0,0.0,0.0,0.0015,400.0,126.43,0.00896,-0.02246,0.00071,0.00025,0.00547
233.83,ETH-27MAR20,1583405943713,open,0.01,3376.0,0.0005,0.0255,0.009904,87.14,0.01,0.0,ETH-27MAR20-180-P,232.31,84.84,0.009,498.0,0.011,265.0,89.81,0.09391,-0.18704,-0.01417,0.00329,-0.09124
232.37,SYN.ETH-6MAR20,1583405943722,open,0.0,20.0,0.0005,0.0105,0.0,73.85,0.0005,0.0,ETH-6MAR20-350-C,232.31,0.0,0.0,0.0,0.008,59.0,500.0,0.0,0.0,0.0,0.0,0.0
232.37,SYN.ETH-6MAR20,1583405943725,open,0.4,0.0,0.337,0.4195,0.377164,221.1,None,0.0,ETH-6MAR20-320-P,232.31,0.0,0.0,0.0,0.0,0.0,0.0,0.00068,-0.07478,-0.00767,0.00024,-0.99814
232.37,SYN.ETH-6MAR20,1583405943742,open,0.0,1129.0,0.0005,0.0105,6e-06,71.06,0.001,0.0,ETH-6MAR20-260-C,232.31,0.0,0.0,0.0,0.0015,372.0,139.28,0.00026,-0.00143,0.0,0.00029,0.00066
244.36,SYN.ETH-25SEP20,1583405943742,open,2.68,0.0,2.5055,2.766,2.627787,102.22,None,0.0,ETH-25SEP20-880-P,232.31,0.0,0.0,0.0,0.0,0.0,0.0,0.31496,-0.07896,-4.81832,0.00092,-0.90236
233.83,ETH-27MAR20,1583405943768,open,0.0,3373.0,0.0005,0.011,0.001129,109.54,0.002,0.0,ETH-27MAR20-440-C,232.31,99.64,0.0005,108.0,0.0025,309.0,121.94,0.01929,-0.04829,0.00168,0.00054,0.0131
239.09,ETH-26JUN20,1583405943768,open,1.57,0.0,1.443,1.6255,1.528577,101.8,None,0.0,ETH-26JUN20-600-P,232.31,0.0,0.01,50.0,0.0,0.0,0.0,0.21551,-0.09718,-1.80321,0.0012,-0.91023
239.09,ETH-26JUN20,1583405943771,open,0.03,466.0,0.0085,0.0585,0.027608,98.43,0.023,0.0,ETH-26JUN20-520-C,232.31,96.11,0.025,610.0,0.03,610.0,100.47,0.27513,-0.11996,0.0727,0.00158,0.12594
239.09,ETH-26JUN20,1583405943782,open,0.05,1227.0,0.0195,0.072,0.042585,85.61,0.052,0.0,ETH-26JUN20-160-P,232.31,83.5,0.04,300.0,0.0455,294.0,87.95,0.29548,-0.11205,-0.13477,0.00195,-0.13968
232.37,SYN.ETH-6MAR20,1583405943782,open,0.27,0.0,0.212,0.288,0.248054,157.54,None,0.0,ETH-6MAR20-290-P,232.31,0.0,0.0,0.0,0.0,0.0,0.0,0.00082,-0.06477,-0.00694,0.0004,-0.99769
233.83,ETH-27MAR20,1583405943785,open,0.0,960.0,0.0005,0.011,0.00106,110.44,0.0025,0.0,ETH-27MAR20-130-P,232.31,100.09,0.0005,45.0,0.002,358.0,121.47,0.01597,-0.04031,-0.00163,0.00044,-0.01054
244.36,SYN.ETH-25SEP20,1583405943788,open,0.25,414.0,0.1965,0.307,0.252838,83.86,0.255,0.0,ETH-25SEP20-240-C,232.31,82.32,0.2485,294.0,0.256,220.0,84.99,0.68717,-0.14133,0.52007,0.00246,0.63387
244.36,SYN.ETH-25SEP20,1583405943799,open,1.23,0.0,1.103,1.2985,1.196209,92.78,None,0.0,ETH-25SEP20-520-P,232.31,0.0,0.0,0.0,0.0,0.0,0.0,0.5531,-0.12586,-2.68515,0.00179,-0.77107
244.36,SYN.ETH-25SEP20,1583405943799,open,0.04,1705.0,0.018,0.0905,0.047663,96.79,0.048,0.0,ETH-25SEP20-640-C,232.31,95.89,0.046,2.0,0.049,200.0,97.5,0.45546,-0.10812,0.16178,0.00141,0.16619
9452.05,BTC-26JUN20,1583405944018,open,0.21,256.9,0.1895,0.2585,0.22153652,64.26,0.199,0.0,BTC-26JUN20-8000-C,9094.0,60.89,0.2155,32.4,0.224,21.4,65.62,17.02665,-4.8463,15.17465,0.0001,0.74068
232.44,SYN.ETH-7MAR20,1583405944140,open,0.0,0.0655,0.1345,0.098438,81.0,None,0.0,ETH-7MAR20-255-P,232.31,0.0,0.0785,7.0,0.129,7.0,234.0,0.0195,-0.42098,-0.01242,0.00867,-0.94135
233.83,ETH-27MAR20,1583405944306,open,0.32,0.0,0.2525,0.347,0.297798,87.86,None,0.0,ETH-27MAR20-300-P,232.31,0.0,0.0,0.0,0.437,1.0,249.46,0.13146,-0.26399,-0.16133,0.00457,-0.85337
233.83,ETH-27MAR20,1583405944306,open,0.0,10.0,0.0005,0.0125,0.00295,101.11,0.0065,0.0,ETH-27MAR20-380-C,232.31,95.2,0.002,356.0,0.004,540.0,106.4,0.04218,-0.09749,0.00422,0.00127,0.03304
233.83,ETH-27MAR20,1583405944306,open,0.01,43.0,0.0005,0.0195,0.006039,94.05,0.0085,0.0,ETH-27MAR20-340-C,232.31,88.71,0.0045,557.0,0.0075,541.0,98.46,0.07295,-0.1568,0.00832,0.00237,0.06542
233.83,ETH-27MAR20,1583405944306,open,0.66,0.0,0.5785,0.6835,0.628062,101.11,None,0.0,ETH-27MAR20-380-P,232.31,0.0,0.0,0.0,0.0,0.0,0.0,0.04218,-0.09749,-0.22353,0.00127,-0.96696
233.83,ETH-27MAR20,1583405944306,open,0.01,1054.0,0.003,0.0355,0.014815,87.86,0.011,0.0,ETH-27MAR20-300-C,232.31,84.55,0.013,538.0,0.0165,538.0,90.79,0.13146,-0.26399,0.01847,0.00457,0.14663
9157.77,BTC-27MAR20,1583405944487,open,0.01,593.4,0.004,0.0335,0.01366885,58.17,0.0135,0.0,BTC-27MAR20-10500-C,9094.0,57.14,0.013,83.3,0.014,0.1,58.67,6.02317,-8.00803,0.95099,0.00021,0.18694
235.45,SYN.ETH-24APR20,1583405944733,open,0.25,0.0,0.231,0.299,0.265323,85.09,None,0.0,ETH-24APR20-180-C,232.31,40.9,0.2375,24.0,0.2895,24.0,110.32,0.20829,-0.17768,0.18617,0.00323,0.84399
235.45,SYN.ETH-24APR20,1583405944733,open,0.4,40.0,0.39,0.4375,0.413305,94.21,0.415,0.0,ETH-24APR20-140-C,232.31,50.29,0.4055,26.0,0.427,25.0,122.86,0.08655,-0.08175,0.17339,0.00121,0.95223
235.45,SYN.ETH-24APR20,1583405944733,open,0.01,649.0,0.0005,0.02,0.007889,94.14,0.0075,0.0,ETH-24APR20-140-P,232.31,91.65,0.007,540.0,0.009,1.0,97.07,0.08642,-0.08156,-0.01788,0.00121,-0.04768
9157.77,BTC-27MAR20,1583405944782,open,2.34,0.0,2.212,2.343,2.27589292,0.0,None,0.0,BTC-27MAR20-30000-P,9094.0,0.0,0.0005,1.0,0.0,0.0,0.0,0.0,0.0,-17.98002,0.0,-1.0
9096.55,SYN.BTC-6MAR20,1583405944789,open,0.1,16.1,0.103,0.1375,0.12051631,0.0,0.0925,0.0,BTC-6MAR20-8000-C,9094.0,0.0,0.1175,4.0,0.1225,4.0,167.82,0.0,0.0,0.19193,0.0,1.0
9157.77,BTC-27MAR20,1583405944796,open,0.22,573.8,0.221,0.257,0.23806096,64.15,0.2345,0.0,BTC-27MAR20-7000-C,9094.0,0.0,0.2355,14.7,0.2465,22.0,91.32,1.80385,-2.64482,3.98013,6e-05,0.96323
9096.55,SYN.BTC-6MAR20,1583405944796,open,0.0,581.5,0.0005,0.0135,0.00148886,62.83,0.0015,0.0,BTC-6MAR20-8750-P,9094.0,56.67,0.001,17.0,0.002,33.3,68.38,0.78609,-13.54348,-0.02231,0.00063,-0.10073
9157.77,BTC-27MAR20,1583405944801,open,0.67,2.0,0.606,0.6775,0.6394042,92.11,0.4565,0.0,BTC-27MAR20-15000-P,9094.0,0.0,0.0005,0.1,1.5,0.1,500.0,1.03786,-2.18504,-8.89385,2e-05,-0.98103
9157.77,BTC-27MAR20,1583405944801,open,0.0,937.4,0.0005,0.0105,0.00021415,110.03,0.0005,0.0,BTC-27MAR20-20000-C,9094.0,0.0,0.0,0.0,0.0005,0.1,119.48,0.19558,-0.49189,0.01444,0.0,0.00285
9452.05,BTC-26JUN20,1583405944801,open,0.01,909.9,0.002,0.033,0.01154244,86.65,0.0095,0.0,BTC-26JUN20-22000-C,9094.0,85.88,0.011,24.0,0.012,0.1,87.29,6.68408,-2.56569,1.56971,3e-05,0.06524
9096.55,SYN.BTC-6MAR20,1583405944801,open,0.0,405.9,0.0005,0.0105,6.9e-06,63.56,0.001,0.0,BTC-6MAR20-8250-P,9094.0,0.0,0.0,0.0,0.0005,31.0,103.59,0.01232,-0.0628,-0.00018,1e-05,-0.00081
9157.77,BTC-27MAR20,1583405944804,open,0.0,467.5,0.0005,0.0105,0.0001689,77.84,0.0005,0.0,BTC-27MAR20-5500-P,9094.0,0.0,0.0,0.0,0.001,40.5,96.48,0.19249,-0.34246,-0.01627,0.0,-0.0028
9157.77,BTC-27MAR20,1583405944804,open,0.0,527.6,0.0005,0.0105,5.67e-06,110.12,0.0005,0.0,BTC-27MAR20-26000-C,9094.0,0.0,0.0,0.0,0.001,40.0,164.42,0.00833,-0.02097,0.00048,0.0,9e-05
9157.77,BTC-27MAR20,1583405944804,open,0.01,1476.6,0.0005,0.016,0.00494489,58.92,0.006,0.0,BTC-27MAR20-7500-P,9094.0,57.58,0.0045,76.0,0.0055,24.0,60.52,3.09656,-4.17039,-0.42576,0.0001,-0.07263
9452.05,BTC-26JUN20,1583405944804,open,0.55,12.5,0.4775,0.5795,0.52326821,72.34,0.56,0.0,BTC-26JUN20-14000-P,9094.0,0.0,0.001,5.0,2.0,0.1,500.0,15.52536,-4.97487,-38.1224,8e-05,-0.78094
9157.77,BTC-27MAR20,1583405944804,open,0.56,69.6,0.4995,0.568,0.53113219,87.64,0.59,0.0,BTC-27MAR20-14000-P,9094.0,0.0,0.0005,0.1,1.0,0.1,500.0,1.55354,-3.1119,-8.2354,4e-05,-0.96933
9157.77,BTC-27MAR20,1583405944804,open,0.33,32.8,0.332,0.3605,0.34553268,77.88,0.3395,0.0,BTC-27MAR20-6000-C,9094.0,0.0,0.3365,23.0,0.353,23.0,120.9,0.61601,-1.09648,3.53525,2e-05,0.98964
9096.55,SYN.BTC-6MAR20,1583405944804,open,0.0,320.5,0.0005,0.0105,2.5e-07,84.08,0.0005,0.0,BTC-6MAR20-10750-C,9094.0,0.0,0.0,0.0,0.0005,35.0,159.76,0.00052,-0.00227,1e-05,0.0,3e-05
9096.55,SYN.BTC-6MAR20,1583405944804,open,0.07,163.6,0.0245,0.07,0.04592414,68.38,0.055,0.0,BTC-6MAR20-9500-P,9094.0,55.45,0.045,4.0,0.0495,4.0,99.94,0.78456,-26.82346,-0.20634,0.00058,-0.89954
9452.05,BTC-26JUN20,1583405944806,open,0.15,1099.8,0.129,0.204,0.1636256,64.27,0.1605,0.0,BTC-26JUN20-9000-C,9094.0,62.07,0.159,61.5,0.1645,0.5,64.68,19.94947,-5.67906,13.45484,0.00011,0.62393
9157.77,BTC-27MAR20,1583405944806,open,0.23,278.8,0.1825,0.2435,0.21076234,62.82,0.23,0.0,BTC-27MAR20-11000-P,9094.0,0.0,0.0925,1.1,0.313,5.0,184.63,4.80399,-6.89773,-5.91845,0.00015,-0.86756
9452.05,BTC-26JUN20,1583405944806,open,0.01,1128.4,0.0005,0.0265,0.00826334,93.56,0.0075,0.0,BTC-26JUN20-26000-C,9094.0,92.1,0.0075,49.0,0.009,15.0,94.9,5.07363,-2.10273,1.10389,2e-05,0.04603
9096.55,SYN.BTC-6MAR20,1583405944806,open,0.0,451.4,0.0005,0.0105,2.73e-06,84.02,0.0015,0.0,BTC-6MAR20-10500-C,9094.0,0.0,0.0,0.0,0.0005,50.1,140.57,0.00438,-0.02481,6e-05,0.0,0.00026
9157.77,BTC-27MAR20,1583405944825,open,0.0,1337.7,0.0005,0.014,0.00351629,80.44,0.0035,0.0,BTC-27MAR20-13000-C,9094.0,78.17,0.003,28.0,0.004,100.5,82.39,2.17852,-4.0052,0.23544,5e-05,0.04641
9452.05,BTC-26JUN20,1583405944825,open,0.01,533.1,0.0005,0.024,0.00675026,100.29,0.0065,0.0,BTC-26JUN20-30000-C,9094.0,98.54,0.006,24.0,0.0075,25.7,101.92,4.20935,-1.86997,0.87136,2e-05,0.03656
9157.77,BTC-27MAR20,1583405944836,open,0.0,329.6,0.0005,0.0105,1.879e-05,110.11,0.0005,0.0,BTC-27MAR20-24000-C,9094.0,0.0,0.0,0.0,0.001,75.0,153.77,0.02414,-0.06075,0.0015,0.0,0.00029
9452.05,BTC-26JUN20,1583405944836,open,0.06,755.2,0.0405,0.1085,0.06920738,68.78,0.0675,0.0,BTC-26JUN20-12000-C,9094.0,67.94,0.0675,3.5,0.0705,19.3,69.42,19.09526,-5.81795,7.69908,0.0001,0.3326
9157.77,BTC-27MAR20,1583405944836,open,0.0,587.1,0.0005,0.011,0.0012162,69.96,0.0015,0.0,BTC-27MAR20-6500-P,9094.0,67.88,0.001,64.0,0.0015,24.0,72.36,1.01273,-1.61928,-0.10784,3e-05,-0.01843
9096.55,SYN.BTC-6MAR20,1583405944836,open,0.0,209.7,0.0005,0.0105,0.0,63.76,0.001,0.0,BTC-6MAR20-7750-P,9094.0,0.0,0.0,0.0,0.0005,20.2,157.93,0.0,-1e-05,0.0,0.0,0.0
9096.55,SYN.BTC-6MAR20,1583405944836,open,0.16,50.0,0.159,0.1915,0.17548392,0.0,0.156,0.0,BTC-6MAR20-7500-C,9094.0,0.0,0.1645,14.0,0.1965,7.0,450.41,0.0,0.0,0.17994,0.0,1.0
9157.77,BTC-27MAR20,1583405944838,open,0.55,53.6,0.5535,0.573,0.56321453,88.25,0.5975,0.0,BTC-27MAR20-4000-C,9094.0,0.0,0.0005,0.1,0.0,0.0,0.0,0.00378,-0.00762,2.3971,0.0,0.99996
9157.77,BTC-27MAR20,1583405944838,open,0.0,843.3,0.0005,0.0105,0.00072605,109.94,0.0005,0.0,BTC-27MAR20-18000-C,9094.0,105.51,0.0005,35.0,0.001,34.6,114.14,0.53152,-1.33567,0.04403,1e-05,0.00875
9452.05,BTC-26JUN20,1583405944838,open,0.02,681.8,0.0065,0.035,0.01664927,68.01,0.016,0.0,BTC-26JUN20-6000-P,9094.0,67.24,0.016,0.9,0.0175,30.0,69.01,7.97286,-2.40204,-2.88815,4e-05,-0.08216
9157.77,BTC-27MAR20,1583405944838,open,1.45,5.6,1.3555,1.4525,1.40238427,108.6,1.545,0.0,BTC-27MAR20-22000-P,9094.0,0.0,0.0005,1.0,2.0,0.1,500.0,0.05998,-0.14888,-13.18137,0.0,-0.99922
9096.55,SYN.BTC-6MAR20,1583405944838,open,0.0,648.4,0.0005,0.014,0.00153711,67.97,0.001,0.0,BTC-6MAR20-9500-C,9094.0,61.05,0.001,30.0,0.002,57.0,73.07,0.77659,-13.98239,0.02128,0.00058,0.09906
9096.55,SYN.BTC-6MAR20,1583405944838,open,0.02,279.4,0.019,0.0605,0.03955344,62.46,0.036,0.0,BTC-6MAR20-8750-C,9094.0,0.0,0.037,0.1,0.041,4.0,76.93,0.77851,-24.31137,0.18792,0.00063,0.9006
9452.05,BTC-26JUN20,1583405944840,open,1.6,0.0,1.4925,1.6165,1.54866111,90.05,None,0.0,BTC-26JUN20-24000-P,9094.0,0.0,0.0005,0.1,0.0,0.0,0.0,5.73432,-2.28742,-72.92964,2e-05,-0.94634
9278.54,SYN.BTC-25SEP20,1583405944840,open,2.04,0.0,1.9665,2.127,2.03870278,87.91,None,0.0,BTC-25SEP20-28000-P,9094.0,0.0,0.0005,1.0,0.0,0.0,0.0,11.08215,-2.38921,-152.92032,3e-05,-0.91192
9698.82,BTC-25SEP20,1583405944840,open,2.8,0.0,2.6435,2.8245,2.72585593,92.39,None,0.0,BTC-25SEP20-36000-P,9094.0,0.0,0.0005,1.0,0.0,0.0,0.0,8.64305,-1.95836,-198.59036,2e-05,-0.93993
9698.82,BTC-25SEP20,1583405944840,open,0.01,246.7,0.004,0.0405,0.01402974,92.35,0.013,0.0,BTC-25SEP20-36000-C,9094.0,91.17,0.013,20.0,0.015,6.1,93.42,8.63045,-1.95468,2.48832,2e-05,0.05996
9157.77,BTC-27MAR20,1583405944840,open,0.0,37.2,0.0005,0.0105,3.07e-06,77.85,0.0005,0.0,BTC-27MAR20-4500-P,9094.0,0.0,0.0,0.0,0.0005,40.3,119.3,0.00599,-0.01065,-0.00038,0.0,-7e-05
9157.77,BTC-27MAR20,1583405944840,open,0.44,35.7,0.443,0.4645,0.45404638,78.34,0.4975,0.0,BTC-27MAR20-5000-C,9094.0,0.0,0.422,10.0,0.456,10.0,124.65,0.04531,-0.08113,2.99335,0.0,0.99943
9452.05,BTC-26JUN20,1583405944840,open,2.03,0.0,1.9065,2.0455,1.96980561,97.19,None,0.0,BTC-26JUN20-28000-P,9094.0,0.0,0.0005,0.1,0.0,0.0,0.0,4.62226,-1.98995,-85.60961,2e-05,-0.95899
9278.54,SYN.BTC-25SEP20,1583405944840,open,2.46,0.0,2.387,2.5605,2.46554847,91.34,None,0.0,BTC-25SEP20-32000-P,9094.0,0.0,0.0005,1.0,0.0,0.0,0.0,9.36049,-2.0969,-175.95435,2e-05,-0.92951
9698.82,BTC-25SEP20,1583405944842,open,0.01,967.7,0.0005,0.018,0.00720758,72.41,0.0075,0.0,BTC-25SEP20-4000-P,9094.0,71.98,0.007,1.0,0.0075,6.0,73.01,4.69155,-0.83317,-1.92076,1e-05,-0.02825
9452.05,BTC-26JUN20,1583405944850,open,0.13,747.9,0.082,0.158,0.11579899,64.26,0.116,0.0,BTC-26JUN20-9000-P,9094.0,63.65,0.1145,9.0,0.117,4.0,64.83,19.94947,-5.67902,-14.37749,0.00011,-0.37607
9698.82,BTC-25SEP20,1583405944850,open,0.38,273.0,0.3125,0.4285,0.36504591,69.06,0.389,0.0,BTC-25SEP20-12000-P,9094.0,13.59,0.238,0.1,2.0,0.2,500.0,28.57515,-4.8399,-50.1868,8e-05,-0.56135
9452.05,BTC-26JUN20,1583405944850,open,2.46,0.0,2.3205,2.475,2.39175061,103.38,None,0.0,BTC-26JUN20-32000-P,9094.0,0.0,0.0005,0.1,0.0,0.0,0.0,3.90266,-1.78718,-98.16737,1e-05,-0.96666
9096.55,SYN.BTC-6MAR20,1583405944850,open,0.0,292.8,0.0005,0.0105,2e-08,84.11,0.0005,0.0,BTC-6MAR20-11000-C,9094.0,0.0,0.0,0.0,0.0005,0.1,178.17,5e-05,-0.00016,0.0,0.0,0.0
9278.54,SYN.BTC-25SEP20,1583405944852,open,0.02,199.7,0.007,0.0525,0.02098663,87.91,0.0215,0.0,BTC-25SEP20-28000-C,9094.0,87.07,0.02,6.0,0.022,0.1,88.75,11.08215,-2.38921,3.47747,3e-05,0.08808
9452.05,BTC-26JUN20,1583405944852,open,0.02,614.0,0.0065,0.046,0.01969361,79.82,0.019,0.0,BTC-26JUN20-18000-C,9094.0,79.15,0.019,24.0,0.0205,0.1,80.58,9.85019,-3.48262,2.62451,4e-05,0.10948
9452.05,BTC-26JUN20,1583405944852,open,0.37,72.7,0.3615,0.407,0.38186701,68.01,0.44,0.0,BTC-26JUN20-6000-C,9094.0,45.2,0.368,11.0,0.394,11.0,80.86,7.973,-2.40211,15.66668,4e-05,0.91784
9096.55,SYN.BTC-6MAR20,1583405944852,open,0.0,988.6,0.0005,0.0105,0.00015154,63.29,0.001,0.0,BTC-6MAR20-8500-P,9094.0,0.0,0.0,0.0,0.001,87.4,87.45,0.15687,-1.37847,-0.00304,0.00012,-0.01378
9096.55,SYN.BTC-6MAR20,1583405944852,open,0.0,265.5,0.0005,0.0105,0.0,84.16,0.0005,0.0,BTC-6MAR20-11750-C,9094.0,0.0,0.0,0.0,0.0005,20.1,229.52,0.0,0.0,0.0,0.0,0.0
9698.82,BTC-25SEP20,1583405944854,open,0.04,265.5,0.017,0.0595,0.03362161,66.2,0.032,0.0,BTC-25SEP20-6000-P,9094.0,64.69,0.0315,16.0,0.034,6.0,66.47,13.77205,-2.23594,-7.86744,4e-05,-0.1116
9452.05,BTC-26JUN20,1583405944854,open,0.03,546.6,0.011,0.0575,0.02760364,75.96,0.028,0.0,BTC-26JUN20-16000-C,9094.0,75.1,0.0265,44.0,0.0285,0.1,76.64,12.27466,-4.12995,3.58796,6e-05,0.15035
9698.82,BTC-25SEP20,1583405944854,open,1.14,2.5,1.043,1.1775,1.1027666,77.36,1.15,0.0,BTC-25SEP20-20000-P,9094.0,0.0,0.22,1.0,2.0,1.0,500.0,18.19206,-3.45124,-104.82344,4e-05,-0.83217
9452.05,BTC-26JUN20,1583405944854,open,0.11,939.6,0.087,0.163,0.12150749,65.52,0.12,0.0,BTC-26JUN20-10000-C,9094.0,64.84,0.12,13.0,0.123,4.0,66.19,20.96166,-6.08331,11.38399,0.00012,0.51097
9157.77,BTC-27MAR20,1583405944854,open,0.0,268.8,0.0005,0.0105,1.7e-07,110.14,0.0005,0.0,BTC-27MAR20-32000-C,9094.0,0.0,0.0,0.0,0.0005,0.3,178.77,0.00035,-0.00088,2e-05,0.0,0.0
9157.77,BTC-27MAR20,1583405944854,open,0.0,898.4,0.0005,0.0105,0.0,110.15,0.0005,0.0,BTC-27MAR20-40000-C,9094.0,0.0,0.0,0.0,0.0005,40.1,205.54,1e-05,-2e-05,0.0,0.0,0.0
9157.77,BTC-27MAR20,1583405944854,open,0.0,869.4,0.0005,0.011,0.00145801,92.17,0.001,0.0,BTC-27MAR20-15000-C,9094.0,87.63,0.001,75.0,0.002,74.0,96.45,1.04126,-2.19369,0.09652,2e-05,0.01904
9452.05,BTC-26JUN20,1583405944854,open,0.01,3072.1,0.0005,0.023,0.00624523,103.39,0.006,0.0,BTC-26JUN20-32000-C,9094.0,101.51,0.0055,24.0,0.007,51.7,105.15,3.9041,-1.78798,0.79247,1e-05,0.03336
9096.55,SYN.BTC-6MAR20,1583405944854,open,0.32,0.0,0.2665,0.3185,0.29174185,176.73,None,0.0,BTC-6MAR20-11750-P,9094.0,0.0,0.0005,0.1,0.0,0.0,0.0,0.0255,-2.25316,-0.28152,1e-05,-0.99821
9096.55,SYN.BTC-6MAR20,1583405944854,open,0.0,1754.8,0.0005,0.0105,0.00015166,83.61,0.0005,0.0,BTC-6MAR20-10000-C,9094.0,0.0,0.0,0.0,0.0005,0.2,99.34,0.12863,-1.37954,0.00236,8e-05,0.01096
9698.82,BTC-25SEP20,1583405944856,open,0.94,2.1,0.8495,0.9815,0.90832645,75.79,0.888,0.0,BTC-25SEP20-18000-P,9094.0,0.0,0.12,1.0,2.0,1.0,500.0,20.85517,-3.87627,-92.03806,5e-05,-0.79061
9157.77,BTC-27MAR20,1583405944856,open,0.03,1316.3,0.012,0.0505,0.02223277,53.36,0.0225,0.0,BTC-27MAR20-8500-P,9094.0,51.8,0.021,65.3,0.0235,44.3,54.94,7.30659,-8.91049,-1.56226,0.00027,-0.26241
9452.05,BTC-26JUN20,1583405944856,open,0.01,1450.2,0.0045,0.0385,0.01480143,83.4,0.013,0.0,BTC-26JUN20-20000-C,9094.0,82.45,0.014,26.0,0.0155,0.1,84.21,8.04633,-2.97267,1.99829,3e-05,0.08316
9157.77,BTC-27MAR20,1583405944861,open,0.39,22.5,0.3875,0.412,0.39958602,77.84,0.3695,0.0,BTC-27MAR20-5500-C,9094.0,0.0,0.3675,10.0,0.424,10.0,190.23,0.1925,-0.34248,3.28006,0.0,0.9972
9157.77,BTC-27MAR20,1583405944861,open,0.17,10.3,0.167,0.2075,0.18596856,58.92,0.174,0.0,BTC-27MAR20-7500-C,9094.0,45.57,0.1825,11.0,0.199,21.0,86.97,3.09666,-4.1706,4.06923,0.0001,0.92737
9698.82,BTC-25SEP20,1583405944861,open,0.02,446.2,0.006,0.033,0.01568808,67.51,0.016,0.0,BTC-25SEP20-5000-P,9094.0,66.72,0.015,18.0,0.0165,6.0,68.43,8.49236,-1.40608,-4.03211,2e-05,-0.05874
9452.05,BTC-26JUN20,1583405944861,open,1.82,0.0,1.699,1.8305,1.75899794,93.58,None,0.0,BTC-26JUN20-26000-P,9094.0,0.0,0.0005,0.1,0.0,0.0,0.0,5.07685,-2.10443,-79.29991,2e-05,-0.95394
9096.55,SYN.BTC-6MAR20,1583405944861,open,0.15,0.0,0.105,0.1505,0.12686182,92.25,0.153,0.0,BTC-6MAR20-10250-P,9094.0,0.0,0.0005,0.1,0.0,0.0,0.0,0.0575,-2.6522,-0.24497,3e-05,-0.9956
9096.55,SYN.BTC-6MAR20,1583405944861,open,0.26,0.0,0.213,0.2625,0.23677412,148.87,None,0.0,BTC-6MAR20-11250-P,9094.0,0.0,0.0005,0.1,0.0,0.0,0.0,0.02832,-2.10783,-0.26948,1e-05,-0.99799
9096.55,SYN.BTC-6MAR20,1583405944861,open,0.0,153.6,0.0005,0.0105,0.0,84.16,0.0005,0.0,BTC-6MAR20-12000-C,9094.0,0.0,0.0,0.0,0.0005,49.0,245.53,0.0,0.0,0.0,0.0,0.0
9157.77,BTC-27MAR20,1583405944864,open,0.0,1716.8,0.0005,0.012,0.00243585,64.13,0.003,0.0,BTC-27MAR20-7000-P,9094.0,61.79,0.002,76.4,0.003,24.0,66.83,1.80245,-2.64208,-0.215,6e-05,-0.03674
9157.77,BTC-27MAR20,1583405944864,open,0.12,933.0,0.117,0.1645,0.13719473,55.68,0.1355,0.0,BTC-27MAR20-8000-C,9094.0,54.42,0.1365,0.4,0.1385,0.5,57.98,5.10115,-6.49179,3.94174,0.00018,0.85537
9157.77,BTC-27MAR20,1583405944864,open,0.0,374.5,0.0005,0.0105,6.319e-05,110.08,0.001,0.0,BTC-27MAR20-22000-C,9094.0,0.0,0.0,0.0,0.0005,20.0,131.88,0.06939,-0.17458,0.00466,0.0,0.00091
9698.82,BTC-25SEP20,1583405944864,open,0.07,425.4,0.0365,0.1135,0.06746029,73.35,0.064,0.0,BTC-25SEP20-16000-C,9094.0,72.54,0.0655,37.8,0.069,0.2,73.99,23.57791,-4.24166,10.5075,6e-05,0.26142
9157.77,BTC-27MAR20,1583405944864,open,0.01,1843.6,0.001,0.0305,0.01076917,55.68,0.0115,0.0,BTC-27MAR20-8000-P,9094.0,54.28,0.01,33.8,0.0115,24.0,56.97,5.10104,-6.49151,-0.8529,0.00018,-0.14463
9452.05,BTC-26JUN20,1583405944864,open,0.08,582.3,0.042,0.103,0.06793015,64.26,0.0675,0.0,BTC-26JUN20-8000-P,9094.0,63.19,0.066,27.1,0.069,23.3,64.86,17.0271,-4.84711,-9.56609,0.0001,-0.25934
9157.77,BTC-27MAR20,1583405944864,open,0.05,1168.0,0.028,0.078,0.04268765,52.54,0.043,0.0,BTC-27MAR20-9000-P,9094.0,51.82,0.042,4.5,0.0435,14.6,53.39,8.76797,-10.52971,-2.54481,0.00033,-0.42097
9157.77,BTC-27MAR20,1583405944864,open,0.28,0.0,0.276,0.308,0.2914365,69.96,None,0.0,BTC-27MAR20-6500-C,9094.0,0.0,0.29,0.1,0.299,22.0,103.97,1.01277,-1.61937,3.78783,3e-05,0.98157
9157.77,BTC-27MAR20,1583405944864,open,0.0,707.3,0.0005,0.0105,2.845e-05,77.84,0.001,0.0,BTC-27MAR20-5000-P,9094.0,0.0,0.0,0.0,0.0005,0.1,102.91,0.04251,-0.07564,-0.0031,0.0,-0.00054
9157.77,BTC-27MAR20,1583405944864,open,1.68,0.0,1.5695,1.675,1.62074414,110.11,None,0.0,BTC-27MAR20-24000-P,9094.0,0.0,0.0005,0.1,0.0,0.0,0.0,0.02414,-0.06074,-14.38252,0.0,-0.99971
9157.77,BTC-27MAR20,1583405944864,open,0.0,2380.2,0.0005,0.012,0.00237586,87.64,0.0015,0.0,BTC-27MAR20-14000-C,9094.0,85.3,0.002,24.0,0.003,102.0,91.06,1.55359,-3.11202,0.15529,4e-05,0.03067
9157.77,BTC-27MAR20,1583405944864,open,0.0,1389.6,0.0005,0.0105,1.8e-07,77.85,0.0005,0.0,BTC-27MAR20-4000-P,9094.0,0.0,0.0,0.0,0.0005,49.9,137.58,0.00047,-0.00083,-3e-05,0.0,0.0
9278.54,SYN.BTC-25SEP20,1583405944864,open,0.03,114.3,0.0105,0.0635,0.02831277,84.44,0.0275,0.0,BTC-25SEP20-24000-C,9094.0,83.88,0.0275,18.0,0.0295,0.1,85.24,13.6226,-2.82114,4.59432,3e-05,0.11696
9452.05,BTC-26JUN20,1583405944864,open,0.28,126.8,0.2675,0.3255,0.29423827,64.82,0.2655,0.0,BTC-26JUN20-7000-C,9094.0,63.12,0.292,0.5,0.314,10.0,78.86,12.54836,-3.60295,16.08619,7e-05,0.84456
9157.77,BTC-27MAR20,1583405944864,open,2.79,0.0,2.64,2.7885,2.71267809,0.0,None,0.0,BTC-27MAR20-34000-P,9094.0,0.0,0.0005,1.0,0.0,0.0,0.0,0.0,0.0,-20.37736,0.0,-1.0
9096.55,SYN.BTC-6MAR20,1583405944864,open,0.02,534.9,0.0005,0.026,0.00557116,51.42,0.0065,0.0,BTC-6MAR20-9000-P,9094.0,51.02,0.0055,26.9,0.006,5.3,53.83,1.61617,-41.55289,-0.07352,0.00158,-0.33132
9096.55,SYN.BTC-6MAR20,1583405944864,open,0.07,4.1,0.075,0.111,0.09303922,0.0,0.0625,0.0,BTC-6MAR20-8250-C,9094.0,0.0,0.09,4.0,0.095,4.0,134.91,0.0,0.0,0.19793,0.0,1.0
9096.55,SYN.BTC-6MAR20,1583405944864,open,0.05,245.2,0.0465,0.085,0.06569998,61.31,0.0645,0.0,BTC-6MAR20-8500-C,9094.0,0.0,0.0635,0.1,0.068,4.0,108.04,0.13407,-4.11011,0.20139,0.00011,0.9885
9096.55,SYN.BTC-6MAR20,1583405944864,open,0.0,227.0,0.0005,0.0105,0.0,84.15,0.0005,0.0,BTC-6MAR20-11500-C,9094.0,0.0,0.0,0.0,0.0005,20.1,212.99,0.0,0.0,0.0,0.0,0.0
9452.05,BTC-26JUN20,1583405944866,open,0.47,14.3,0.4635,0.497,0.47823205,72.87,0.518,0.0,BTC-26JUN20-5000-C,9094.0,0.0,0.0,0.0,1.0,0.1,500.0,4.34753,-1.40343,14.13967,2e-05,0.96197
9157.77,BTC-27MAR20,1583405944866,open,0.34,173.1,0.2865,0.349,0.3154059,70.76,0.325,0.0,BTC-27MAR20-12000-P,9094.0,0.0,0.1,1.0,1.0,0.1,500.0,3.01925,-4.8831,-6.83399,8e-05,-0.92973
9157.77,BTC-27MAR20,1583405944866,open,0.08,181.4,0.075,0.1265,0.09406327,53.36,0.092,0.0,BTC-27MAR20-8500-C,9094.0,47.53,0.0895,60.2,0.0955,4.0,55.15,7.30682,-8.9116,3.53197,0.00027,0.73758
9698.82,BTC-25SEP20,1583405944866,open,0.05,174.0,0.0255,0.0955,0.05241336,75.78,0.052,0.0,BTC-25SEP20-18000-C,9094.0,74.88,0.0505,20.9,0.054,0.1,76.51,20.85271,-3.8754,8.50204,5e-05,0.20935
9096.55,SYN.BTC-6MAR20,1583405944864,open,0.21,0.0,0.159,0.2065,0.18180663,119.45,None,0.0,BTC-6MAR20-10750-P,9094.0,0.0,0.0005,0.1,0.0,0.0,0.0,0.03285,-1.96211,-0.2574,1e-05,-0.99764
9096.55,SYN.BTC-6MAR20,1583405944866,open,0.0,597.1,0.0005,0.0105,0.0,63.83,0.0005,0.0,BTC-6MAR20-7500-P,9094.0,0.0,0.0,0.0,0.0005,22.0,185.56,0.0,0.0,0.0,0.0,0.0
9698.82,BTC-25SEP20,1583405944871,open,0.41,1.5,0.39,0.4455,0.41498391,66.2,0.3975,0.0,BTC-25SEP20-6000-C,9094.0,45.71,0.391,10.0,0.4325,10.0,77.76,13.77131,-2.23568,25.64714,4e-05,0.8884
9698.82,BTC-25SEP20,1583405944871,open,0.09,526.1,0.0555,0.1405,0.09138941,71.3,0.084,0.0,BTC-25SEP20-14000-C,9094.0,70.42,0.089,20.6,0.0935,0.1,72.08,26.45044,-4.62536,13.27264,7e-05,0.33639
9452.05,BTC-26JUN20,1583405944871,open,0.0,838.8,0.0005,0.013,0.00345894,82.52,0.0035,0.0,BTC-26JUN20-4000-P,9094.0,80.55,0.003,25.0,0.004,30.1,84.65,2.29543,-0.83905,-0.61893,1e-05,-0.01772
9452.05,BTC-26JUN20,1583405944871,open,0.04,459.2,0.0175,0.061,0.03482071,64.82,0.034,0.0,BTC-26JUN20-7000-P,9094.0,64.2,0.034,18.0,0.036,28.0,65.71,12.54859,-3.60312,-5.56139,7e-05,-0.15544
9698.82,BTC-25SEP20,1583405944871,open,0.75,3.4,0.66,0.7875,0.71716082,73.36,0.7525,0.0,BTC-25SEP20-16000-P,9094.0,0.0,0.11,1.0,0.7835,0.5,98.24,23.57946,-4.2423,-78.8617,6e-05,-0.73855
9157.77,BTC-27MAR20,1583405944871,open,0.0,154.1,0.0005,0.0105,5.4e-07,110.13,0.0005,0.0,BTC-27MAR20-30000-C,9094.0,0.0,0.0,0.0,0.001,75.0,183.11,0.001,-0.00251,5e-05,0.0,1e-05
9157.77,BTC-27MAR20,1583405944871,open,2.57,0.0,2.426,2.5655,2.49430064,110.14,None,0.0,BTC-27MAR20-32000-P,9094.0,0.0,0.0005,1.0,0.0,0.0,0.0,0.00035,-0.00088,-19.17867,0.0,-1.0
9157.77,BTC-27MAR20,1583405944871,open,0.0,1434.0,0.0005,0.0105,0.00071115,77.83,0.001,0.0,BTC-27MAR20-6000-P,9094.0,74.3,0.0005,37.0,0.001,24.0,81.66,0.61436,-1.09294,-0.06056,2e-05,-0.01032
9096.55,SYN.BTC-6MAR20,1583405944871,open,0.18,0.0,0.132,0.1785,0.15432523,104.59,None,0.0,BTC-6MAR20-10500-P,9094.0,0.0,0.0005,0.1,0.0,0.0,0.0,0.03782,-1.97768,-0.25132,2e-05,-0.99724
9698.82,BTC-25SEP20,1583405944873,open,0.18,373.1,0.142,0.2325,0.18325709,66.2,0.185,0.0,BTC-25SEP20-10000-C,9094.0,65.6,0.1815,23.6,0.1875,12.7,67.65,28.42421,-4.61461,21.14673,8e-05,0.5736
9698.82,BTC-25SEP20,1583405944873,open,0.12,438.1,0.0875,0.1785,0.12777051,69.06,0.119,0.0,BTC-25SEP20-12000-C,9094.0,68.12,0.125,26.9,0.1305,26.9,69.98,28.57499,-4.8396,16.84064,8e-05,0.43863
9698.82,BTC-25SEP20,1583405944873,open,0.59,710.1,0.5825,0.611,0.59478245,72.4,0.588,0.0,BTC-25SEP20-4000-C,9094.0,0.0,0.5835,11.0,0.601,11.0,83.22,4.69021,-0.83284,20.42251,1e-05,0.97176
9698.82,BTC-25SEP20,1583405944873,open,0.04,315.1,0.018,0.08,0.04064094,77.34,0.042,0.0,BTC-25SEP20-20000-C,9094.0,77.0,0.04,21.9,0.041,0.1,77.54,18.1885,-3.45011,6.88754,4e-05,0.16778
9096.55,SYN.BTC-6MAR20,1583405944877,open,0.0,286.8,0.0005,0.0105,2.319e-05,83.89,0.0005,0.0,BTC-6MAR20-10250-C,9094.0,0.0,0.0,0.0,0.0005,0.2,120.49,0.02771,-0.21091,0.00042,2e-05,0.00196
9452.05,BTC-26JUN20,1583405944880,open,0.01,530.4,0.0005,0.0185,0.00721727,72.87,0.008,0.0,BTC-26JUN20-5000-P,9094.0,71.27,0.0065,49.0,0.008,30.0,74.53,4.34735,-1.40334,-1.32268,2e-05,-0.03803
9278.54,SYN.BTC-25SEP20,1583405944883,open,0.02,345.4,0.005,0.0455,0.01673001,91.34,0.017,0.0,BTC-25SEP20-32000-C,9094.0,90.1,0.0155,25.0,0.018,6.0,92.58,9.36049,-2.0969,2.78598,2e-05,0.07049
9452.05,BTC-26JUN20,1583405944883,open,0.68,34.7,0.6745,0.694,0.68404295,94.15,0.708,0.0,BTC-26JUN20-3000-C,9094.0,0.0,0.0,0.0,0.0,0.0,0.0,1.03308,-0.43083,9.02892,0.0,0.99293
9452.05,BTC-26JUN20,1583405944883,open,1.39,0.0,1.286,1.404,1.33907739,86.65,None,0.0,BTC-26JUN20-22000-P,9094.0,0.0,0.001,2.0,0.0,0.0,0.0,6.68327,-2.56528,-66.46518,3e-05,-0.93477
9452.05,BTC-26JUN20,1583405944883,open,0.96,1.0,0.8755,0.984,0.92404844,79.82,0.9,0.0,BTC-26JUN20-18000-P,9094.0,0.0,0.001,2.0,2.0,0.1,500.0,9.85166,-3.48339,-53.03973,4e-05,-0.8905
9698.82,BTC-25SEP20,1583405944885,open,0.27,104.7,0.242,0.3225,0.27886042,66.2,0.253,0.0,BTC-25SEP20-8000-C,9094.0,64.2,0.274,2.0,0.2795,20.3,66.46,23.61386,-3.83364,24.86285,7e-05,0.7378
9698.82,BTC-25SEP20,1583405944885,open,0.3,289.5,0.2365,0.3455,0.28581568,67.43,0.2925,0.0,BTC-25SEP20-11000-P,9094.0,66.82,0.284,4.0,0.288,0.1,68.17,28.91773,-4.78239,-42.5234,8e-05,-0.49912
9698.82,BTC-25SEP20,1583405944885,open,0.33,15.4,0.3095,0.379,0.34150232,66.2,0.315,0.0,BTC-25SEP20-7000-C,9094.0,63.39,0.336,12.0,0.3655,10.0,78.01,19.17466,-3.11292,25.79558,6e-05,0.81766
9157.77,BTC-27MAR20,1583405944885,open,0.0,2171.3,0.0005,0.0105,0.00091604,96.1,0.0005,0.0,BTC-27MAR20-16000-C,9094.0,89.51,0.0005,151.9,0.0015,35.9,102.45,0.70524,-1.54914,0.06138,1e-05,0.0121
9096.55,SYN.BTC-6MAR20,1583405944885,open,0.0,512.5,0.0005,0.0225,0.00447123,55.27,0.005,0.0,BTC-6MAR20-9250-C,9094.0,52.34,0.004,8.9,0.005,70.4,58.48,1.48078,-40.67276,0.05856,0.00135,0.27278
9157.77,BTC-27MAR20,1583405944887,open,0.01,1148.6,0.0005,0.0255,0.0096018,62.83,0.01,0.0,BTC-27MAR20-11000-C,9094.0,61.67,0.009,5.0,0.01,24.0,63.58,4.80507,-6.90037,0.67444,0.00015,0.13248
9096.55,SYN.BTC-6MAR20,1583405944887,open,0.35,32.2,0.2935,0.3465,0.31922572,190.12,0.3895,0.0,BTC-6MAR20-12000-P,9094.0,0.0,0.0005,0.1,0.0,0.0,0.0,0.02444,-2.32315,-0.28754,1e-05,-0.99829
9157.77,BTC-27MAR20,1583405944893,open,1.01,0.0,0.9275,1.01,0.96627003,109.94,1.23,0.0,BTC-27MAR20-18000-P,9094.0,0.0,0.0125,1.0,2.0,0.1,500.0,0.5315,-1.33561,-10.74399,1e-05,-0.99125
9452.05,BTC-26JUN20,1583405944893,open,0.0,354.7,0.0005,0.011,0.00143542,94.16,0.0015,0.0,BTC-26JUN20-3000-P,9094.0,89.68,0.001,49.0,0.002,50.0,98.77,1.03356,-0.43107,-0.24867,0.0,-0.00707
9096.55,SYN.BTC-6MAR20,1583405944893,open,0.23,0.0,0.186,0.2345,0.20929026,134.35,None,0.0,BTC-6MAR20-11000-P,9094.0,0.0,0.0005,0.1,0.0,0.0,0.0,0.03025,-2.03222,-0.26345,1e-05,-0.99784
9157.77,BTC-27MAR20,1583405944912,open,1.23,5.3,1.1415,1.2305,1.18414241,109.58,0.907,0.0,BTC-27MAR20-20000-P,9094.0,0.0,0.0005,1.0,2.0,0.1,500.0,0.18888,-0.47307,-11.97278,0.0,-0.99726
9096.55,SYN.BTC-6MAR20,1583405944912,open,0.09,95.6,0.051,0.0975,0.07263067,83.8,0.079,0.0,BTC-6MAR20-9750-P,9094.0,0.0,0.071,4.0,0.076,4.0,125.88,0.44112,-18.48303,-0.22372,0.00027,-0.95249
9452.05,BTC-26JUN20,1583405944919,open,0.01,1641.4,0.0005,0.029,0.00953207,90.06,0.0105,0.0,BTC-26JUN20-24000-C,9094.0,89.16,0.009,24.0,0.01,15.0,90.82,5.73528,-2.28792,1.29025,2e-05,0.05367
9096.55,SYN.BTC-6MAR20,1583405944919,open,0.0,519.5,0.0005,0.011,0.00075977,83.04,0.001,0.0,BTC-6MAR20-9750-C,9094.0,76.88,0.0005,30.0,0.001,0.6,87.74,0.42972,-6.91133,0.00987,0.00026,0.04598
9157.77,BTC-27MAR20,1583405944921,open,0.02,2123.4,0.0105,0.0485,0.02231149,55.73,0.022,0.0,BTC-27MAR20-10000-C,9094.0,55.35,0.022,4.5,0.0225,19.9,55.96,7.57399,-9.64754,1.42578,0.00027,0.28208
9157.77,BTC-27MAR20,1583405944930,open,3.46,1.4,3.2825,3.4565,3.36785651,0.0,3.0435,0.0,BTC-27MAR20-40000-P,9094.0,0.0,0.0005,1.0,4.0,0.1,500.0,0.0,0.0,-23.97336,0.0,-1.0
9452.05,BTC-26JUN20,1583405944930,open,0.36,142.3,0.294,0.3925,0.33877301,68.78,0.408,0.0,BTC-26JUN20-12000-P,9094.0,0.0,0.005,0.7,0.6,0.6,188.93,19.09525,-5.81794,-29.41074,0.0001,-0.6674
9157.77,BTC-27MAR20,1583405944932,open,0.0,221.1,0.0005,0.0105,6e-08,110.14,0.0005,0.0,BTC-27MAR20-34000-C,9094.0,0.0,0.0,0.0,0.0005,75.0,186.12,0.00012,-0.00031,1e-05,0.0,0.0
9157.77,BTC-27MAR20,1583405944932,open,3.01,0.1,2.854,3.011,2.93107088,0.0,2.64,0.0,BTC-27MAR20-36000-P,9094.0,0.0,0.0005,1.0,4.0,0.1,500.0,0.0,0.0,-21.57603,0.0,-1.0
9157.77,BTC-27MAR20,1583405944932,open,0.0,428.4,0.0005,0.0105,2e-08,110.14,0.0005,0.0,BTC-27MAR20-36000-C,9094.0,0.0,0.0,0.0,0.0005,151.0,193.0,4e-05,-0.00011,0.0,0.0,0.0
9157.77,BTC-27MAR20,1583405944932,open,0.78,21.2,0.713,0.7875,0.74806627,96.1,0.501,0.0,BTC-27MAR20-16000-P,9094.0,0.0,0.0055,0.1,1.5,0.1,500.0,0.70524,-1.54914,-9.52797,1e-05,-0.9879
9698.82,BTC-25SEP20,1583405944932,open,0.22,152.2,0.1865,0.2735,0.22646831,66.2,0.205,0.0,BTC-25SEP20-9000-C,9094.0,64.39,0.2215,21.3,0.228,11.3,66.75,26.71028,-4.33635,23.20861,8e-05,0.65488
9096.55,SYN.BTC-6MAR20,1583405944932,open,0.13,66.4,0.131,0.1645,0.14800006,0.0,0.124,0.0,BTC-6MAR20-7750-C,9094.0,0.0,0.137,14.0,0.169,7.0,399.7,0.0,0.0,0.18594,0.0,1.0
9096.55,SYN.BTC-6MAR20,1583405944932,open,0.29,0.0,0.2395,0.291,0.26425798,162.99,None,0.0,BTC-6MAR20-11500-P,9094.0,0.0,0.0005,0.1,0.0,0.0,0.0,0.02677,-2.1815,-0.2755,1e-05,-0.99812
9698.82,BTC-25SEP20,1583405944934,open,0.56,103.0,0.479,0.6025,0.53487737,71.31,0.56,0.0,BTC-25SEP20-14000-P,9094.0,57.89,0.5,0.1,2.0,0.2,500.0,26.45117,-4.6258,-64.92568,7e-05,-0.66359
9157.77,BTC-27MAR20,1583405944934,open,0.5,38.8,0.499,0.5185,0.50861921,80.45,0.5475,0.0,BTC-27MAR20-4500-C,9094.0,0.0,0.4765,10.0,0.5335,10.0,248.86,0.00931,-0.01712,2.6964,0.0,0.99989
9452.05,BTC-26JUN20,1583405944940,open,0.57,21.6,0.5695,0.594,0.58027076,82.52,0.612,0.0,BTC-26JUN20-4000-C,9094.0,0.0,0.0005,0.1,1.0,0.1,500.0,2.29561,-0.83913,11.75095,1e-05,0.98228
9096.55,SYN.BTC-6MAR20,1583405944957,open,0.0,454.9,0.0005,0.0105,1.2e-07,63.68,0.0005,0.0,BTC-6MAR20-8000-P,9094.0,0.0,0.0,0.0,0.0005,0.6,130.67,0.00035,-0.00112,0.0,0.0,-2e-05
9452.05,BTC-26JUN20,1583405944974,open,0.01,387.6,0.0005,0.0255,0.0074884,97.2,0.0075,0.0,BTC-26JUN20-28000-C,9094.0,95.08,0.0065,49.0,0.0085,25.9,99.18,4.62348,-1.99061,0.98026,2e-05,0.04102
9157.77,BTC-27MAR20,1583405945000,open,0.0,2611.0,0.0005,0.017,0.00504323,70.76,0.0055,0.0,BTC-27MAR20-12000-C,9094.0,69.06,0.0045,34.0,0.0055,24.0,72.11,3.01925,-4.8831,0.35802,8e-05,0.07027
9698.87,BTC-25SEP20,1583405945000,open,0.49,1.0,0.482,0.523,0.50015666,67.5,0.581,0.0,BTC-25SEP20-5000-C,9094.0,0.0,0.484,10.0,0.5125,10.0,79.89,8.49059,-1.40562,23.89732,2e-05,0.94128
9116.67,SYN.BTC-13MAR20,1583405945485,open,0.01,218.4,0.0005,0.019,0.00426975,56.06,0.0045,0.0,BTC-13MAR20-8250-P,9094.0,53.03,0.0035,56.2,0.0045,30.0,56.89,2.43306,-8.65928,-0.21472,0.00024,-0.10488
233.83,ETH-27MAR20,1583405945662,open,0.23,2566.0,0.211,0.269,0.240116,87.21,0.1945,0.0,ETH-27MAR20-180-C,232.31,0.0,0.23,22.0,0.2575,21.0,121.97,0.09403,-0.18742,0.09368,0.00329,0.90861
239.08,ETH-26JUN20,1583405945714,open,0.37,395.0,0.3375,0.409,0.373388,85.63,0.439,0.0,ETH-26JUN20-160-C,232.31,59.62,0.3455,27.0,0.398,27.0,104.42,0.29554,-0.1121,0.35997,0.00195,0.86026
233.83,ETH-27MAR20,1583405945714,open,1.09,0.0,0.9935,1.118,1.053207,109.67,None,0.0,ETH-27MAR20-480-P,232.31,0.0,0.004,50.0,0.0,0.0,0.0,0.00897,-0.02248,-0.28697,0.00025,-0.99453
244.35,SYN.ETH-25SEP20,1583405945712,open,0.03,166.0,0.0095,0.0675,0.03131,100.36,0.034,0.0,ETH-25SEP20-800-C,232.31,98.36,0.0285,300.0,0.034,200.0,102.19,0.352,-0.08664,0.11269,0.00105,0.11387
239.08,ETH-26JUN20,1583405945716,open,1.74,0.0,1.6035,1.7925,1.692106,102.13,None,0.0,ETH-26JUN20-640-P,232.31,0.0,0.01,50.0,0.0,0.0,0.0,0.18545,-0.0839,-1.93602,0.00103,-0.92643
239.08,ETH-26JUN20,1583405945716,open,1.4,0.0,1.2825,1.457,1.364302,99.38,None,0.0,ETH-26JUN20-560-P,232.31,0.0,0.01,50.0,0.0,0.0,0.0,0.23867,-0.10507,-1.67178,0.00136,-0.89684
239.08,ETH-26JUN20,1583405945716,open,0.02,1216.0,0.006,0.05,0.022087,99.48,0.0195,0.0,ETH-26JUN20-560-C,232.31,97.34,0.02,610.0,0.024,310.0,101.35,0.23921,-0.10541,0.06018,0.00136,0.10348
9248.32,SYN.BTC-24APR20,1583405945716,open,0.45,0.0,0.3845,0.461,0.41953729,70.62,None,0.0,BTC-24APR20-13000-P,9094.0,0.0,0.001,0.1,1.5,0.1,500.0,6.84744,-4.84749,-16.42009,8e-05,-0.87978
9248.32,SYN.BTC-24APR20,1583405945716,open,0.01,128.2,0.0005,0.0145,0.00476705,72.35,0.005,0.0,BTC-24APR20-6000-P,9094.0,71.49,0.0045,15.0,0.005,29.0,73.07,2.94112,-2.13308,-0.5647,3e-05,-0.03992
244.35,SYN.ETH-25SEP20,1583405945716,open,0.04,33.0,0.0125,0.0755,0.037062,97.96,0.04,0.0,ETH-25SEP20-720-C,232.31,96.66,0.035,300.0,0.039,10.0,99.15,0.39348,-0.09453,0.13163,0.0012,0.1335
9248.32,SYN.BTC-24APR20,1583405945716,open,0.24,0.0,0.19,0.2645,0.22406831,63.97,None,0.0,BTC-24APR20-11000-P,9094.0,0.0,0.001,0.1,1.0,0.1,500.0,11.28673,-7.2382,-12.06723,0.00015,-0.73081
9248.32,SYN.BTC-24APR20,1583405945716,open,0.15,21.6,0.1405,0.195,0.16625025,59.57,0.157,0.0,BTC-24APR20-8000-C,9094.0,57.97,0.1645,15.1,0.17,11.7,62.95,10.15089,-6.06216,7.74262,0.00015,0.77892
9248.32,SYN.BTC-24APR20,1583405945716,open,0.08,62.9,0.0475,0.1055,0.07315563,59.17,0.073,0.0,BTC-24APR20-9000-P,9094.0,58.02,0.0715,22.5,0.0745,0.5,60.11,13.27093,-7.87225,-6.07515,0.00019,-0.40757
9248.32,SYN.BTC-24APR20,1583405945716,open,0.05,104.8,0.0345,0.0885,0.05808336,60.85,0.058,0.0,BTC-24APR20-10000-C,9094.0,60.09,0.057,14.0,0.0595,26.8,61.83,13.26731,-8.09282,4.41092,0.00019,0.40712
9248.32,SYN.BTC-24APR20,1583405945716,open,0.01,705.5,0.0025,0.028,0.01214243,64.16,0.013,0.0,BTC-24APR20-7000-P,9094.0,63.15,0.0115,20.0,0.013,24.0,65.49,5.91261,-3.80319,-1.39217,8e-05,-0.09802
9248.32,SYN.BTC-24APR20,1583405945716,open,0.34,1.0,0.34,0.375,0.35598087,72.28,0.346,0.0,BTC-24APR20-6000-C,9094.0,0.0,0.351,12.4,0.3655,17.5,94.21,2.93461,-2.12655,7.63566,3e-05,0.96019
9248.32,SYN.BTC-24APR20,1583405945716,open,0.02,145.0,0.0075,0.043,0.02037782,66.16,0.0205,0.0,BTC-24APR20-12000-C,9094.0,65.23,0.0195,68.8,0.021,0.1,66.82,8.74557,-5.80056,1.92765,0.00011,0.17291
9248.32,SYN.BTC-24APR20,1583405945716,open,0.04,174.4,0.015,0.0555,0.03129849,59.6,0.033,0.0,BTC-24APR20-8000-P,9094.0,58.87,0.0305,43.5,0.0325,5.0,60.69,10.15259,-6.06559,-3.19019,0.00015,-0.22114
9248.32,SYN.BTC-24APR20,1583405945716,open,0.09,45.3,0.0725,0.1315,0.09997637,59.15,0.093,0.0,BTC-24APR20-9000-C,9094.0,58.12,0.0985,29.2,0.102,4.0,60.56,13.27091,-7.86952,6.22336,0.00019,0.59243
232.37,SYN.ETH-6MAR20,1583405945716,open,0.0,1172.0,0.0005,0.0105,0.0,78.16,0.0005,0.0,ETH-6MAR20-190-P,232.31,0.0,0.0,0.0,0.0005,5.0,192.5,0.0,0.0,0.0,0.0,0.0
232.37,SYN.ETH-6MAR20,1583405945716,open,0.21,0.0,0.2015,0.2485,0.225377,139.57,None,0.0,ETH-6MAR20-180-C,232.31,0.0,0.0,0.0,0.0,0.0,0.0,4e-05,-0.0026,0.00432,2e-05,0.99992
9248.32,SYN.BTC-24APR20,1583405945716,open,0.03,87.3,0.0165,0.0615,0.03462698,63.94,0.034,0.0,BTC-24APR20-11000-C,9094.0,63.43,0.034,0.4,0.035,19.3,64.25,11.28402,-7.23314,2.96262,0.00015,0.26906
232.37,SYN.ETH-6MAR20,1583405945716,open,0.0,554.0,0.0005,0.0105,0.0,74.0,0.0005,0.0,ETH-6MAR20-360-C,232.31,0.0,0.0,0.0,0.008,59.0,500.0,0.0,0.0,0.0,0.0,0.0
9248.32,SYN.BTC-24APR20,1583405945716,open,0.34,0.0,0.2835,0.3585,0.31795017,66.2,None,0.0,BTC-24APR20-12000-P,9094.0,0.0,0.001,0.1,1.0,0.1,500.0,8.75168,-5.80823,-14.46794,0.00011,-0.8269
9248.32,SYN.BTC-24APR20,1583405945716,open,0.16,13.2,0.1075,0.177,0.13939365,60.87,0.16,0.0,BTC-24APR20-10000-P,9094.0,57.45,0.1345,19.6,0.1435,23.6,63.72,13.26784,-8.09617,-9.25322,0.00019,-0.59281
9248.32,SYN.BTC-24APR20,1583405945716,open,0.24,0.1,0.2345,0.279,0.25522522,64.13,0.253,0.0,BTC-24APR20-7000-C,9094.0,46.76,0.2465,9.0,0.2715,16.5,85.54,5.90813,-3.7982,8.17461,8e-05,0.90208
9248.32,SYN.BTC-24APR20,1583405945716,open,0.01,84.3,0.004,0.0335,0.01383391,70.56,0.013,0.0,BTC-24APR20-13000-C,9094.0,69.42,0.013,74.2,0.0145,0.1,71.45,6.83809,-4.83695,1.34145,8e-05,0.11998
233.83,ETH-27MAR20,1583405945718,open,0.65,36.0,0.6475,0.6675,0.657872,110.48,0.637,0.0,ETH-27MAR20-80-C,232.31,0.0,0.0,0.0,0.0,0.0,0.0,5e-05,-0.00013,0.04794,0.0,0.99998
239.08,ETH-26JUN20,1583405945718,open,0.04,1778.0,0.0175,0.083,0.045042,96.3,0.045,0.0,ETH-26JUN20-440-C,232.31,95.61,0.044,40.0,0.046,296.0,96.93,0.36288,-0.1548,0.10851,0.00213,0.1918
233.83,ETH-27MAR20,1583405945718,open,0.0,12994.0,0.0005,0.0105,2.4e-05,109.81,0.0005,0.0,ETH-27MAR20-600-C,232.31,0.0,0.0,0.0,0.001,300.0,150.94,0.00078,-0.00195,5e-05,2e-05,0.00037
239.08,ETH-26JUN20,1583405945718,open,0.01,1120.0,0.003,0.0365,0.013772,104.75,0.014,0.0,ETH-26JUN20-680-C,232.31,102.18,0.012,710.0,0.0155,300.0,107.08,0.1714,-0.07953,0.03891,0.00093,0.06641
239.08,ETH-26JUN20,1583405945718,open,2.07,1.0,1.927,2.1325,2.02347,106.18,1.99,0.0,ETH-26JUN20-720-P,232.31,0.0,0.0,0.0,2.6645,1.0,448.93,0.15421,-0.07253,-2.19253,0.00082,-0.94201
232.37,SYN.ETH-6MAR20,1583405945718,open,0.23,188.0,0.17,0.2435,0.204968,0.0,0.08,0.0,ETH-6MAR20-280-P,232.31,0.0,0.09,1.0,0.0,0.0,0.0,0.0,0.0,-0.00672,0.0,-1.0
232.37,SYN.ETH-6MAR20,1583405945718,open,0.0,3455.0,0.0005,0.0105,0.0,78.05,0.001,0.0,ETH-6MAR20-200-P,232.31,0.0,0.0,0.0,0.001,300.0,167.19,2e-05,-8e-05,0.0,2e-05,-4e-05
232.37,SYN.ETH-6MAR20,1583405945722,open,0.0,725.0,0.0005,0.0105,0.0,71.44,0.0005,0.0,ETH-6MAR20-270-C,232.31,0.0,0.0,0.0,0.0005,4.0,146.0,0.0,-2e-05,0.0,1e-05,1e-05
233.83,ETH-27MAR20,1583405945855,open,0.56,1117.0,0.5595,0.585,0.572379,110.47,0.567,0.0,ETH-27MAR20-100-C,232.31,0.0,0.1,1.0,0.0,0.0,0.0,0.00107,-0.00269,0.05985,3e-05,0.99947
244.35,SYN.ETH-25SEP20,1583405945857,open,0.25,145.0,0.1745,0.298,0.234984,83.85,0.25,0.0,ETH-25SEP20-240-P,232.31,83.5,0.234,250.0,0.246,466.0,87.78,0.68716,-0.14131,-0.82049,0.00246,-0.36617
233.83,ETH-27MAR20,1583405945876,open,0.0,2324.0,0.0005,0.0105,1e-06,110.48,0.0005,0.0,ETH-27MAR20-80-P,232.31,0.0,0.0,0.0,0.0005,253.0,175.51,5e-05,-0.00013,0.0,0.0,-2e-05
232.37,SYN.ETH-6MAR20,1583405945883,open,0.0,73.0,0.0005,0.0105,0.0,73.68,0.0005,0.0,ETH-6MAR20-340-C,232.31,0.0,0.0,0.0,0.0005,19.0,322.2,0.0,0.0,0.0,0.0,0.0
232.37,SYN.ETH-6MAR20,1583405945917,open,0.0,76.0,0.0005,0.0105,0.0,73.47,0.001,0.0,ETH-6MAR20-330-C,232.31,0.0,0.0,0.0,0.008,59.0,475.71,0.0,0.0,0.0,0.0,0.0
239.08,ETH-26JUN20,1583405945920,open,1.07,0.0,0.9645,1.1275,1.041284,96.3,None,0.0,ETH-26JUN20-480-P,232.31,0.0,0.01,50.0,0.0,0.0,0.0,0.31083,-0.13259,-1.39787,0.00183,-0.84939
9248.32,SYN.BTC-24APR20,1583405945923,open,0.0,825.2,0.0005,0.0115,0.00196576,123.6,0.002,0.0,BTC-24APR20-28000-C,9094.0,119.74,0.0015,227.0,0.0025,26.7,127.31,1.22345,-1.516,0.15266,1e-05,0.01405
9248.32,SYN.BTC-24APR20,1583405945923,open,2.09,0.0,1.969,2.0985,2.02963458,124.28,None,0.0,BTC-24APR20-28000-P,9094.0,0.0,0.001,0.1,0.0,0.0,0.0,1.26286,-1.57342,-38.10265,1e-05,-0.98543
232.37,SYN.ETH-6MAR20,1583405945926,open,0.0,377.0,0.0005,0.0105,0.0,72.57,0.0005,0.0,ETH-6MAR20-300-C,232.31,0.0,0.0,0.0,0.0005,3.0,229.13,0.0,0.0,0.0,0.0,0.0
9099.47,SYN.BTC-7MAR20,1583405946022,open,0.0,0.051,0.0995,0.07356758,70.6,None,0.0,BTC-7MAR20-9750-P,9094.0,0.0,0.0605,5.0,0.0945,5.0,172.28,1.06169,-19.98071,-0.4598,0.00035,-0.90972
9099.47,SYN.BTC-7MAR20,1583405946022,open,0.0,0.0005,0.014,0.00204035,70.29,None,0.0,BTC-7MAR20-9750-C,9094.0,65.28,0.0015,1.0,0.0025,53.5,74.08,1.053,-18.56608,0.0408,0.00035,0.08928
9096.55,SYN.BTC-6MAR20,1583405946032,open,0.0,169.4,0.0005,0.0105,0.0,84.17,0.0005,0.0,BTC-6MAR20-12250-C,9094.0,0.0,0.0,0.0,0.0005,49.0,261.05,0.0,0.0,0.0,0.0,0.0
9096.55,SYN.BTC-6MAR20,1583405946032,open,0.37,0.0,0.3205,0.374,0.34670959,203.19,None,0.0,BTC-6MAR20-12250-P,9094.0,0.0,0.0005,0.1,0.0,0.0,0.0,0.02354,-2.39176,-0.29355,1e-05,-0.99836
232.86,SYN.ETH-13MAR20,1583405946034,open,0.34,0.0,0.336,0.375,0.355867,98.44,0.323,0.0,ETH-13MAR20-150-C,232.31,0.0,0.3395,22.0,0.3645,22.0,210.99,0.00107,-0.00669,0.03232,9e-05,0.99908
9116.96,SYN.BTC-13MAR20,1583405946039,open,0.24,0.0,0.2445,0.275,0.25969672,73.57,None,0.0,BTC-13MAR20-6750-C,9094.0,0.0,0.2465,10.0,0.2645,10.0,135.45,0.09592,-0.44803,1.45182,1e-05,0.99771
9116.96,SYN.BTC-13MAR20,1583405946039,open,0.0,240.4,0.0005,0.0105,9.893e-05,75.6,0.0005,0.0,BTC-13MAR20-6750-P,9094.0,0.0,0.0,0.0,0.0005,30.0,91.3,0.1177,-0.56493,-0.00584,1e-05,-0.00287
9116.96,SYN.BTC-13MAR20,1583405946062,open,0.0,350.3,0.0005,0.0105,0.00093444,70.91,0.0005,0.0,BTC-13MAR20-11250-C,9094.0,64.73,0.0005,78.0,0.0015,31.0,76.62,0.77322,-3.48105,0.04663,6e-05,0.02464
9116.96,SYN.BTC-13MAR20,1583405946062,open,0.26,0.0,0.21,0.263,0.23493812,71.37,None,0.0,BTC-13MAR20-11250-P,9094.0,0.0,0.0005,0.1,0.0,0.0,0.0,0.7937,-3.59641,-2.37935,6e-05,-0.97458
233.83,ETH-27MAR20,1583405946193,open,0.92,0.0,0.8275,0.944,0.882839,109.56,None,0.0,ETH-27MAR20-440-P,232.31,0.0,0.003,50.0,1.0785,1.0,399.88,0.01931,-0.04835,-0.26203,0.00054,-0.98689
244.35,SYN.ETH-25SEP20,1583405946208,open,0.36,540.0,0.2775,0.42,0.347605,85.45,0.367,0.0,ETH-25SEP20-280-P,232.31,85.24,0.347,250.0,0.3605,18.0,89.8,0.72446,-0.15182,-1.09921,0.00254,-0.45777
239.08,ETH-26JUN20,1583405946210,open,0.26,2168.0,0.2175,0.3075,0.263514,84.13,0.256,0.0,ETH-26JUN20-200-C,232.31,80.02,0.256,598.0,0.267,571.0,86.02,0.4389,-0.16356,0.34553,0.00295,0.73086
232.37,SYN.ETH-6MAR20,1583405946210,open,0.0,635.0,0.0005,0.015,0.00126,77.85,0.004,0.0,ETH-6MAR20-220-P,232.31,73.81,0.001,305.0,0.003,600.0,98.39,0.01578,-0.29277,-0.00041,0.01565,-0.07302
239.08,ETH-26JUN20,1583405946212,open,0.2,828.0,0.134,0.2425,0.187045,84.04,0.1995,0.0,ETH-26JUN20-240-P,232.31,82.17,0.183,536.0,0.1965,239.0,88.42,0.51709,-0.1925,-0.44203,0.00348,-0.41081
244.35,SYN.ETH-25SEP20,1583405946212,open,0.05,327.0,0.0205,0.097,0.052643,95.22,0.0495,0.0,ETH-25SEP20-600-C,232.31,93.35,0.049,497.0,0.056,200.0,96.89,0.48307,-0.11281,0.177,0.00152,0.18233
244.35,SYN.ETH-25SEP20,1583405946212,open,0.15,502.0,0.0955,0.1955,0.143823,83.85,0.156,0.0,ETH-25SEP20-200-P,232.31,82.7,0.141,250.0,0.151,545.0,86.79,0.5963,-0.12263,-0.55578,0.00213,-0.26339
239.08,ETH-26JUN20,1583405946229,open,0.32,231.0,0.2405,0.3675,0.302983,86.63,0.315,0.0,ETH-26JUN20-280-P,232.31,83.92,0.297,320.0,0.315,337.0,92.06,0.5284,-0.20276,-0.61934,0.00345,-0.5347
244.35,SYN.ETH-25SEP20,1583405946253,open,0.05,618.0,0.025,0.081,0.049728,85.59,0.049,0.0,ETH-25SEP20-140-P,232.31,83.71,0.047,295.0,0.053,535.0,87.8,0.35865,-0.07528,-0.22744,0.00126,-0.11692
233.83,ETH-27MAR20,1583405946290,open,0.74,5.0,0.6615,0.7715,0.713373,107.82,0.42,0.0,ETH-27MAR20-400-P,232.31,0.0,0.0,0.0,0.8355,1.0,299.55,0.03742,-0.09222,-0.2361,0.00106,-0.97141
233.82,ETH-27MAR20,1583405946290,open,0.03,4637.0,0.007,0.047,0.023259,82.21,0.025,0.0,ETH-27MAR20-200-P,232.31,80.31,0.022,70.0,0.025,523.0,84.81,0.15547,-0.29215,-0.02992,0.00577,-0.19028
239.08,ETH-26JUN20,1583405946304,open,0.07,1761.0,0.035,0.116,0.071953,90.92,0.075,0.0,ETH-26JUN20-360-C,232.31,88.82,0.068,606.0,0.0755,286.0,92.77,0.45424,-0.18293,0.16035,0.00283,0.28884
239.08,ETH-26JUN20,1583405946341,open,0.6,1.0,0.507,0.653,0.577662,90.88,1.827,0.0,ETH-26JUN20-360-P,232.31,0.0,0.015,2.0,1.3,1.0,494.83,0.45415,-0.18283,-0.95299,0.00283,-0.7113
244.35,SYN.ETH-25SEP20,1583405946350,open,0.08,1017.0,0.039,0.1325,0.081272,92.5,0.076,0.0,ETH-25SEP20-480-C,232.31,90.32,0.076,500.0,0.0865,332.0,94.62,0.59704,-0.13544,0.24943,0.00194,0.26402
244.35,SYN.ETH-25SEP20,1583405946350,open,0.63,0.0,0.5245,0.691,0.60587,87.81,None,0.0,ETH-25SEP20-360-P,232.31,19.4,0.4735,1.0,1.1,1.0,271.38,0.7039,-0.15158,-1.65059,0.0024,-0.60349
233.82,ETH-27MAR20,1583405946357,open,0.0,6130.0,0.0005,0.0155,0.004219,97.91,0.0065,0.0,ETH-27MAR20-360-C,232.31,92.27,0.003,643.0,0.0055,545.0,102.89,0.05564,-0.12451,0.00591,0.00173,0.04643
239.08,ETH-26JUN20,1583405946357,open,0.09,1819.0,0.0535,0.143,0.096288,88.79,0.097,0.0,ETH-26JUN20-320-C,232.31,86.74,0.092,600.0,0.1,280.0,90.56,0.50002,-0.19667,0.19912,0.00319,0.36561
244.35,SYN.ETH-25SEP20,1583405946390,open,0.08,155.0,0.0425,0.1135,0.075291,84.86,0.085,0.0,ETH-25SEP20-160-P,232.31,82.78,0.0715,287.0,0.079,527.0,86.87,0.44862,-0.09336,-0.32437,0.00159,-0.16237
232.86,SYN.ETH-13MAR20,1583405946433,open,0.26,0.0,0.2475,0.293,0.27047,95.84,None,0.0,ETH-13MAR20-170-C,232.31,0.0,0.2695,1.0,0.2815,20.0,174.56,0.00957,-0.05823,0.03612,0.00085,0.98943
232.86,SYN.ETH-13MAR20,1583405946433,open,0.3,1.0,0.292,0.3335,0.313031,96.5,0.274,0.0,ETH-13MAR20-160-C,232.31,0.0,0.295,21.0,0.3225,21.0,190.55,0.00339,-0.02079,0.03435,0.0003,0.99672
233.82,ETH-27MAR20,1583405946435,open,1.61,0.0,1.4915,1.645,1.565991,0.0,None,0.0,ETH-27MAR20-600-P,232.31,0.0,0.03,50.0,0.0,0.0,0.0,0.0,0.0,-0.3596,0.0,-1.0
244.35,SYN.ETH-25SEP20,1583405946435,open,0.03,182.0,0.0075,0.06,0.026541,102.22,0.029,0.0,ETH-25SEP20-880-C,232.31,100.2,0.024,500.0,0.029,500.0,104.09,0.31493,-0.07895,0.09703,0.00092,0.09763
232.86,SYN.ETH-13MAR20,1583405946441,open,0.0,305.0,0.0005,0.0105,0.000593,86.06,0.001,0.0,ETH-13MAR20-310-C,232.31,84.17,0.0005,56.0,0.002,315.0,103.27,0.01213,-0.06626,0.00067,0.0012,0.01389
232.86,SYN.ETH-13MAR20,1583405946444,open,0.0,201.0,0.0005,0.0115,0.001763,81.59,0.003,0.0,ETH-13MAR20-290-C,232.31,74.26,0.001,653.0,0.002,1.0,83.46,0.02843,-0.14727,0.00183,0.00298,0.03827
232.86,SYN.ETH-13MAR20,1583405946446,open,0.13,0.0,0.1165,0.176,0.14657,81.9,None,0.0,ETH-13MAR20-200-C,232.31,0.0,0.1405,22.0,0.1665,19.0,140.06,0.05676,-0.2951,0.03822,0.00592,0.90734
9248.32,SYN.BTC-24APR20,1583405946506,open,1.65,0.0,1.545,1.659,1.59783896,114.29,None,0.0,BTC-24APR20-24000-P,9094.0,0.0,0.001,0.1,0.0,0.0,0.0,1.68207,-1.92725,-32.57243,1e-05,-0.97962
9248.32,SYN.BTC-24APR20,1583405946506,open,0.0,119.5,0.0005,0.013,0.00269426,113.86,0.003,0.0,BTC-24APR20-24000-C,9094.0,109.57,0.002,44.0,0.0035,73.8,117.98,1.64996,-1.88328,0.21774,1e-05,0.01992
9096.55,SYN.BTC-6MAR20,1583405946550,open,0.0,137.4,0.0005,0.0105,0.0,63.91,0.001,0.0,BTC-6MAR20-7250-P,9094.0,0.0,0.0,0.0,0.0005,49.0,213.7,0.0,0.0,0.0,0.0,0.0
9096.55,SYN.BTC-6MAR20,1583405946550,open,0.19,12.0,0.187,0.2185,0.20296779,0.0,0.185,0.0,BTC-6MAR20-7250-C,9094.0,0.0,0.0005,0.6,0.0,0.0,0.0,0.0,0.0,0.17394,0.0,1.0
239.08,ETH-26JUN20,1583405946586,open,0.66,0.0,0.656,0.681,0.667937,98.09,None,0.0,ETH-26JUN20-80-C,232.31,0.0,0.665,1.0,0.0,0.0,0.0,0.03944,-0.01714,0.23715,0.00023,0.98869
244.35,SYN.ETH-25SEP20,1583405946589,open,0.2,606.0,0.132,0.245,0.18706,83.85,0.187,0.0,ETH-25SEP20-220-P,232.31,83.08,0.185,250.0,0.196,528.0,87.22,0.64901,-0.13347,-0.68566,0.00232,-0.31531
232.37,SYN.ETH-6MAR20,1583405946695,open,0.04,420.0,0.0245,0.0835,0.054499,77.88,0.0405,0.0,ETH-6MAR20-220-C,232.31,0.0,0.053,1.0,0.057,60.0,105.7,0.0158,-0.61504,0.00486,0.01566,0.92692
239.08,ETH-26JUN20,1583405946700,open,0.58,1.0,0.5715,0.6075,0.588823,95.62,0.38,0.0,ETH-26JUN20-100-C,232.31,0.0,0.5815,1.0,0.0,0.0,0.0,0.08639,-0.03659,0.28302,0.00051,0.97162
244.35,SYN.ETH-25SEP20,1583405946700,open,0.6,4.0,0.5865,0.631,0.608092,89.47,0.625,0.0,ETH-25SEP20-100-C,232.31,0.0,0.5905,1.0,0.6635,3.0,144.64,0.18053,-0.03961,0.47018,0.00061,0.95258
233.82,ETH-27MAR20,1583405946704,open,0.02,10802.0,0.0065,0.0475,0.022942,83.2,0.023,0.0,ETH-27MAR20-280-C,232.31,82.59,0.0225,482.0,0.024,20.0,84.67,0.16807,-0.31963,0.02717,0.00616,0.21681
233.82,ETH-27MAR20,1583405946713,open,1.79,0.0,1.6575,1.8215,1.737041,0.0,None,0.0,ETH-27MAR20-640-P,232.31,0.0,0.01,50.0,0.0,0.0,0.0,0.0,0.0,-0.38357,0.0,-1.0
232.37,SYN.ETH-6MAR20,1583405946742,open,0.0,816.0,0.0005,0.0215,0.00328,70.33,0.003,0.0,ETH-6MAR20-240-C,232.31,59.51,0.002,302.0,0.0045,549.0,79.4,0.02973,-0.76209,0.00098,0.03262,0.17866
235.45,SYN.ETH-24APR20,1583405946748,open,0.2,0.0,0.1395,0.239,0.188051,83.72,None,0.0,ETH-24APR20-260-P,232.31,81.28,0.1845,144.0,0.192,144.0,86.43,0.34248,-0.28744,-0.24255,0.0054,-0.56583
233.83,ETH-27MAR20,1583405946750,open,0.17,66.0,0.109,0.1965,0.151716,81.84,0.1435,0.0,ETH-27MAR20-260-P,232.31,0.0,0.0525,25.0,0.2525,25.0,187.35,0.20827,-0.3896,-0.11462,0.00777,-0.66615
232.86,SYN.ETH-13MAR20,1583405946752,open,0.17,0.0,0.1595,0.214,0.186726,86.62,None,0.0,ETH-13MAR20-190-C,232.31,0.0,0.184,1.0,0.2045,19.0,153.94,0.03428,-0.18853,0.03844,0.00338,0.95176
232.37,SYN.ETH-6MAR20,1583405946766,open,0.18,232.0,0.1285,0.198,0.161934,0.0,0.192,0.0,ETH-6MAR20-270-P,232.31,0.0,0.14,25.0,0.1915,12.0,417.05,0.0,0.0,-0.00648,0.0,-1.0
232.37,SYN.ETH-6MAR20,1583405946768,open,0.05,465.0,0.006,0.069,0.03611,70.32,0.0485,0.0,ETH-6MAR20-240-P,232.31,56.32,0.0345,60.0,0.0395,60.0,94.01,0.02972,-1.04501,-0.00478,0.03263,-0.82139
232.37,SYN.ETH-6MAR20,1583405946770,open,0.02,878.0,0.0005,0.035,0.009326,71.16,0.012,0.0,ETH-6MAR20-230-P,232.31,58.54,0.007,250.0,0.012,530.0,85.42,0.04325,-1.5389,-0.00216,0.04692,-0.37765
233.83,ETH-27MAR20,1583405946773,open,0.17,66.0,0.109,0.1965,0.151716,81.84,0.1435,0.0,ETH-27MAR20-260-P,232.31,0.0,0.0525,25.0,0.253,25.0,187.86,0.20827,-0.3896,-0.11462,0.00777,-0.66615
239.08,ETH-26JUN20,1583405946782,open,0.5,303.0,0.489,0.536,0.51192,90.8,0.608,0.0,ETH-26JUN20-120-C,232.31,0.0,0.498,32.0,0.528,29.0,113.2,0.14335,-0.05766,0.32177,0.00089,0.94713
232.37,SYN.ETH-6MAR20,1583405946784,open,0.18,232.0,0.1285,0.198,0.161934,0.0,0.192,0.0,ETH-6MAR20-270-P,232.31,0.0,0.14,12.0,0.1915,12.0,417.05,0.0,0.0,-0.00648,0.0,-1.0
9452.04,BTC-26JUN20,1583405946808,open,0.08,144.9,0.059,0.132,0.09111973,67.11,0.0905,0.0,BTC-26JUN20-11000-C,9094.0,66.36,0.0895,4.0,0.0925,19.3,67.74,20.46903,-6.08467,9.40889,0.00011,0.41301
9452.04,BTC-26JUN20,1583405946808,open,0.45,0.0,0.3835,0.484,0.42881374,70.52,None,0.0,BTC-26JUN20-13000-P,9094.0,0.0,0.0005,0.1,2.0,0.1,500.0,17.3393,-5.41666,-33.909,9e-05,-0.73125
9452.04,BTC-26JUN20,1583405946808,open,0.27,0.0,0.212,0.3065,0.25488843,67.11,None,0.0,BTC-26JUN20-11000-P,9094.0,24.82,0.174,8.5,0.3775,6.0,122.66,20.46901,-6.08461,-24.60847,0.00011,-0.58699
9452.04,BTC-26JUN20,1583405946808,open,0.05,98.4,0.028,0.0905,0.05345072,70.52,0.0545,0.0,BTC-26JUN20-13000-C,9094.0,69.73,0.052,19.3,0.055,19.3,71.37,17.33942,-5.41676,6.29337,9e-05,0.26875
9248.32,SYN.BTC-24APR20,1583405946842,open,0.77,0.0,0.6985,0.7825,0.73662744,84.69,None,0.0,BTC-24APR20-16000-P,9094.0,0.0,0.001,0.1,1.5,0.1,500.0,3.82607,-3.24834,-21.24612,4e-05,-0.94458
9248.32,SYN.BTC-24APR20,1583405946842,open,0.01,372.2,0.0005,0.021,0.00653098,84.56,0.007,0.0,BTC-24APR20-16000-C,9094.0,83.24,0.006,44.0,0.007,24.8,85.68,3.80872,-3.2288,0.61384,4e-05,0.0551
235.45,SYN.ETH-24APR20,1583405946909,open,0.11,340.0,0.0735,0.153,0.113278,82.73,0.115,0.0,ETH-24APR20-240-C,232.31,80.5,0.11,279.0,0.1165,144.0,84.93,0.34581,-0.2868,0.13599,0.00552,0.53598
235.45,SYN.ETH-24APR20,1583405946910,open,0.1,232.0,0.0515,0.128,0.08756,82.7,0.0935,0.0,ETH-24APR20-220-P,232.31,80.48,0.0845,217.0,0.09,452.0,84.48,0.32366,-0.26835,-0.14203,0.00517,-0.35389
232.86,SYN.ETH-13MAR20,1583405946912,open,0.05,402.0,0.012,0.0695,0.037676,74.79,0.039,0.0,ETH-13MAR20-230-P,232.31,71.02,0.0355,180.0,0.0385,1.0,76.22,0.13456,-0.6389,-0.02368,0.01538,-0.43356
233.82,ETH-27MAR20,1583405946915,open,0.31,2335.0,0.296,0.3445,0.31987,95.12,0.266,0.0,ETH-27MAR20-160-C,232.31,0.0,0.3155,1.0,0.3345,22.0,139.49,0.04977,-0.10819,0.08964,0.0016,0.95956
235.45,SYN.ETH-24APR20,1583405946920,open,0.11,340.0,0.0735,0.153,0.113278,82.73,0.115,0.0,ETH-24APR20-240-C,232.31,80.5,0.11,279.0,0.1165,149.0,84.93,0.34581,-0.2868,0.13599,0.00552,0.53598
235.45,SYN.ETH-24APR20,1583405947020,open,0.08,13.0,0.0475,0.122,0.083822,83.75,0.0835,0.0,ETH-24APR20-260-C,232.31,81.47,0.0805,286.0,0.087,151.0,85.93,0.34249,-0.28756,0.11274,0.0054,0.43424
235.45,SYN.ETH-24APR20,1583405947027,open,0.02,130.0,0.0045,0.034,0.015798,88.84,0.031,0.0,ETH-24APR20-160-P,232.31,86.64,0.0145,240.0,0.0175,548.0,91.62,0.14138,-0.12592,-0.03405,0.0021,-0.09004
233.83,ETH-27MAR20,1583405947028,open,0.0,8798.0,0.0005,0.014,0.004127,94.99,0.0075,0.0,ETH-27MAR20-160-P,232.31,91.9,0.0035,301.0,0.005,255.0,98.89,0.04957,-0.10763,-0.00622,0.00159,-0.04024
233.83,ETH-27MAR20,1583405947040,open,0.01,10033.0,0.0005,0.026,0.009177,90.6,0.0085,0.0,ETH-27MAR20-320-C,232.31,87.69,0.008,555.0,0.0105,1.0,93.67,0.09765,-0.20223,0.0122,0.00329,0.0962
233.83,ETH-27MAR20,1583405947044,open,0.06,4706.0,0.035,0.1,0.066484,79.94,0.067,0.0,ETH-27MAR20-240-C,232.31,77.4,0.064,144.0,0.069,41.0,82.52,0.22823,-0.41703,0.05879,0.00871,0.48595
233.83,ETH-27MAR20,1583405947053,open,0.04,5373.0,0.0155,0.0695,0.039797,81.84,0.033,0.0,ETH-27MAR20-260-C,232.31,79.25,0.0375,480.0,0.042,236.0,84.31,0.20827,-0.3896,0.04121,0.00777,0.33385
235.45,SYN.ETH-24APR20,1583405947057,open,0.06,19.0,0.0305,0.098,0.062045,84.97,0.053,0.0,ETH-24APR20-280-C,232.31,83.1,0.0595,290.0,0.0645,192.0,86.77,0.3212,-0.27362,0.09153,0.00499,0.34655
235.45,SYN.ETH-24APR20,1583405947063,open,0.19,30.0,0.1645,0.2405,0.203429,82.99,0.2,0.0,ETH-24APR20-200-C,232.31,76.55,0.196,417.0,0.2085,234.0,87.31,0.27456,-0.22843,0.17695,0.00437,0.75342
233.82,ETH-27MAR20,1583405947065,open,0.16,3220.0,0.134,0.2005,0.167937,82.27,0.162,0.0,ETH-27MAR20-200-C,232.31,67.98,0.159,247.0,0.172,240.0,88.25,0.15554,-0.29246,0.08992,0.00577,0.8096
235.45,SYN.ETH-24APR20,1583405947068,open,0.04,473.0,0.0195,0.0795,0.04629,86.44,0.05,0.0,ETH-24APR20-300-C,232.31,84.16,0.0435,534.0,0.0485,192.0,88.22,0.29028,-0.25153,0.0735,0.00443,0.27474
233.83,ETH-27MAR20,1583405947072,open,0.06,2329.0,0.0225,0.083,0.050131,80.42,0.049,0.0,ETH-27MAR20-220-P,232.31,77.49,0.0475,216.0,0.0525,297.0,83.05,0.21013,-0.38623,-0.0549,0.00797,-0.3416
235.45,SYN.ETH-24APR20,1583405947075,open,0.14,8.0,0.089,0.179,0.132566,82.7,0.147,0.0,ETH-24APR20-240-P,232.31,80.61,0.1295,169.0,0.136,357.0,85.04,0.34581,-0.2867,-0.19195,0.00552,-0.46405
9248.32,SYN.BTC-24APR20,1583405947074,open,0.0,162.4,0.0005,0.016,0.00400326,101.61,0.0035,0.0,BTC-24APR20-20000-C,9094.0,99.58,0.0035,44.0,0.0045,52.7,103.46,2.39318,-2.43779,0.34176,2e-05,0.03105
9248.32,SYN.BTC-24APR20,1583405947074,open,1.21,0.0,1.1215,1.22,1.16662385,101.86,None,0.0,BTC-24APR20-20000-P,9094.0,0.0,0.001,0.1,0.0,0.0,0.0,2.41787,-2.469,-26.98331,2e-05,-0.96857
9096.55,SYN.BTC-6MAR20,1583405947080,open,0.12,88.2,0.078,0.1235,0.09950642,86.04,0.108,0.0,BTC-6MAR20-10000-P,9094.0,0.0,0.085,6.0,0.119,6.0,272.68,0.14934,-6.42487,-0.23712,9e-05,-0.98698
9698.95,BTC-25SEP20,1583405947086,open,0.16,479.0,0.114,0.2045,0.15442023,66.2,0.152,0.0,BTC-25SEP20-9000-P,9094.0,64.78,0.1505,4.0,0.155,8.9,66.41,26.71029,-4.3366,-27.06204,8e-05,-0.34511
232.86,SYN.ETH-13MAR20,1583405947101,open,0.08,24.0,0.0285,0.097,0.061202,74.3,0.075,0.0,ETH-13MAR20-240-P,232.31,71.31,0.0595,180.0,0.0645,211.0,80.05,0.13313,-0.62794,-0.03262,0.01532,-0.58795
