underlying_price,underlying_index,timestamp,state,settlement_price,open_interest,min_price,max_price,mark_price,mark_iv,last_price,interest_rate,instrument_name,index_price,bid_iv,best_bid_price,best_bid_amount,best_ask_price,best_ask_amount,ask_iv,vega,theta,rho,gamma,delta
5091.61,SYN.BTC-20MAR20,1584529140021,open,0.06,151.4,0.005,0.109,0.05679035,166.82,0.049,0.0,BTC-20MAR20-5000-C,5102.59,144.29,0.0505,26.8,0.0585,19.2,172.93,1.42389,-63.31872,0.13789,0.00064,0.5838
111.97,SYN.ETH-19MAR20,1584529140023,open,0.2,0.0,0.1375,0.2825,0.206973,203.31,None,0.0,ETH-19MAR20-135-P,112.08,0.0,0.1605,14.0,0.253,14.0,500.0,0.00411,-0.41787,-0.00315,0.00672,-0.96627
111.97,SYN.ETH-19MAR20,1584529140023,open,0.0,1.0,0.0005,0.016,0.001385,206.17,0.0005,0.0,ETH-19MAR20-135-C,112.08,195.2,0.001,1.0,0.0065,65.0,286.2,0.00432,-0.15503,9e-05,0.00696,0.03578
111.84,SYN.ETH-20MAR20,1584529140025,open,0.0,67.0,0.0005,0.0155,0.0,250.18,0.0005,0.0,ETH-20MAR20-330-C,112.08,0.0,0.0,0.0,0.002,369.0,500.0,0.0,0.0,0.0,0.0,0.0
111.84,SYN.ETH-20MAR20,1584529140030,open,0.01,307.0,0.0005,0.026,0.008064,178.13,0.009,0.0,ETH-20MAR20-130-C,112.08,160.12,0.0055,10.0,0.011,300.0,196.05,0.01719,-0.81625,0.00072,0.01501,0.13256
111.84,SYN.ETH-20MAR20,1584529140030,open,0.17,513.0,0.129,0.2125,0.170322,177.45,0.2475,0.0,ETH-20MAR20-130-P,112.08,0.0,0.023,5.0,0.983,12.0,500.0,0.0171,-0.80885,-0.00597,0.01499,-0.86846
111.84,SYN.ETH-20MAR20,1584529140032,open,0.0,10.0,0.0005,0.0155,0.0,250.18,0.0085,0.0,ETH-20MAR20-340-C,112.08,0.0,0.0,0.0,0.0005,200.0,500.0,0.0,0.0,0.0,0.0,0.0
110.9,SYN.ETH-24APR20,1584529140032,open,0.08,707.0,0.021,0.093,0.078446,156.22,0.0865,0.0,ETH-24APR20-160-C,112.08,149.98,0.0715,310.0,0.0855,310.0,162.43,0.12473,-0.2642,0.02618,0.00643,0.31212
110.9,SYN.ETH-24APR20,1584529140034,open,0.84,1276.0,0.758,0.896,0.845087,161.18,0.7485,0.0,ETH-24APR20-200-P,112.08,0.0,0.352,12.0,1.3525,12.0,500.0,0.09423,-0.20594,-0.18596,0.00471,-0.81456
110.9,SYN.ETH-24APR20,1584529140034,open,1.53,8.0,1.4515,1.612,1.540135,171.46,0.604,0.0,ETH-24APR20-280-P,112.08,0.0,1.0505,12.0,2.051,12.0,500.0,0.05081,-0.11814,-0.276,0.00238,-0.92319
110.9,SYN.ETH-24APR20,1584529140034,open,0.04,430.0,0.005,0.0565,0.041935,161.43,0.057,0.0,ETH-24APR20-200-C,112.08,156.72,0.038,63.0,0.046,322.0,166.12,0.09442,-0.20666,0.01614,0.00471,0.18602
110.9,SYN.ETH-24APR20,1584529140034,open,0.01,3292.0,0.0005,0.0205,0.005829,186.26,0.0065,0.0,ETH-24APR20-400-C,112.08,170.51,0.003,325.0,0.01,325.0,202.01,0.02444,-0.06173,0.00279,0.00106,0.03069
110.9,SYN.ETH-24APR20,1584529140034,open,1.18,27.0,1.103,1.2495,1.187073,164.22,0.9705,0.0,ETH-24APR20-240-P,112.08,0.0,0.697,12.0,1.6975,12.0,500.0,0.06698,-0.14916,-0.23254,0.00328,-0.88837
110.9,SYN.ETH-24APR20,1584529140034,open,1.89,0.0,1.8015,1.979,1.895911,176.53,None,0.0,ETH-24APR20-320-P,112.08,0.0,1.4075,12.0,2.408,12.0,500.0,0.0386,-0.0924,-0.31843,0.00176,-0.94608
110.9,SYN.ETH-24APR20,1584529140036,open,2.24,0.0,2.1515,2.3485,2.2537,181.5,None,0.0,ETH-24APR20-360-P,112.08,0.0,1.767,12.0,2.767,12.0,500.0,0.03028,-0.07451,-0.3601,0.00134,-0.96016
110.9,SYN.ETH-24APR20,1584529140036,open,0.01,647.0,0.0005,0.0255,0.010869,177.5,0.0135,0.0,ETH-24APR20-320-C,112.08,166.93,0.0075,325.0,0.015,325.0,188.06,0.03934,-0.09468,0.00497,0.00178,0.05523
110.9,SYN.ETH-24APR20,1584529140036,open,0.52,1857.0,0.4305,0.564,0.520967,156.07,0.5875,0.0,ETH-24APR20-160-P,112.08,0.0,0.027,12.0,1.0275,12.0,500.0,0.12467,-0.26382,-0.13548,0.00643,-0.68822
110.9,SYN.ETH-24APR20,1584529140036,open,0.02,456.0,0.0015,0.038,0.023291,164.64,0.027,0.0,ETH-24APR20-240-C,112.08,157.22,0.019,325.0,0.028,325.0,172.05,0.06735,-0.15035,0.00999,0.00329,0.11247
110.9,SYN.ETH-24APR20,1584529140036,open,0.0,1711.0,0.0005,0.0185,0.003865,186.42,0.0075,0.0,ETH-24APR20-440-C,112.08,166.75,0.0015,425.0,0.008,325.0,206.08,0.01793,-0.04533,0.00194,0.00077,0.0212
111.97,SYN.ETH-19MAR20,1584529140038,open,0.11,0.0,0.05,0.159,0.112699,201.14,None,0.0,ETH-19MAR20-100-C,112.08,0.0,0.0005,4.0,0.0,0.0,0.0,0.01069,-1.07529,0.00207,0.01767,0.88429
111.97,SYN.ETH-19MAR20,1584529140040,open,0.0,0.0,0.0005,0.0205,0.005728,200.3,None,0.0,ETH-19MAR20-100-P,112.08,152.41,0.002,52.0,0.0205,52.0,320.86,0.01063,-0.64132,-0.00032,0.01765,-0.11482
111.84,SYN.ETH-20MAR20,1584529140047,open,0.2,28.0,0.1705,0.224,0.201173,224.45,0.2005,0.0,ETH-20MAR20-90-C,112.08,0.0,0.0005,20.0,0.5985,30.0,500.0,0.01149,-0.68763,0.00415,0.00797,0.92375
111.84,SYN.ETH-20MAR20,1584529140047,open,0.0,2487.0,0.0005,0.0205,0.005814,223.75,0.0105,0.0,ETH-20MAR20-90-P,112.08,210.12,0.0045,330.0,0.011,300.0,267.35,0.01143,-0.6502,-0.00047,0.00795,-0.07568
111.84,SYN.ETH-20MAR20,1584529140055,open,0.09,1699.0,0.048,0.137,0.09451,168.04,0.1,0.0,ETH-20MAR20-120-P,112.08,0.0,0.021,6.0,0.2,1.0,500.0,0.02788,-1.24873,-0.00457,0.02581,-0.69996
111.84,SYN.ETH-20MAR20,1584529140055,open,0.02,570.0,0.0005,0.051,0.021656,168.42,0.033,0.0,ETH-20MAR20-120-C,112.08,147.25,0.0165,313.0,0.027,283.0,189.45,0.0279,-1.25256,0.0016,0.02577,0.30055
111.84,SYN.ETH-20MAR20,1584529140064,open,0.0,2605.0,0.0005,0.0155,0.001735,332.22,0.0005,0.0,ETH-20MAR20-70-P,112.08,324.65,0.0015,100.0,0.002,5.0,340.05,0.00363,-0.19402,-0.00012,0.0017,-0.01846
111.84,SYN.ETH-20MAR20,1584529140064,open,0.38,34.0,0.355,0.392,0.375903,333.93,0.358,0.0,ETH-20MAR20-70-C,112.08,0.0,0.169,30.0,0.55,1.0,500.0,0.0037,-0.32924,0.00348,0.00172,0.98111
111.84,SYN.ETH-20MAR20,1584529140064,open,0.29,28.0,0.263,0.306,0.287868,277.21,0.2815,0.0,ETH-20MAR20-80-C,112.08,0.0,0.079,30.0,0.6795,30.0,500.0,0.0065,-0.48014,0.00388,0.00365,0.9629
111.84,SYN.ETH-20MAR20,1584529140064,open,0.0,2441.0,0.0005,0.018,0.003104,276.1,0.003,0.0,ETH-20MAR20-80-P,112.08,254.46,0.002,200.0,0.0045,80.0,297.96,0.00642,-0.34716,-0.00023,0.00362,-0.03658
110.95,ETH-27MAR20,1584529140096,open,4.39,0.0,4.25,4.5745,4.407354,0.0,None,0.0,ETH-27MAR20-600-P,112.09,0.0,0.03,50.0,0.0,0.0,0.0,0.0,0.0,-0.1459,0.0,-1.0
110.95,ETH-27MAR20,1584529140096,open,0.01,4402.0,0.0005,0.0295,0.014701,236.58,0.006,0.0,ETH-27MAR20-70-P,112.09,228.75,0.013,100.0,0.0165,330.0,244.46,0.02473,-0.32953,-0.00245,0.00349,-0.07594
110.95,ETH-27MAR20,1584529140096,open,4.75,0.0,4.601,4.947,4.768364,230.45,None,0.0,ETH-27MAR20-640-P,112.09,0.0,0.01,50.0,0.0,0.0,0.0,0.0,-1e-05,-0.15563,0.0,-1.0
110.8,ETH-26JUN20,1584529140096,open,1.92,124.0,1.8105,2.02,1.93126,143.44,1.68,0.0,ETH-26JUN20-320-P,112.09,0.0,1.453,10.0,2.4535,10.0,419.31,0.13487,-0.09685,-0.84337,0.0028,-0.85045
110.81,ETH-26JUN20,1584529140096,open,0.92,936.0,0.799,0.978,0.922354,142.65,0.79,0.0,ETH-26JUN20-200-P,112.09,0.0,0.433,10.0,1.4335,10.0,411.15,0.21188,-0.15131,-0.48043,0.00442,-0.66212
110.81,ETH-26JUN20,1584529140096,open,0.01,816.0,0.0005,0.021,0.006335,153.26,0.005,0.0,ETH-26JUN20-720-C,112.09,140.13,0.003,370.0,0.009,320.0,160.59,0.03567,-0.02737,0.00614,0.00069,0.02659
110.95,ETH-27MAR20,1584529140096,open,0.0,13154.0,0.0005,0.0155,0.000721,225.28,0.0015,0.0,ETH-27MAR20-280-C,112.09,216.97,0.0005,150.0,0.001,199.0,233.45,0.00335,-0.04256,0.00017,0.0005,0.00696
110.95,ETH-27MAR20,1584529140096,open,0.0,3356.0,0.0005,0.0155,1e-05,229.96,0.003,0.0,ETH-27MAR20-440-C,112.09,0.0,0.0,0.0,0.002,369.0,350.84,8e-05,-0.00109,0.0,1e-05,0.00012
110.95,ETH-27MAR20,1584529140096,open,1.88,981.0,1.8,1.973,1.884144,0.0,1.452,0.0,ETH-27MAR20-320-P,112.09,0.0,1.4895,12.0,2.69,12.0,500.0,0.0,0.0,-0.07781,0.0,-1.0
110.95,ETH-27MAR20,1584529140097,open,0.0,3779.0,0.0005,0.0155,4e-06,230.22,0.01,0.0,ETH-27MAR20-480-C,112.09,0.0,0.0,0.0,0.002,369.0,368.78,3e-05,-0.00041,0.0,0.0,5e-05
110.81,ETH-26JUN20,1584529140097,open,0.01,4529.0,0.0005,0.024,0.009147,153.26,0.007,0.0,ETH-26JUN20-640-C,112.09,137.62,0.004,320.0,0.014,320.0,163.2,0.04688,-0.03597,0.00845,0.00091,0.037
110.81,ETH-26JUN20,1584529140097,open,1.25,264.0,1.127,1.315,1.247532,142.62,1.233,0.0,ETH-26JUN20-240-P,112.09,0.0,0.7635,10.0,1.764,10.0,410.56,0.18563,-0.13253,-0.60456,0.00387,-0.74631
110.95,ETH-27MAR20,1584529140097,open,0.0,2193.0,0.0005,0.0155,1e-06,230.41,0.0015,0.0,ETH-27MAR20-560-C,112.09,0.0,0.0,0.0,0.002,369.0,400.03,1e-05,-6e-05,0.0,0.0,1e-05
110.81,ETH-26JUN20,1584529140097,open,1.58,349.0,1.466,1.664,1.586249,143.51,1.33,0.0,ETH-26JUN20-280-P,112.09,0.0,1.105,10.0,2.1055,10.0,414.15,0.15984,-0.11484,-0.72504,0.00331,-0.80495
110.81,ETH-26JUN20,1584529140097,open,2.27,1.0,2.1585,2.3815,2.282702,145.27,1.827,0.0,ETH-26JUN20-360-P,112.09,0.0,1.805,10.0,2.8055,10.0,425.37,0.11654,-0.08475,-0.95871,0.00239,-0.87913
110.81,ETH-26JUN20,1584529140097,open,4.76,0.0,4.6085,4.9605,4.78428,152.01,None,0.0,ETH-26JUN20-640-P,112.09,0.0,4.3185,10.0,5.319,10.0,468.17,0.04512,-0.03434,-1.74315,0.00088,-0.96468
110.81,ETH-26JUN20,1584529140097,open,2.62,0.0,2.507,2.7455,2.638496,148.59,None,0.0,ETH-26JUN20-400-P,112.09,0.0,2.16,10.0,3.1605,10.0,431.66,0.10418,-0.0775,-1.0719,0.00209,-0.89667
110.81,ETH-26JUN20,1584529140097,open,0.53,42.0,0.466,0.5405,0.5257,148.72,0.7865,0.0,ETH-26JUN20-60-C,112.09,0.0,0.3275,20.0,0.722,1.0,329.11,0.1156,-0.08607,0.10758,0.00231,0.88051
110.95,ETH-27MAR20,1584529140097,open,0.02,3425.0,0.0005,0.0295,0.014543,178.21,0.0195,0.0,ETH-27MAR20-160-C,112.09,166.07,0.011,87.0,0.0185,300.0,190.27,0.03447,-0.34605,0.00283,0.00646,0.11931
110.65,SYN.ETH-25SEP20,1584529140096,open,0.04,407.0,0.0035,0.052,0.037422,136.66,0.038,0.0,ETH-25SEP20-600-C,112.09,128.42,0.027,300.0,0.0485,300.0,144.17,0.15232,-0.05453,0.0431,0.00174,0.11191
110.65,SYN.ETH-25SEP20,1584529140097,open,0.06,1016.0,0.0105,0.0755,0.057202,136.67,0.0525,0.0,ETH-25SEP20-480-C,112.09,127.75,0.0425,300.0,0.0665,300.0,141.75,0.19543,-0.06996,0.06002,0.00223,0.16093
110.96,ETH-27MAR20,1584529140098,open,0.01,4194.0,0.0005,0.0225,0.007862,189.1,0.0105,0.0,ETH-27MAR20-180-C,112.09,179.29,0.006,100.0,0.01,300.0,198.9,0.02264,-0.24117,0.00161,0.004,0.06769
110.96,ETH-27MAR20,1584529140098,open,0.0,4525.0,0.0005,0.0155,1e-06,230.33,0.0105,0.0,ETH-27MAR20-520-C,112.09,0.0,0.0,0.0,0.002,369.0,385.07,1e-05,-0.00015,0.0,0.0,2e-05
110.96,ETH-27MAR20,1584529140098,open,2.95,0.0,2.85,3.088,2.965403,229.95,2.3815,0.0,ETH-27MAR20-440-P,112.09,0.0,2.5725,12.0,3.773,12.0,500.0,8e-05,-0.00109,-0.10699,1e-05,-0.99988
110.96,ETH-27MAR20,1584529140098,open,1.52,1219.0,1.4505,1.6015,1.52438,232.04,1.77,0.0,ETH-27MAR20-280-P,112.09,0.0,1.1285,12.0,2.329,12.0,500.0,0.00409,-0.05348,-0.06788,0.00059,-0.99128
110.81,ETH-26JUN20,1584529140098,open,5.11,0.0,4.9575,5.3305,5.143666,151.72,None,0.0,ETH-26JUN20-680-P,112.09,0.0,4.68,10.0,5.6805,10.0,473.41,0.03883,-0.02949,-1.85391,0.00076,-0.97056
110.96,ETH-27MAR20,1584529140099,open,3.67,0.0,3.551,3.832,3.686797,330.86,None,0.0,ETH-27MAR20-520-P,112.09,0.0,3.295,12.0,4.4955,12.0,500.0,0.00164,-0.03048,-0.12638,0.00017,-0.99689
110.96,ETH-27MAR20,1584529140099,open,0.0,3904.0,0.0005,0.0185,0.003669,191.85,0.0035,0.0,ETH-27MAR20-200-C,112.09,175.05,0.002,95.0,0.006,300.0,208.6,0.01318,-0.14247,0.00083,0.0023,0.0344
110.96,ETH-27MAR20,1584529140099,open,0.0,4605.0,0.0005,0.0155,2.8e-05,229.48,0.0035,0.0,ETH-27MAR20-400-C,112.09,0.0,0.0,0.0,0.002,369.0,330.9,0.00021,-0.00272,1e-05,3e-05,0.00033
110.81,ETH-26JUN20,1584529140099,open,0.05,1307.0,0.0055,0.0585,0.043695,143.86,0.05,0.0,ETH-26JUN20-320-C,112.09,137.73,0.0365,320.0,0.0515,312.0,150.0,0.13563,-0.09767,0.03247,0.00281,0.15079
110.96,ETH-27MAR20,1584529140099,open,0.0,7905.0,0.0005,0.0155,0.0,230.45,0.0005,0.0,ETH-27MAR20-640-C,112.09,0.0,0.0,0.0,0.0005,34.0,373.51,0.0,-1e-05,0.0,0.0,0.0
110.81,ETH-26JUN20,1584529140100,open,0.02,469.0,0.0005,0.0295,0.014959,150.41,0.033,0.0,ETH-26JUN20-520-C,112.09,140.14,0.0095,320.0,0.022,320.0,160.7,0.06727,-0.05065,0.01306,0.00133,0.05804
110.96,ETH-27MAR20,1584529140099,open,0.03,1110.0,0.001,0.0445,0.029515,166.78,0.028,0.0,ETH-27MAR20-140-C,112.09,156.82,0.025,323.0,0.0325,295.0,173.11,0.05156,-0.48443,0.00521,0.01033,0.22248
110.81,ETH-26JUN20,1584529140100,open,5.47,0.0,5.309,5.703,5.503357,151.38,4.702,0.0,ETH-26JUN20-720-P,112.09,0.0,5.0425,10.0,6.0425,10.0,478.6,0.03339,-0.0253,-1.96444,0.00066,-0.97543
110.81,ETH-26JUN20,1584529140100,open,0.01,3788.0,0.0005,0.026,0.011107,153.26,0.01,0.0,ETH-26JUN20-600-C,112.09,143.55,0.007,2.0,0.0165,320.0,162.99,0.05396,-0.0414,0.00998,0.00105,0.044
110.81,ETH-26JUN20,1584529140100,open,0.42,0.0,0.3325,0.428,0.411117,142.27,None,0.0,ETH-26JUN20-80-C,112.09,0.0,0.2245,20.0,0.625,20.0,291.52,0.16659,-0.11865,0.11518,0.00349,0.79099
110.65,SYN.ETH-25SEP20,1584529140096,open,0.21,540.0,0.1035,0.2405,0.195661,131.54,0.189,0.0,ETH-25SEP20-200-C,112.09,128.85,0.188,1.0,0.2035,282.0,134.29,0.31581,-0.10882,0.14237,0.00375,0.4417
110.96,ETH-27MAR20,1584529140100,open,0.0,2604.0,0.0005,0.0155,0.003196,211.65,0.003,0.0,ETH-27MAR20-220-C,112.09,204.18,0.0025,1.0,0.004,500.0,219.08,0.01117,-0.13313,0.00067,0.00176,0.02815
110.81,ETH-26JUN20,1584529140100,open,0.14,2052.0,0.0615,0.15,0.133008,142.23,0.128,0.0,ETH-26JUN20-80-P,112.09,134.56,0.1215,293.0,0.1445,273.0,149.86,0.16659,-0.11861,-0.1037,0.00349,-0.209
110.81,ETH-26JUN20,1584529140101,open,0.02,844.0,0.001,0.033,0.018006,149.34,0.027,0.0,ETH-26JUN20-480-C,112.09,139.6,0.012,382.0,0.0255,320.0,159.1,0.07666,-0.05732,0.01535,0.00153,0.06864
110.96,ETH-27MAR20,1584529140101,open,0.29,2001.0,0.2285,0.3225,0.291345,167.02,0.377,0.0,ETH-27MAR20-140-P,112.09,0.0,0.1,9.0,0.5,10.0,500.0,0.05162,-0.48569,-0.02883,0.01032,-0.77708
110.96,ETH-27MAR20,1584529140101,open,0.8,4045.0,0.75,0.8585,0.806121,191.85,0.889,0.0,ETH-27MAR20-200-P,112.09,0.0,0.41,12.0,1.6105,12.0,500.0,0.01318,-0.14247,-0.0478,0.0023,-0.9656
110.96,ETH-27MAR20,1584529140101,open,0.22,68.0,0.168,0.241,0.226258,189.76,0.332,0.0,ETH-27MAR20-90-C,112.09,0.0,0.0215,30.0,0.622,30.0,500.0,0.04788,-0.51178,0.01558,0.00843,0.80386
110.96,ETH-27MAR20,1584529140101,open,0.0,6278.0,0.0005,0.0155,7.7e-05,227.9,0.0005,0.0,ETH-27MAR20-360-C,112.09,0.0,0.0,0.0,0.002,369.0,308.52,0.00051,-0.00653,2e-05,7e-05,0.00086
110.96,ETH-27MAR20,1584529140102,open,1.16,1727.0,1.1005,1.23,1.16471,214.82,1.25,0.0,ETH-27MAR20-240-P,112.09,0.0,0.768,12.0,1.9685,12.0,500.0,0.00706,-0.08543,-0.05797,0.0011,-0.98364
110.81,ETH-26JUN20,1584529140102,open,0.04,1482.0,0.003,0.0485,0.033906,145.27,0.035,0.0,ETH-26JUN20-360-C,112.09,138.86,0.0275,320.0,0.041,320.0,151.7,0.11655,-0.08477,0.02637,0.00239,0.12089
110.65,SYN.ETH-25SEP20,1584529140097,open,6.56,0.0,6.3705,6.8485,6.610506,137.48,None,0.0,ETH-25SEP20-840-P,112.09,0.0,0.0,0.0,0.0,0.0,0.0,0.09726,-0.03503,-4.36812,0.0011,-0.93843
110.65,SYN.ETH-25SEP20,1584529140097,open,0.14,1309.0,0.049,0.163,0.127633,133.39,0.124,0.0,ETH-25SEP20-280-C,112.09,130.39,0.12,2.0,0.1355,290.0,136.42,0.28446,-0.09939,0.10873,0.00333,0.31554
110.96,ETH-27MAR20,1584529140103,open,4.03,1.0,3.901,4.2035,4.047319,346.46,3.65,0.0,ETH-27MAR20-560-P,112.09,0.0,3.656,12.0,4.8565,12.0,500.0,0.00168,-0.03279,-0.1361,0.00016,-0.9968
110.65,SYN.ETH-25SEP20,1584529140096,open,0.02,187.0,0.0015,0.034,0.019233,139.99,0.0275,0.0,ETH-25SEP20-880-C,112.09,128.94,0.011,300.0,0.0305,300.0,151.07,0.09721,-0.03565,0.02447,0.00108,0.06153
110.65,SYN.ETH-25SEP20,1584529140096,open,1.65,685.0,1.513,1.759,1.657449,133.12,1.372,0.0,ETH-25SEP20-280-P,112.09,0.0,0.0,0.0,0.0,0.0,0.0,0.28406,-0.09906,-1.35572,0.00333,-0.68549
110.65,SYN.ETH-25SEP20,1584529140100,open,0.04,745.0,0.005,0.0575,0.042849,136.66,0.056,0.0,ETH-25SEP20-560-C,112.09,128.46,0.0315,300.0,0.0535,300.0,143.39,0.16542,-0.05922,0.04798,0.00189,0.12577
110.96,ETH-27MAR20,1584529140105,open,0.98,2174.0,0.925,1.044,0.985892,211.65,0.9,0.0,ETH-27MAR20-220-P,112.09,0.0,0.5885,12.0,1.789,12.0,500.0,0.01117,-0.13313,-0.05282,0.00176,-0.97185
110.65,SYN.ETH-25SEP20,1584529140096,open,0.07,524.0,0.014,0.0865,0.066782,136.67,0.0755,0.0,ETH-25SEP20-440-C,112.09,132.78,0.0595,1.0,0.0745,300.0,140.59,0.21241,-0.07604,0.06746,0.00243,0.18337
110.65,SYN.ETH-25SEP20,1584529140096,open,1.99,112.0,1.848,2.107,1.995362,133.06,1.3695,0.0,ETH-25SEP20-320-P,112.09,0.0,0.0,0.0,0.0,0.0,0.0,0.26298,-0.09166,-1.57887,0.00309,-0.73321
110.65,SYN.ETH-25SEP20,1584529140099,open,0.03,315.0,0.0035,0.045,0.030256,137.74,0.022,0.0,ETH-25SEP20-680-C,112.09,129.2,0.021,300.0,0.0415,300.0,146.3,0.13271,-0.04788,0.03607,0.0015,0.0926
110.65,SYN.ETH-25SEP20,1584529140097,open,4.07,0.0,3.918,4.2595,4.10248,135.74,None,0.0,ETH-25SEP20-560-P,112.09,0.0,0.0,0.0,0.0,0.0,0.0,0.16267,-0.05784,-2.88145,0.00187,-0.87721
110.65,SYN.ETH-25SEP20,1584529140100,open,0.11,501.0,0.035,0.137,0.104144,133.39,0.095,0.0,ETH-25SEP20-320-C,112.09,126.42,0.088,294.0,0.114,294.0,137.46,0.26362,-0.09211,0.09486,0.00309,0.26808
110.65,SYN.ETH-25SEP20,1584529140096,open,1.16,307.0,1.0265,1.252,1.1607,131.35,1.124,0.0,ETH-25SEP20-220-P,112.09,0.0,0.154,1.0,1.769,1.0,390.03,0.30951,-0.10649,-1.01775,0.00368,-0.59817
110.9,SYN.ETH-24APR20,1584529140096,open,0.1,34.0,0.0325,0.1275,0.10346,161.15,0.107,0.0,ETH-24APR20-90-P,112.09,154.29,0.0965,309.0,0.1105,272.0,168.06,0.11282,-0.24651,-0.03998,0.00563,-0.25339
111.84,SYN.ETH-20MAR20,1584529140096,open,0.13,32.0,0.0795,0.1505,0.122267,197.75,0.1385,0.0,ETH-20MAR20-100-C,112.09,0.0,0.0865,25.0,0.155,25.0,343.08,0.02209,-1.16457,0.00393,0.01738,0.80519
110.9,SYN.ETH-24APR20,1584529140096,open,0.02,1061.0,0.0005,0.033,0.01814,166.91,0.024,0.0,ETH-24APR20-260-C,112.09,157.21,0.0135,325.0,0.0235,325.0,176.6,0.05725,-0.12957,0.00805,0.00276,0.09001
110.65,SYN.ETH-25SEP20,1584529140097,open,6.2,0.0,6.02,6.478,6.250721,136.99,None,0.0,ETH-25SEP20-800-P,112.09,0.0,0.0,0.0,0.0,0.0,0.0,0.1034,-0.03711,-4.15702,0.00118,-0.93339
110.65,SYN.ETH-25SEP20,1584529140100,open,2.33,0.0,2.188,2.46,2.343749,135.28,None,0.0,ETH-25SEP20-360-P,112.09,0.0,0.0,0.0,0.0,0.0,0.0,0.24691,-0.0875,-1.79783,0.00285,-0.76324
110.65,SYN.ETH-25SEP20,1584529140099,open,0.02,2.0,0.0015,0.036,0.021059,139.75,0.021,0.0,ETH-25SEP20-840-C,112.09,129.1,0.0125,300.0,0.0325,300.0,150.43,0.10357,-0.03791,0.02644,0.00116,0.06675
110.9,SYN.ETH-24APR20,1584529140097,open,0.01,1050.0,0.0005,0.0275,0.012538,173.76,0.0165,0.0,ETH-24APR20-300-C,112.09,162.38,0.0085,325.0,0.0175,325.0,185.11,0.04392,-0.10347,0.00572,0.00203,0.06354
110.9,SYN.ETH-24APR20,1584529140097,open,0.07,76.0,0.0155,0.0865,0.071942,166.05,0.073,0.0,ETH-24APR20-80-P,112.09,159.08,0.066,328.0,0.078,285.0,173.06,0.09525,-0.21445,-0.0292,0.00462,-0.18868
111.84,SYN.ETH-20MAR20,1584529140096,open,0.05,91.0,0.0145,0.092,0.059173,178.23,0.056,0.0,ETH-20MAR20-110-C,112.09,63.78,0.0275,30.0,0.088,30.0,280.76,0.03139,-1.49131,0.00298,0.0274,0.57684
110.65,SYN.ETH-25SEP20,1584529140098,open,4.78,0.0,4.6175,4.9945,4.8158,135.82,None,0.0,ETH-25SEP20-640-P,112.09,0.0,0.0,0.0,0.0,0.0,0.0,0.13787,-0.04905,-3.30883,0.00159,-0.90248
110.65,SYN.ETH-25SEP20,1584529140098,open,0.3,416.0,0.195,0.338,0.287826,129.65,0.29,0.0,ETH-25SEP20-140-C,112.09,125.29,0.2755,315.0,0.3,274.0,133.99,0.31173,-0.10587,0.17267,0.00376,0.58623
110.65,SYN.ETH-25SEP20,1584529140098,open,0.11,884.0,0.0525,0.1315,0.11488,138.93,0.1,0.0,ETH-25SEP20-60-P,112.09,126.38,0.0955,331.0,0.1215,286.0,143.18,0.17211,-0.06264,-0.14353,0.00193,-0.13317
111.84,SYN.ETH-20MAR20,1584529140097,open,0.0,811.0,0.0005,0.016,0.001255,200.43,0.003,0.0,ETH-20MAR20-150-C,112.09,176.28,0.0005,4.0,0.0025,153.0,224.54,0.00458,-0.14037,0.00013,0.00356,0.02435
110.65,SYN.ETH-25SEP20,1584529140097,open,3.72,0.0,3.569,3.8935,3.747578,135.88,None,0.0,ETH-25SEP20-520-P,112.09,0.0,0.0,0.0,0.0,0.0,0.0,0.17747,-0.06317,-2.66655,0.00204,-0.86073
110.65,SYN.ETH-25SEP20,1584529140098,open,6.91,0.0,6.721,7.2185,6.970082,137.45,None,0.0,ETH-25SEP20-880-P,112.09,0.0,0.0,0.0,0.0,0.0,0.0,0.0903,-0.03251,-4.57941,0.00103,-0.94399
110.65,SYN.ETH-25SEP20,1584529140102,open,3.02,0.0,2.8765,3.177,3.042207,136.1,None,0.0,ETH-25SEP20-440-P,112.09,0.0,0.0,0.0,0.0,0.0,0.0,0.21091,-0.0752,-2.23408,0.00242,-0.8187
110.9,SYN.ETH-24APR20,1584529140096,open,1.35,4.0,1.277,1.43,1.362237,166.38,1.122,0.0,ETH-24APR20-260-P,112.09,0.0,0.873,12.0,1.8735,12.0,500.0,0.05679,-0.12811,-0.2547,0.00275,-0.91096
110.65,SYN.ETH-25SEP20,1584529140100,open,0.19,869.0,0.085,0.217,0.172988,131.54,0.168,0.0,ETH-25SEP20-220-C,112.09,127.6,0.162,2.0,0.1815,285.0,134.57,0.30964,-0.10669,0.13281,0.00368,0.40251
110.65,SYN.ETH-25SEP20,1584529140100,open,0.24,1098.0,0.127,0.268,0.219417,130.47,0.22,0.0,ETH-25SEP20-180-C,112.09,127.2,0.21,5.0,0.229,280.0,133.8,0.31891,-0.109,0.15221,0.00382,0.48247
110.65,SYN.ETH-25SEP20,1584529140103,open,3.37,0.0,3.2235,3.539,3.394029,136.0,None,0.0,ETH-25SEP20-480-P,112.09,0.0,0.0,0.0,0.0,0.0,0.0,0.19355,-0.06895,-2.45081,0.00222,-0.84143
110.65,SYN.ETH-25SEP20,1584529140097,open,0.05,398.0,0.006,0.064,0.049349,136.66,0.046,0.0,ETH-25SEP20-520-C,112.09,127.8,0.036,300.0,0.0595,300.0,142.63,0.17977,-0.06436,0.05358,0.00205,0.14194
110.9,SYN.ETH-24APR20,1584529140099,open,1.71,0.0,1.6265,1.795,1.717265,172.94,None,0.0,ETH-24APR20-300-P,112.09,0.0,1.229,12.0,2.229,12.0,500.0,0.04327,-0.10146,-0.29747,0.00201,-0.93766
111.84,SYN.ETH-20MAR20,1584529140096,open,0.34,138.0,0.3025,0.3845,0.342323,197.41,0.2,0.0,ETH-20MAR20-150-P,112.09,0.0,0.0005,10.0,1.154,12.0,500.0,0.0043,-0.22614,-0.00759,0.00339,-0.97744
110.65,SYN.ETH-25SEP20,1584529140098,open,0.08,2009.0,0.0185,0.1,0.076545,135.68,0.075,0.0,ETH-25SEP20-400-C,112.09,127.25,0.06,298.0,0.0845,298.0,139.46,0.22822,-0.08111,0.0751,0.00263,0.20633
110.65,SYN.ETH-25SEP20,1584529140097,open,0.1,1007.0,0.0255,0.1165,0.091129,135.68,0.086,0.0,ETH-25SEP20-360-C,112.09,132.9,0.085,2.0,0.0975,296.0,138.49,0.24778,-0.08806,0.08515,0.00285,0.23828
110.9,SYN.ETH-24APR20,1584529140097,open,0.05,363.0,0.006,0.063,0.048422,173.48,0.0515,0.0,ETH-24APR20-70-P,112.09,166.2,0.0435,295.0,0.0535,295.0,180.81,0.07593,-0.17861,-0.02038,0.00352,-0.13345
110.65,SYN.ETH-25SEP20,1584529140102,open,0.86,1093.0,0.721,0.9285,0.845727,130.32,0.6,0.0,ETH-25SEP20-180-P,112.09,0.0,0.626,200.0,1.645,3.0,500.0,0.3189,-0.10886,-0.7891,0.00382,-0.51799
110.65,SYN.ETH-25SEP20,1584529140098,open,5.49,0.0,5.319,5.7395,5.532566,136.55,None,0.0,ETH-25SEP20-720-P,112.09,0.0,0.0,0.0,0.0,0.0,0.0,0.11932,-0.04268,-3.73353,0.00136,-0.91968
110.65,SYN.ETH-25SEP20,1584529140107,open,0.44,226.0,0.318,0.483,0.444164,138.89,0.416,0.0,ETH-25SEP20-120-P,112.09,106.36,0.356,22.0,0.4725,22.0,149.73,0.2921,-0.10627,-0.45185,0.00328,-0.33672
110.65,SYN.ETH-25SEP20,1584529140097,open,0.02,49.0,0.002,0.0395,0.024806,138.57,0.02,0.0,ETH-25SEP20-760-C,112.09,129.07,0.016,300.0,0.036,300.0,148.1,0.11616,-0.04216,0.0305,0.00131,0.07752
110.65,SYN.ETH-25SEP20,1584529140130,open,0.71,91.0,0.5775,0.774,0.694832,129.56,0.52,0.0,ETH-25SEP20-160-P,112.09,0.0,0.446,200.0,0.8,1.0,166.75,0.31833,-0.10803,-0.67413,0.00384,-0.47018
5052.25,SYN.BTC-24APR20,1584529140310,open,4.48,2.0,4.2285,4.897,4.54317586,193.15,4.2765,0.0,BTC-24APR20-28000-P,5102.59,0.0,3.3475,1.6,5.3785,0.5,500.0,0.29423,-0.77057,-28.26047,1e-05,-0.99347
5052.25,SYN.BTC-24APR20,1584529140323,open,2.92,0.0,2.735,3.216,2.96027978,168.29,2.4195,0.0,BTC-24APR20-20000-P,5102.59,0.0,1.274,1.1,3.5515,0.8,500.0,0.44989,-1.02657,-20.16024,1e-05,-0.98941
5056.38,BTC-26JUN20,1584529140324,open,2.15,2.9,1.991,2.399,2.18320774,126.76,1.776,0.0,BTC-26JUN20-16000-P,5102.59,0.0,0.183,1.0,2.684,1.0,402.34,3.92874,-2.49315,-42.93688,4e-05,-0.92009
5050.39,BTC-27MAR20,1584529140326,open,0.13,849.3,0.0745,0.223,0.14908611,151.6,0.14,0.0,BTC-27MAR20-5500-P,5102.59,131.41,0.137,12.0,0.1835,4.0,207.74,3.05081,-26.05467,-0.91482,0.00032,-0.59582
5091.61,SYN.BTC-20MAR20,1584529140328,open,0.89,0.0,0.807,1.037,0.91491044,0.0,None,0.0,BTC-20MAR20-9750-P,5102.59,0.0,0.32,1.2,1.071,4.9,500.0,0.0,0.0,-0.50104,0.0,-1.0
5091.61,SYN.BTC-20MAR20,1584529140329,open,0.8,15.3,0.714,0.9325,0.81671378,203.94,0.2805,0.0,BTC-20MAR20-9250-P,5102.59,0.0,0.2215,1.2,0.9725,4.9,500.0,0.00047,-0.02545,-0.47534,0.0,-0.99997
5091.61,SYN.BTC-20MAR20,1584529140332,open,0.41,516.4,0.3435,0.5155,0.42481063,222.96,0.376,0.0,BTC-20MAR20-7250-P,5102.59,0.0,0.128,2.5,0.501,0.5,500.0,0.15027,-8.93131,-0.36848,5e-05,-0.98346
5050.39,BTC-27MAR20,1584529140336,open,2.91,3.0,2.736,3.2125,2.96007849,0.0,2.33,0.0,BTC-27MAR20-20000-P,5102.59,0.0,1.9415,2.9,3.427,2.1,500.0,0.0,0.0,-4.86339,0.0,-1.0
5050.39,BTC-27MAR20,1584529140341,open,1.25,0.1,1.1485,1.423,1.27794453,208.75,0.6,0.0,BTC-27MAR20-11500-P,5102.59,0.0,0.072,2.5,1.673,2.5,500.0,0.19164,-2.25354,-2.78648,1e-05,-0.99099
5050.32,BTC-27MAR20,1584529140343,open,1.54,12.0,1.4285,1.7385,1.57448753,215.81,1.485,0.0,BTC-27MAR20-13000-P,5102.59,0.0,0.368,2.5,1.969,2.5,500.0,0.09601,-1.16723,-3.15662,1e-05,-0.99587
5050.32,BTC-27MAR20,1584529140346,open,2.52,0.0,2.3625,2.7915,2.56408141,0.0,1.23,0.0,BTC-27MAR20-18000-P,5102.59,0.0,1.3555,2.5,2.9565,2.5,500.0,0.0,0.0,-4.37705,0.0,-1.0
5050.39,BTC-27MAR20,1584529140347,open,1.74,69.5,1.6155,1.949,1.77226849,217.21,2.8715,0.0,BTC-27MAR20-14000-P,5102.59,0.0,0.5655,2.5,2.1665,2.5,500.0,0.05556,-0.67987,-3.40186,0.0,-0.99775
5050.32,BTC-27MAR20,1584529140349,open,1.94,2.0,1.802,2.1595,1.9701638,207.53,0.4565,0.0,BTC-27MAR20-15000-P,5102.59,0.0,0.763,2.5,2.364,2.5,500.0,0.01866,-0.21816,-3.64677,0.0,-0.99932
5050.39,BTC-27MAR20,1584529140351,open,2.13,21.1,1.989,2.37,2.16812662,218.31,2.255,0.0,BTC-27MAR20-16000-P,5102.59,0.0,0.9605,2.5,2.5615,2.5,500.0,0.01777,-0.21857,-3.88999,0.0,-0.99935
5052.25,SYN.BTC-24APR20,1584529140355,open,4.48,2.0,4.2285,4.897,4.54317586,193.15,4.2765,0.0,BTC-24APR20-28000-P,5102.59,0.0,3.3475,1.6,5.378,0.5,500.0,0.29423,-0.77057,-28.26047,1e-05,-0.99347
5052.25,SYN.BTC-24APR20,1584529140368,open,2.92,0.0,2.735,3.216,2.96027978,168.29,2.4195,0.0,BTC-24APR20-20000-P,5102.59,0.0,1.274,1.1,3.551,0.8,500.0,0.44989,-1.02657,-20.16024,1e-05,-0.98941
5056.38,BTC-26JUN20,1584529140378,open,2.15,2.9,1.991,2.399,2.18320774,126.76,1.776,0.0,BTC-26JUN20-16000-P,5102.59,0.0,0.183,1.0,2.6835,1.0,402.06,3.92874,-2.49315,-42.93688,4e-05,-0.92009
5091.61,SYN.BTC-20MAR20,1584529140383,open,0.89,0.0,0.807,1.037,0.91491044,0.0,None,0.0,BTC-20MAR20-9750-P,5102.59,0.0,0.32,1.2,1.0705,4.9,500.0,0.0,0.0,-0.50104,0.0,-1.0
5091.61,SYN.BTC-20MAR20,1584529140384,open,0.8,15.3,0.714,0.9325,0.81671378,203.94,0.2805,0.0,BTC-20MAR20-9250-P,5102.59,0.0,0.2215,1.2,0.972,4.9,500.0,0.00047,-0.02545,-0.47534,0.0,-0.99997
5091.61,SYN.BTC-20MAR20,1584529140389,open,0.36,258.0,0.297,0.4635,0.37603176,213.44,0.309,0.0,BTC-20MAR20-7000-P,5102.59,0.0,0.1,0.1,0.6795,2.5,500.0,0.19555,-11.126,-0.35414,7e-05,-0.97746
5050.39,BTC-27MAR20,1584529140395,open,0.13,849.3,0.0745,0.223,0.14908611,151.6,0.14,0.0,BTC-27MAR20-5500-P,5102.59,131.41,0.137,4.0,0.1835,4.0,207.74,3.05081,-26.05467,-0.91482,0.00032,-0.59582
5050.39,BTC-27MAR20,1584529140400,open,2.91,3.0,2.736,3.2125,2.96007849,0.0,2.33,0.0,BTC-27MAR20-20000-P,5102.59,0.0,1.9415,2.9,3.4265,2.1,500.0,0.0,0.0,-4.86339,0.0,-1.0
5050.39,BTC-27MAR20,1584529140402,open,1.25,0.1,1.1485,1.423,1.27794453,208.75,0.6,0.0,BTC-27MAR20-11500-P,5102.59,0.0,0.072,2.5,1.6725,2.5,500.0,0.19164,-2.25354,-2.78648,1e-05,-0.99099
5050.32,BTC-27MAR20,1584529140403,open,1.54,12.0,1.4285,1.7385,1.57448753,215.81,1.485,0.0,BTC-27MAR20-13000-P,5102.59,0.0,0.368,2.5,1.9685,2.5,500.0,0.09601,-1.16723,-3.15662,1e-05,-0.99587
5050.32,BTC-27MAR20,1584529140405,open,2.52,0.0,2.3625,2.7915,2.56408141,0.0,1.23,0.0,BTC-27MAR20-18000-P,5102.59,0.0,1.3555,2.5,2.956,2.5,500.0,0.0,0.0,-4.37705,0.0,-1.0
5050.39,BTC-27MAR20,1584529140406,open,1.74,69.5,1.6155,1.949,1.77226849,217.21,2.8715,0.0,BTC-27MAR20-14000-P,5102.59,0.0,0.5655,2.5,2.166,2.5,500.0,0.05556,-0.67987,-3.40186,0.0,-0.99775
5050.32,BTC-27MAR20,1584529140411,open,1.94,2.0,1.802,2.1595,1.9701638,207.53,0.4565,0.0,BTC-27MAR20-15000-P,5102.59,0.0,0.763,2.5,2.3635,2.5,500.0,0.01866,-0.21816,-3.64677,0.0,-0.99932
5050.39,BTC-27MAR20,1584529140414,open,2.13,21.1,1.989,2.37,2.16812662,218.31,2.255,0.0,BTC-27MAR20-16000-P,5102.59,0.0,0.9605,2.5,2.561,2.5,500.0,0.01777,-0.21857,-3.88999,0.0,-0.99935
5052.25,SYN.BTC-24APR20,1584529140559,open,4.48,2.0,4.2285,4.897,4.54314047,193.15,4.2765,0.0,BTC-24APR20-28000-P,5102.59,0.0,3.348,1.6,5.378,0.5,500.0,0.29423,-0.77057,-28.26047,1e-05,-0.99347
5052.25,SYN.BTC-24APR20,1584529140572,open,2.92,0.0,2.735,3.216,2.96025456,168.29,2.4195,0.0,BTC-24APR20-20000-P,5102.59,0.0,1.2745,1.1,3.551,0.8,500.0,0.44989,-1.02657,-20.16024,1e-05,-0.98941
5056.38,BTC-26JUN20,1584529140575,open,2.15,2.9,1.991,2.399,2.18321414,126.76,1.776,0.0,BTC-26JUN20-16000-P,5102.59,0.0,0.1835,1.0,2.6835,1.0,402.06,3.92874,-2.49315,-42.93688,4e-05,-0.92009
5091.61,SYN.BTC-20MAR20,1584529140579,open,0.89,0.0,0.807,1.037,0.91491476,0.0,None,0.0,BTC-20MAR20-9750-P,5102.59,0.0,0.3205,1.2,1.0705,4.9,500.0,0.0,0.0,-0.50104,0.0,-1.0
5091.61,SYN.BTC-20MAR20,1584529140580,open,0.8,15.3,0.714,0.9325,0.81671788,203.94,0.2805,0.0,BTC-20MAR20-9250-P,5102.59,0.0,0.222,1.2,0.972,4.9,500.0,0.00047,-0.02545,-0.47534,0.0,-0.99997
5091.61,SYN.BTC-20MAR20,1584529140582,open,0.41,516.4,0.3435,0.5155,0.42481394,222.96,0.376,0.0,BTC-20MAR20-7250-P,5102.59,0.0,0.1285,2.5,0.501,0.5,500.0,0.15027,-8.93131,-0.36848,5e-05,-0.98346
5050.39,BTC-27MAR20,1584529140585,open,2.91,3.0,2.736,3.2125,2.96009417,0.0,2.33,0.0,BTC-27MAR20-20000-P,5102.59,0.0,1.942,2.9,3.4265,2.1,500.0,0.0,0.0,-4.86339,0.0,-1.0
5050.32,BTC-27MAR20,1584529140587,open,2.52,0.0,2.3625,2.7915,2.56414493,0.0,1.23,0.0,BTC-27MAR20-18000-P,5102.59,0.0,1.356,2.5,2.956,2.5,500.0,0.0,0.0,-4.37705,0.0,-1.0
5050.32,BTC-27MAR20,1584529140588,open,1.54,12.0,1.4285,1.7385,1.57453332,215.81,1.485,0.0,BTC-27MAR20-13000-P,5102.59,0.0,0.3685,2.5,1.9685,2.5,500.0,0.09601,-1.16723,-3.15662,1e-05,-0.99587
5050.39,BTC-27MAR20,1584529140591,open,1.25,0.1,1.1485,1.423,1.27795355,208.75,0.6,0.0,BTC-27MAR20-11500-P,5102.59,0.0,0.0725,2.5,1.6725,2.5,500.0,0.19164,-2.25354,-2.78648,1e-05,-0.99099
5050.39,BTC-27MAR20,1584529140593,open,2.13,21.1,1.989,2.37,2.16812662,218.31,2.255,0.0,BTC-27MAR20-16000-P,5102.59,0.0,0.961,2.5,2.561,2.5,500.0,0.01777,-0.21857,-3.88999,0.0,-0.99935
5050.39,BTC-27MAR20,1584529140594,open,1.74,69.5,1.6155,1.949,1.77227944,217.21,2.8715,0.0,BTC-27MAR20-14000-P,5102.59,0.0,0.566,2.5,2.166,2.5,500.0,0.05556,-0.67987,-3.40186,0.0,-0.99775
5050.32,BTC-27MAR20,1584529140596,open,1.94,2.0,1.8025,2.1595,1.9702167,207.53,0.4565,0.0,BTC-27MAR20-15000-P,5102.59,0.0,0.7635,2.5,2.3635,2.5,500.0,0.01866,-0.21816,-3.64677,0.0,-0.99932
5052.25,SYN.BTC-24APR20,1584529140597,open,4.48,2.0,4.2285,4.897,4.54314047,193.15,4.2765,0.0,BTC-24APR20-28000-P,5102.59,0.0,3.348,1.6,5.3785,0.5,500.0,0.29423,-0.77057,-28.26047,1e-05,-0.99347
5052.25,SYN.BTC-24APR20,1584529140599,open,2.92,0.0,2.735,3.216,2.96025456,168.29,2.4195,0.0,BTC-24APR20-20000-P,5102.59,0.0,1.2745,1.1,3.5515,0.8,500.0,0.44989,-1.02657,-20.16024,1e-05,-0.98941
5056.38,BTC-26JUN20,1584529140600,open,2.15,2.9,1.991,2.399,2.18321414,126.76,1.776,0.0,BTC-26JUN20-16000-P,5102.59,0.0,0.1835,1.0,2.684,1.0,402.34,3.92874,-2.49315,-42.93688,4e-05,-0.92009
5091.61,SYN.BTC-20MAR20,1584529140602,open,0.89,0.0,0.807,1.037,0.91491476,0.0,None,0.0,BTC-20MAR20-9750-P,5102.59,0.0,0.3205,1.2,1.071,4.9,500.0,0.0,0.0,-0.50104,0.0,-1.0
5091.61,SYN.BTC-20MAR20,1584529140606,open,0.8,15.3,0.714,0.9325,0.81671788,203.94,0.2805,0.0,BTC-20MAR20-9250-P,5102.59,0.0,0.222,1.2,0.9725,4.9,500.0,0.00047,-0.02545,-0.47534,0.0,-0.99997
5091.61,SYN.BTC-20MAR20,1584529140609,open,0.36,258.0,0.297,0.4635,0.37603498,213.44,0.309,0.0,BTC-20MAR20-7000-P,5102.59,0.0,0.1,0.1,0.68,2.5,500.0,0.19555,-11.126,-0.35414,7e-05,-0.97746
5050.39,BTC-27MAR20,1584529140610,open,2.91,3.0,2.736,3.2125,2.96009417,0.0,2.33,0.0,BTC-27MAR20-20000-P,5102.59,0.0,1.942,2.9,3.427,2.1,500.0,0.0,0.0,-4.86339,0.0,-1.0
5050.32,BTC-27MAR20,1584529140612,open,2.52,0.0,2.3625,2.7915,2.56414493,0.0,1.23,0.0,BTC-27MAR20-18000-P,5102.59,0.0,1.356,2.5,2.9565,2.5,500.0,0.0,0.0,-4.37705,0.0,-1.0
5050.32,BTC-27MAR20,1584529140624,open,1.54,12.0,1.4285,1.7385,1.57453332,215.81,1.485,0.0,BTC-27MAR20-13000-P,5102.59,0.0,0.3685,2.5,1.969,2.5,500.0,0.09601,-1.16723,-3.15662,1e-05,-0.99587
5050.39,BTC-27MAR20,1584529140626,open,1.25,0.1,1.1485,1.423,1.27795355,208.75,0.6,0.0,BTC-27MAR20-11500-P,5102.59,0.0,0.0725,2.5,1.673,2.5,500.0,0.19164,-2.25354,-2.78648,1e-05,-0.99099
5050.39,BTC-27MAR20,1584529140628,open,2.13,21.1,1.989,2.37,2.16812662,218.31,2.255,0.0,BTC-27MAR20-16000-P,5102.59,0.0,0.961,2.5,2.5615,2.5,500.0,0.01777,-0.21857,-3.88999,0.0,-0.99935
5050.39,BTC-27MAR20,1584529140630,open,1.74,69.5,1.6155,1.949,1.77227944,217.21,2.8715,0.0,BTC-27MAR20-14000-P,5102.59,0.0,0.566,2.5,2.1665,2.5,500.0,0.05556,-0.67987,-3.40186,0.0,-0.99775
5050.32,BTC-27MAR20,1584529140631,open,1.94,2.0,1.8025,2.1595,1.9702167,207.53,0.4565,0.0,BTC-27MAR20-15000-P,5102.59,0.0,0.7635,2.5,2.364,2.5,500.0,0.01866,-0.21816,-3.64677,0.0,-0.99932
111.84,SYN.ETH-20MAR20,1584529140682,open,0.13,32.0,0.0795,0.1505,0.122267,197.75,0.1385,0.0,ETH-20MAR20-100-C,112.09,0.0,0.0865,24.0,0.155,25.0,343.08,0.02209,-1.16457,0.00393,0.01738,0.80519
111.84,SYN.ETH-20MAR20,1584529140684,open,0.13,32.0,0.0795,0.1505,0.122267,197.75,0.1385,0.0,ETH-20MAR20-100-C,112.09,0.0,0.0865,54.0,0.155,25.0,343.08,0.02209,-1.16457,0.00393,0.01738,0.80519
111.84,SYN.ETH-20MAR20,1584529140686,open,0.13,32.0,0.0795,0.1505,0.122267,197.75,0.1385,0.0,ETH-20MAR20-100-C,112.09,0.0,0.0865,24.0,0.155,25.0,343.08,0.02209,-1.16457,0.00393,0.01738,0.80519
111.84,SYN.ETH-20MAR20,1584529140689,open,0.13,32.0,0.0795,0.1505,0.122267,197.75,0.1385,0.0,ETH-20MAR20-100-C,112.09,0.0,0.0865,24.0,0.155,24.0,343.08,0.02209,-1.16457,0.00393,0.01738,0.80519
110.96,ETH-27MAR20,1584529140713,open,4.75,0.0,4.6005,4.9465,4.768364,374.78,None,0.0,ETH-27MAR20-640-P,112.09,0.0,0.01,50.0,0.0,0.0,0.0,0.00177,-0.03744,-0.15555,0.00016,-0.9966
110.66,SYN.ETH-25SEP20,1584529140743,open,6.91,0.0,6.725,7.223,6.972227,140.78,None,0.0,ETH-25SEP20-880-P,112.09,0.0,0.0,0.0,0.0,0.0,0.0,0.09941,-0.03666,-4.57684,0.0011,-0.93669
110.66,SYN.ETH-25SEP20,1584529140799,open,3.72,0.0,3.5715,3.896,3.748828,136.91,None,0.0,ETH-25SEP20-520-P,112.09,0.0,0.0,0.0,0.0,0.0,0.0,0.1805,-0.06473,-2.66549,0.00206,-0.85722
5050.37,BTC-27MAR20,1584529140945,open,0.86,33.1,0.775,1.005,0.88359208,191.82,1.108,0.0,BTC-27MAR20-9500-P,5102.75,0.0,0.0895,0.1,1.079,4.9,500.0,0.45776,-4.94635,-2.28273,4e-05,-0.97516
5050.37,BTC-27MAR20,1584529140945,open,1.06,0.1,0.9615,1.2135,1.08011817,193.02,0.1395,0.0,BTC-27MAR20-10500-P,5102.75,0.0,0.0015,1.0,1.476,2.5,500.0,0.23289,-2.5323,-2.54075,2e-05,-0.98873
5056.45,BTC-26JUN20,1584529140946,open,0.18,45.4,0.1125,0.2575,0.18707672,122.94,0.166,0.0,BTC-26JUN20-4500-P,5102.75,120.18,0.182,4.0,0.192,22.8,125.62,9.29894,-5.7233,-6.84352,0.00011,-0.30754
5056.45,BTC-26JUN20,1584529140947,open,1.39,124.0,1.256,1.5835,1.41318467,123.24,1.2925,0.0,BTC-26JUN20-12000-P,5102.75,0.0,0.0005,1.0,1.913,1.0,385.36,6.28347,-3.87677,-31.25432,7e-05,-0.84572
5056.45,BTC-26JUN20,1584529140947,open,1.2,0.5,1.076,1.3845,1.22534099,122.52,1.05,0.0,BTC-26JUN20-11000-P,5102.75,0.0,0.0005,1.0,1.725,1.0,382.02,7.08678,-4.34669,-28.21483,8e-05,-0.81388
5050.37,BTC-27MAR20,1584529140947,open,0.02,277.4,0.0015,0.0525,0.02016869,153.2,0.023,0.0,BTC-27MAR20-6500-C,5102.75,147.68,0.018,17.1,0.0225,53.1,158.9,2.02584,-17.48333,0.18944,0.00021,0.17442
5050.37,BTC-27MAR20,1584529140947,open,0.01,997.4,0.0005,0.0385,0.01241421,157.87,0.015,0.0,BTC-27MAR20-7000-C,5102.75,151.28,0.0105,17.3,0.0145,55.0,164.54,1.52381,-13.55145,0.12536,0.00016,0.11449
5050.37,BTC-27MAR20,1584529140948,open,1.15,251.7,1.055,1.318,1.17879704,195.01,1.07,0.0,BTC-27MAR20-11000-P,5102.75,0.0,0.12,0.2,1.5745,2.5,500.0,0.17308,-1.90133,-2.66592,1e-05,-0.99198
5056.61,BTC-26JUN20,1584529140948,open,1.77,12.5,1.621,1.9875,1.7949078,124.37,1.427,0.0,BTC-26JUN20-14000-P,5102.75,0.0,0.0,0.0,2.296,1.0,393.72,4.89162,-3.04564,-37.18457,6e-05,-0.89252
5056.61,BTC-26JUN20,1584529140948,open,0.24,370.8,0.157,0.322,0.24247127,121.54,0.235,0.0,BTC-26JUN20-5000-P,5102.75,117.76,0.235,21.8,0.2495,23.3,125.11,9.97464,-6.06909,-8.45494,0.00012,-0.36859
5056.61,BTC-26JUN20,1584529140949,open,0.85,626.3,0.7285,1.0,0.86320074,122.56,0.912,0.0,BTC-26JUN20-9000-P,5102.75,0.0,0.037,0.1,1.361,1.0,379.48,8.92535,-5.4762,-21.88677,0.0001,-0.71861
5056.61,BTC-26JUN20,1584529140949,open,0.02,527.3,0.003,0.044,0.018895,126.77,0.0245,0.0,BTC-26JUN20-16000-C,5102.75,123.57,0.0165,30.0,0.0215,12.0,130.0,3.92972,-2.49386,0.84449,4e-05,0.07993
5050.37,BTC-27MAR20,1584529140949,open,0.06,361.6,0.0135,0.108,0.06005815,151.6,0.063,0.0,BTC-27MAR20-5500-C,5102.75,145.69,0.0565,37.2,0.0635,34.9,157.28,3.05078,-26.05389,0.4226,0.00032,0.40417
5078.78,BTC-25SEP20,1584529140950,open,6.01,0.5,5.69,6.565,6.10005083,124.73,5.9,0.0,BTC-25SEP20-36000-P,5102.75,0.0,0.0,0.0,0.0,0.0,0.0,3.33663,-1.09019,-187.43869,2e-05,-0.95731
5056.61,BTC-26JUN20,1584529140949,open,0.06,512.0,0.029,0.109,0.06777546,132.95,0.0615,0.0,BTC-26JUN20-3000-P,5102.75,128.29,0.0625,34.5,0.073,34.5,137.49,5.77235,-3.84195,-2.81965,6e-05,-0.13601
5097.43,SYN.BTC-19MAR20,1584529140946,open,0.01,10.0,0.0005,0.062,0.01598371,174.61,0.013,0.0,BTC-19MAR20-4875-P,5102.75,153.31,0.0125,32.0,0.0195,27.0,195.41,0.8494,-74.15705,-0.03696,0.00078,-0.28623
5091.54,SYN.BTC-20MAR20,1584529140946,open,0.22,334.8,0.1585,0.312,0.23133134,184.33,0.216,0.0,BTC-20MAR20-6250-P,5102.75,0.0,0.006,1.0,0.534,2.5,500.0,0.48317,-23.74086,-0.30419,0.0002,-0.93128
5050.53,BTC-27MAR20,1584529140951,open,0.96,647.5,0.868,1.109,0.9816515,192.74,1.2375,0.0,BTC-27MAR20-10000-P,5102.75,0.0,0.0005,1.0,1.1775,4.9,500.0,0.33034,-3.58674,-2.41298,3e-05,-0.9831
5056.61,BTC-26JUN20,1584529140952,open,0.03,939.3,0.005,0.056,0.02612855,124.24,0.0325,0.0,BTC-26JUN20-14000-C,5102.75,120.89,0.023,31.7,0.0295,12.6,127.63,4.87959,-3.03497,1.12059,6e-05,0.10712
5052.21,SYN.BTC-24APR20,1584529140946,open,0.79,215.8,0.692,0.9345,0.80880888,140.96,0.753,0.0,BTC-24APR20-9000-P,5102.75,0.0,0.018,1.0,1.307,1.0,500.0,3.63473,-6.94709,-8.50002,0.0001,-0.85649
5052.21,SYN.BTC-24APR20,1584529140946,open,0.04,400.2,0.01,0.077,0.04032069,136.9,0.0335,0.0,BTC-24APR20-8000-C,5102.75,130.79,0.035,37.4,0.045,42.2,142.05,4.50697,-8.36619,0.81928,0.00013,0.20083
5052.21,SYN.BTC-24APR20,1584529140946,open,1.75,0.0,1.6155,1.9605,1.777069,156.46,None,0.0,BTC-24APR20-14000-P,5102.75,0.0,0.01,1.0,2.2745,1.0,500.0,1.26605,-2.68595,-13.99166,3e-05,-0.96413
5052.21,SYN.BTC-24APR20,1584529140946,open,1.17,0.1,1.0575,1.338,1.19009933,145.65,0.93,0.0,BTC-24APR20-11000-P,5102.75,0.0,0.01,1.0,1.689,1.0,500.0,2.24159,-4.42683,-10.80286,6e-05,-0.92636
5052.21,SYN.BTC-24APR20,1584529140946,open,0.52,216.2,0.4305,0.6445,0.53617617,136.86,0.5588,0.0,BTC-24APR20-7500-P,5102.75,0.0,0.011,1.0,1.034,1.0,500.0,5.04681,-9.36518,-6.59108,0.00014,-0.75513
5052.21,SYN.BTC-24APR20,1584529140946,open,0.05,142.2,0.015,0.0925,0.05169042,136.87,0.0445,0.0,BTC-24APR20-7500-C,5102.75,130.56,0.0455,35.0,0.054,33.3,139.17,5.04721,-9.36691,0.98623,0.00014,0.24491
5091.54,SYN.BTC-20MAR20,1584529140946,open,0.0,110.4,0.0005,0.016,0.00124707,193.68,0.003,0.0,BTC-20MAR20-6750-C,5102.75,170.32,0.0005,14.4,0.0025,0.1,217.45,0.21274,-6.34949,0.00619,8e-05,0.02492
5091.54,SYN.BTC-20MAR20,1584529140946,open,0.01,166.3,0.0005,0.0255,0.00903513,220.18,0.0105,0.0,BTC-20MAR20-4250-P,5102.75,208.41,0.0075,45.2,0.0105,4.5,230.69,0.68886,-40.43162,-0.03129,0.00023,-0.11057
5052.21,SYN.BTC-24APR20,1584529140946,open,0.09,142.7,0.034,0.1335,0.08500931,136.87,0.105,0.0,BTC-24APR20-6500-C,5102.75,130.93,0.078,33.1,0.0885,34.6,139.8,6.00083,-11.13672,1.39749,0.00017,0.3588
5052.21,SYN.BTC-24APR20,1584529140946,open,1.36,0.0,1.2435,1.547,1.38637627,153.37,None,0.0,BTC-24APR20-12000-P,5102.75,0.0,0.01,1.0,1.883,1.0,500.0,1.98496,-4.12784,-11.85947,5e-05,-0.93709
5052.21,SYN.BTC-24APR20,1584529140946,open,0.97,14.5,0.873,1.133,0.9965035,140.95,0.9535,0.0,BTC-24APR20-10000-P,5102.75,0.0,0.01,1.0,1.2465,1.9,373.35,2.75204,-5.25959,-9.69645,8e-05,-0.90319
5052.21,SYN.BTC-24APR20,1584529140946,open,1.55,0.5,1.4295,1.754,1.5817435,156.49,0.869,0.0,BTC-24APR20-13000-P,5102.75,0.0,0.01,1.0,2.078,1.0,500.0,1.63857,-3.4769,-12.92595,4e-05,-0.95067
5052.21,SYN.BTC-24APR20,1584529140946,open,0.61,486.0,0.5145,0.7375,0.62377216,136.89,0.6628,0.0,BTC-24APR20-8000-P,5102.75,0.0,0.01,1.0,1.123,1.0,500.0,4.50638,-8.36404,-7.26322,0.00013,-0.79921
5091.54,SYN.BTC-20MAR20,1584529140946,open,0.02,143.0,0.0005,0.0675,0.02476026,186.54,0.0185,0.0,BTC-20MAR20-4750-P,5102.75,181.29,0.0235,25.0,0.026,0.4,191.67,1.2263,-60.97904,-0.07945,0.00049,-0.2789
5052.21,SYN.BTC-24APR20,1584529140946,open,0.36,41.3,0.2745,0.467,0.37156363,136.86,0.332,0.0,BTC-24APR20-6500-P,5102.75,0.0,0.0055,1.0,0.8675,1.0,500.0,6.0007,-11.13563,-5.16947,0.00017,-0.64122
5052.21,SYN.BTC-24APR20,1584529140946,open,0.03,523.0,0.005,0.0585,0.02742598,140.99,0.025,0.0,BTC-24APR20-9000-C,5102.75,137.55,0.025,98.9,0.03,42.9,144.49,3.63571,-6.95015,0.59282,0.0001,0.14357
5052.21,SYN.BTC-24APR20,1584529140946,open,0.14,246.4,0.0745,0.1925,0.13887476,136.87,0.146,0.0,BTC-24APR20-5500-C,5102.75,132.24,0.133,29.1,0.145,31.6,141.7,6.40482,-11.88644,1.88871,0.00018,0.5089
5091.54,SYN.BTC-20MAR20,1584529140948,open,0.03,204.7,0.0015,0.0945,0.03879513,166.79,0.034,0.0,BTC-20MAR20-5000-P,5102.75,155.0,0.0355,30.7,0.042,0.3,178.24,1.4239,-63.30777,-0.11906,0.00064,-0.41624
5052.21,SYN.BTC-24APR20,1584529140947,open,0.02,801.6,0.0025,0.0415,0.01718916,140.99,0.014,0.0,BTC-24APR20-10000-C,5102.75,135.84,0.0145,36.9,0.02,30.0,145.95,2.75358,-5.26384,0.40676,8e-05,0.09688
5052.21,SYN.BTC-24APR20,1584529140946,open,0.01,483.9,0.0005,0.034,0.01285356,145.7,0.0135,0.0,BTC-24APR20-11000-C,5102.75,140.1,0.0105,30.0,0.0155,34.1,151.35,2.24359,-4.43222,0.3107,6e-05,0.07372
5091.54,SYN.BTC-20MAR20,1584529140947,open,0.0,177.5,0.0005,0.0155,0.00090389,223.08,0.001,0.0,BTC-20MAR20-7250-C,5102.75,206.61,0.0005,13.2,0.0015,13.5,239.97,0.15064,-4.60221,0.0041,5e-05,0.01658
5091.54,SYN.BTC-20MAR20,1584529140946,open,0.17,56.8,0.112,0.2615,0.18338528,166.12,0.3045,0.0,BTC-20MAR20-6000-P,5102.75,0.0,0.0,0.0,0.4865,2.5,500.0,0.60999,-27.01124,-0.28515,0.00028,-0.90644
5052.21,SYN.BTC-24APR20,1584529140948,open,0.44,1113.5,0.35,0.554,0.4518321,136.86,0.419,0.0,BTC-24APR20-7000-P,5102.75,0.0,0.01,1.0,0.9485,1.0,500.0,5.56077,-10.3191,-5.89282,0.00016,-0.70267
5050.53,BTC-27MAR20,1584529140975,open,0.0,1456.4,0.0005,0.0155,0.00043906,218.12,0.0005,0.0,BTC-27MAR20-13000-C,5102.75,0.0,0.0,0.0,0.001,10.0,237.62,0.10432,-1.2818,0.00503,1e-05,0.00453
5091.54,SYN.BTC-20MAR20,1584529141187,open,0.02,206.9,0.0005,0.053,0.01560819,150.54,0.0085,0.0,BTC-20MAR20-5500-C,5102.75,138.95,0.013,35.9,0.0175,0.4,158.67,1.17028,-46.96299,0.06245,0.00058,0.25428
5091.54,SYN.BTC-20MAR20,1584529141189,open,0.0,110.4,0.0005,0.016,0.00124707,193.68,0.003,0.0,BTC-20MAR20-6750-C,5102.75,170.32,0.0005,14.5,0.0025,0.1,217.45,0.21274,-6.34949,0.00619,8e-05,0.02492
5091.54,SYN.BTC-20MAR20,1584529141191,open,0.01,166.3,0.0005,0.0255,0.00903513,220.18,0.0105,0.0,BTC-20MAR20-4250-P,5102.75,208.41,0.0075,44.9,0.0105,4.5,230.69,0.68886,-40.43162,-0.03129,0.00023,-0.11057
5050.37,BTC-27MAR20,1584529141192,open,0.02,277.4,0.0015,0.0525,0.02016869,153.2,0.023,0.0,BTC-27MAR20-6500-C,5102.75,147.68,0.018,17.2,0.0225,53.1,158.9,2.02584,-17.48333,0.18944,0.00021,0.17442
5050.37,BTC-27MAR20,1584529141194,open,0.06,361.6,0.0135,0.108,0.06005815,151.6,0.063,0.0,BTC-27MAR20-5500-C,5102.75,145.69,0.0565,37.3,0.0635,34.9,157.28,3.05078,-26.05389,0.4226,0.00032,0.40417
5050.37,BTC-27MAR20,1584529141196,open,0.01,997.4,0.0005,0.0385,0.01241421,157.87,0.015,0.0,BTC-27MAR20-7000-C,5102.75,151.28,0.0105,17.4,0.0145,55.0,164.54,1.52381,-13.55145,0.12536,0.00016,0.11449
5091.54,SYN.BTC-20MAR20,1584529141198,open,0.06,151.4,0.005,0.109,0.0567882,166.84,0.049,0.0,BTC-20MAR20-5000-C,5102.75,144.32,0.0505,26.8,0.0585,30.7,172.96,1.4239,-63.32643,0.13788,0.00064,0.58375
5091.54,SYN.BTC-20MAR20,1584529141199,open,0.0,269.1,0.0005,0.029,0.00497697,166.25,0.004,0.0,BTC-20MAR20-6000-C,5102.75,147.75,0.003,23.1,0.0075,46.0,185.3,0.61093,-25.34044,0.02323,0.00028,0.09375
5052.21,SYN.BTC-24APR20,1584529141202,open,0.04,400.2,0.01,0.077,0.04032069,136.9,0.0335,0.0,BTC-24APR20-8000-C,5102.75,130.79,0.035,37.5,0.045,42.2,142.05,4.50697,-8.36619,0.81928,0.00013,0.20083
5091.54,SYN.BTC-20MAR20,1584529141204,open,0.1,145.2,0.0245,0.1435,0.09185368,186.59,0.1005,0.0,BTC-20MAR20-4750-C,5102.75,148.57,0.083,24.8,0.0925,28.3,189.27,1.2264,-61.00105,0.16463,0.00049,0.72106
5052.21,SYN.BTC-24APR20,1584529141206,open,4.48,2.0,4.2285,4.8975,4.54314047,191.58,4.2765,0.0,BTC-24APR20-28000-P,5102.75,0.0,3.3475,1.6,5.3785,0.5,500.0,0.27621,-0.71749,-28.26232,1e-05,-0.99392
5052.21,SYN.BTC-24APR20,1584529141207,open,0.97,14.5,0.873,1.133,0.9965035,140.95,0.9535,0.0,BTC-24APR20-10000-P,5102.75,0.0,0.01,1.0,1.246,1.9,372.96,2.75204,-5.25959,-9.69645,8e-05,-0.90319
5052.21,SYN.BTC-24APR20,1584529141209,open,2.92,0.0,2.735,3.216,2.96025456,167.57,2.4195,0.0,BTC-24APR20-20000-P,5102.75,0.0,1.274,1.1,3.5515,0.8,500.0,0.43739,-0.99378,-20.16164,1e-05,-0.98975
5052.21,SYN.BTC-24APR20,1584529141210,open,0.44,1113.5,0.35,0.554,0.4518321,136.86,0.419,0.0,BTC-24APR20-7000-P,5102.75,0.0,0.01,1.0,0.948,1.0,500.0,5.56077,-10.3191,-5.89282,0.00016,-0.70267
5056.61,BTC-26JUN20,1584529141212,open,1.77,12.5,1.621,1.9875,1.7949078,124.37,1.427,0.0,BTC-26JUN20-14000-P,5102.75,0.0,0.0,0.0,2.2955,1.0,393.44,4.89162,-3.04564,-37.18457,6e-05,-0.89252
5052.21,SYN.BTC-24APR20,1584529141214,open,0.36,41.3,0.2745,0.467,0.37156363,136.86,0.332,0.0,BTC-24APR20-6500-P,5102.75,0.0,0.0055,1.0,0.867,1.0,500.0,6.0007,-11.13563,-5.16947,0.00017,-0.64122
5056.45,BTC-26JUN20,1584529141217,open,1.2,0.5,1.076,1.3845,1.22534099,122.52,1.05,0.0,BTC-26JUN20-11000-P,5102.75,0.0,0.0005,1.0,1.7245,1.0,381.73,7.08678,-4.34669,-28.21483,8e-05,-0.81388
5056.61,BTC-26JUN20,1584529141229,open,2.15,2.9,1.9905,2.399,2.18321414,126.95,1.776,0.0,BTC-26JUN20-16000-P,5102.75,0.0,0.183,1.0,2.684,1.0,402.41,3.94637,-2.50809,-42.93242,4e-05,-0.91962
5052.21,SYN.BTC-24APR20,1584529141231,open,1.36,0.0,1.2435,1.547,1.38637627,153.37,None,0.0,BTC-24APR20-12000-P,5102.75,0.0,0.01,1.0,1.8825,1.0,500.0,1.98496,-4.12784,-11.85947,5e-05,-0.93709
5056.45,BTC-26JUN20,1584529141232,open,1.02,676.9,0.8995,1.19,1.04187809,122.52,0.95,0.0,BTC-26JUN20-10000-P,5102.75,0.0,0.037,0.1,1.3,0.1,253.31,8.00344,-4.90892,-25.08911,9e-05,-0.77143
5052.21,SYN.BTC-24APR20,1584529141236,open,1.17,0.1,1.0575,1.338,1.19009933,145.65,0.93,0.0,BTC-24APR20-11000-P,5102.75,0.0,0.01,1.0,1.6885,1.0,500.0,2.24159,-4.42683,-10.80286,6e-05,-0.92636
5056.45,BTC-26JUN20,1584529141237,open,1.58,0.1,1.438,1.785,1.60338661,123.97,1.729,0.0,BTC-26JUN20-13000-P,5102.75,0.0,0.0005,1.0,1.792,0.1,233.23,5.56097,-3.45133,-34.2379,6e-05,-0.87115
5052.21,SYN.BTC-24APR20,1584529141243,open,1.75,0.0,1.6155,1.9605,1.777069,156.46,None,0.0,BTC-24APR20-14000-P,5102.75,0.0,0.01,1.0,2.274,1.0,500.0,1.26605,-2.68595,-13.99166,3e-05,-0.96413
5050.37,BTC-27MAR20,1584529141244,open,0.17,39.3,0.093,0.217,0.16201256,167.33,0.1995,0.0,BTC-27MAR20-4500-C,5102.75,117.08,0.1365,13.0,0.192,5.0,222.93,2.66672,-25.13786,0.68104,0.00026,0.71656
5050.37,BTC-27MAR20,1584529141246,open,0.25,36.1,0.1705,0.286,0.23750177,183.21,0.26,0.0,BTC-27MAR20-4000-C,5102.75,118.21,0.216,13.0,0.2625,5.0,242.07,1.98373,-20.4734,0.72914,0.00017,0.83122
5091.54,SYN.BTC-20MAR20,1584529141247,open,0.89,0.0,0.807,1.037,0.91491476,0.0,None,0.0,BTC-20MAR20-9750-P,5102.75,0.0,0.32,1.2,1.071,4.9,500.0,0.0,0.0,-0.50104,0.0,-1.0
5091.54,SYN.BTC-20MAR20,1584529141249,open,0.8,15.3,0.714,0.9325,0.81671788,0.0,0.2805,0.0,BTC-20MAR20-9250-P,5102.75,0.0,0.2215,1.2,0.9725,4.9,500.0,0.0,0.0,-0.47535,0.0,-1.0
5091.54,SYN.BTC-20MAR20,1584529141252,open,0.41,516.4,0.3435,0.5155,0.42481394,222.41,0.376,0.0,BTC-20MAR20-7250-P,5102.75,0.0,0.128,2.5,0.501,0.5,500.0,0.14845,-8.8012,-0.36854,5e-05,-0.9837
5091.54,SYN.BTC-20MAR20,1584529141254,open,0.26,93.1,0.2045,0.3615,0.27879934,189.08,0.405,0.0,BTC-20MAR20-6500-P,5102.75,0.0,0.05,1.0,0.3895,2.0,500.0,0.32381,-16.32114,-0.32375,0.00013,-0.95854
5050.53,BTC-27MAR20,1584529141258,open,0.96,647.5,0.868,1.109,0.9816515,192.74,1.2375,0.0,BTC-27MAR20-10000-P,5102.75,0.0,0.0005,1.0,1.177,4.9,500.0,0.33034,-3.58674,-2.41298,3e-05,-0.9831
5050.37,BTC-27MAR20,1584529141260,open,2.91,3.0,2.736,3.2125,2.96009417,0.0,2.33,0.0,BTC-27MAR20-20000-P,5102.75,0.0,1.9415,2.9,3.427,2.1,500.0,0.0,0.0,-4.86339,0.0,-1.0
5050.37,BTC-27MAR20,1584529141262,open,1.25,0.1,1.1485,1.423,1.27795355,208.75,0.6,0.0,BTC-27MAR20-11500-P,5102.75,0.0,0.072,2.5,1.673,2.5,500.0,0.19164,-2.25355,-2.78648,1e-05,-0.99099
5050.53,BTC-27MAR20,1584529141264,open,1.54,12.0,1.4285,1.7385,1.57453332,222.88,1.485,0.0,BTC-27MAR20-13000-P,5102.75,0.0,0.368,2.5,1.969,2.5,500.0,0.12276,-1.54134,-3.1552,1e-05,-0.99456
5050.37,BTC-27MAR20,1584529141266,open,1.15,251.7,1.055,1.318,1.17879704,195.01,1.07,0.0,BTC-27MAR20-11000-P,5102.75,0.0,0.12,0.2,1.574,2.5,500.0,0.17308,-1.90133,-2.66592,1e-05,-0.99198
5050.37,BTC-27MAR20,1584529141267,open,1.06,0.1,0.9615,1.2135,1.08011817,193.02,0.1395,0.0,BTC-27MAR20-10500-P,5102.75,0.0,0.0015,1.0,1.4755,2.5,500.0,0.23289,-2.5323,-2.54075,2e-05,-0.98873
5050.37,BTC-27MAR20,1584529141269,open,2.52,0.0,2.3625,2.7915,2.56414493,236.5,1.23,0.0,BTC-27MAR20-18000-P,5102.75,0.0,1.3555,2.5,2.9565,2.5,500.0,0.01538,-0.2049,-4.37644,0.0,-0.99945
5050.37,BTC-27MAR20,1584529141271,open,1.74,69.5,1.6155,1.949,1.77227944,217.21,2.8715,0.0,BTC-27MAR20-14000-P,5102.75,0.0,0.5655,2.5,2.1665,2.5,500.0,0.05556,-0.6798,-3.40187,0.0,-0.99775
5050.37,BTC-27MAR20,1584529141275,open,1.94,2.0,1.802,2.1595,1.9702167,222.46,0.4565,0.0,BTC-27MAR20-15000-P,5102.75,0.0,0.763,2.5,2.364,2.5,500.0,0.03878,-0.48603,-3.64585,0.0,-0.99848
5050.37,BTC-27MAR20,1584529141277,open,2.13,21.1,1.989,2.37,2.16812662,214.35,2.255,0.0,BTC-27MAR20-16000-P,5102.75,0.0,0.9605,2.5,2.5615,2.5,500.0,0.01436,-0.17341,-3.89014,0.0,-0.99949
5052.21,SYN.BTC-24APR20,1584529141279,open,0.22,81.3,0.145,0.307,0.22749765,136.86,0.213,0.0,BTC-24APR20-5500-P,5102.75,106.48,0.189,10.0,0.261,4.0,163.34,6.40482,-11.88573,-3.6679,0.00018,-0.49111
5052.21,SYN.BTC-24APR20,1584529141280,open,0.23,92.7,0.159,0.2845,0.22969063,142.74,0.25,0.0,BTC-24APR20-4500-C,5102.75,116.81,0.2005,11.0,0.261,5.0,170.47,5.70391,-11.03934,2.32443,0.00015,0.68509
5052.21,SYN.BTC-24APR20,1584529141282,open,0.11,250.0,0.06,0.181,0.12038208,142.73,0.1205,0.0,BTC-24APR20-4500-P,5102.75,140.18,0.1175,37.3,0.123,22.0,145.05,5.70391,-11.03874,-2.22184,0.00015,-0.31491
5056.61,BTC-26JUN20,1584529141284,open,0.09,1045.3,0.032,0.1335,0.08327123,122.51,0.0815,0.0,BTC-26JUN20-9000-C,5102.75,120.94,0.0805,3.0,0.086,17.4,124.05,8.92299,-5.4727,2.7391,0.0001,0.28123
5056.61,BTC-26JUN20,1584529141286,open,0.11,508.7,0.0475,0.1615,0.10729763,121.68,0.111,0.0,BTC-26JUN20-8000-C,5102.75,118.13,0.1005,26.7,0.111,20.1,123.6,9.73157,-5.92818,3.27066,0.00011,0.34368
5056.61,BTC-26JUN20,1584529141287,open,0.3,0.3,0.22,0.355,0.29711196,122.93,0.321,0.0,BTC-26JUN20-4500-C,5102.75,114.73,0.282,12.5,0.331,5.0,141.47,9.29908,-5.72275,5.47043,0.00011,0.69247
5056.61,BTC-26JUN20,1584529141291,open,0.14,241.3,0.0735,0.2,0.14189886,121.68,0.1515,0.0,BTC-26JUN20-7000-C,5102.75,120.27,0.139,2.0,0.145,21.5,123.19,10.35839,-6.30999,3.89788,0.00012,0.42361
5056.61,BTC-26JUN20,1584529141292,open,0.36,570.8,0.2705,0.47,0.37356465,120.64,0.354,0.0,BTC-26JUN20-6000-P,5102.75,97.83,0.326,10.5,0.3995,4.0,133.11,10.54201,-6.36696,-11.84167,0.00012,-0.48226
5091.54,SYN.BTC-20MAR20,1584529141294,open,0.08,289.8,0.029,0.1655,0.0958158,150.48,0.089,0.0,BTC-20MAR20-5500-P,5102.75,0.0,0.0635,17.0,0.1255,3.0,266.09,1.17003,-46.93262,-0.22022,0.00058,-0.74583
5050.37,BTC-27MAR20,1584529141295,open,0.02,277.4,0.0015,0.0525,0.02016869,153.2,0.023,0.0,BTC-27MAR20-6500-C,5102.75,147.68,0.018,17.2,0.0225,53.0,158.9,2.02584,-17.48333,0.18944,0.00021,0.17442
5050.37,BTC-27MAR20,1584529141297,open,0.06,361.6,0.0135,0.108,0.06005815,151.6,0.063,0.0,BTC-27MAR20-5500-C,5102.75,145.69,0.0565,37.3,0.0635,34.1,157.28,3.05078,-26.05389,0.4226,0.00032,0.40417
5091.54,SYN.BTC-20MAR20,1584529141299,open,0.06,151.4,0.005,0.109,0.0567882,166.84,0.049,0.0,BTC-20MAR20-5000-C,5102.75,144.32,0.0505,26.8,0.0585,19.2,172.96,1.4239,-63.32643,0.13788,0.00064,0.58375
5091.54,SYN.BTC-20MAR20,1584529141300,open,0.0,269.1,0.0005,0.029,0.00497697,166.25,0.004,0.0,BTC-20MAR20-6000-C,5102.75,147.75,0.003,9.1,0.0075,46.0,185.3,0.61093,-25.34044,0.02323,0.00028,0.09375
110.96,ETH-27MAR20,1584529141306,open,0.0,8123.0,0.0005,0.0155,0.001071,219.35,0.0005,0.0,ETH-27MAR20-260-C,112.09,201.98,0.0005,152.0,0.002,695.0,236.71,0.0047,-0.05805,0.00025,0.00072,0.01021
110.96,ETH-27MAR20,1584529141306,open,0.0,14.0,0.0005,0.0155,4.6e-05,228.78,0.0005,0.0,ETH-27MAR20-380-C,112.09,0.0,0.0,0.0,0.0005,1.0,276.8,0.00033,-0.00421,1e-05,5e-05,0.00053
110.96,ETH-27MAR20,1584529141306,open,0.0,239.0,0.0005,0.0155,0.000129,226.91,0.0005,0.0,ETH-27MAR20-340-C,112.09,0.0,0.0,0.0,0.001,470.0,273.85,0.0008,-0.01017,3e-05,0.00012,0.00141
110.96,ETH-27MAR20,1584529141306,open,0.0,1168.0,0.0005,0.0155,0.000394,225.49,0.0015,0.0,ETH-27MAR20-300-C,112.09,0.0,0.0,0.0,0.001,496.0,247.95,0.00205,-0.02599,0.0001,0.0003,0.00399
5052.21,SYN.BTC-24APR20,1584529141312,open,4.48,2.0,4.2285,4.8975,4.54314047,191.58,4.2765,0.0,BTC-24APR20-28000-P,5102.75,0.0,3.3475,1.6,5.378,0.5,500.0,0.27621,-0.71749,-28.26232,1e-05,-0.99392
5052.21,SYN.BTC-24APR20,1584529141334,open,3.7,0.0,3.482,4.0565,3.75125242,174.3,None,0.0,BTC-24APR20-24000-P,5102.75,0.0,2.064,1.1,4.3415,0.8,500.0,0.25734,-0.60818,-24.22274,1e-05,-0.99439
5052.21,SYN.BTC-24APR20,1584529141335,open,2.92,0.0,2.735,3.216,2.96025456,167.57,2.4195,0.0,BTC-24APR20-20000-P,5102.75,0.0,1.274,1.1,3.551,0.8,500.0,0.43739,-0.99378,-20.16164,1e-05,-0.98975
5052.21,SYN.BTC-24APR20,1584529141337,open,2.13,0.0,1.9885,2.3785,2.17089626,162.34,None,0.0,BTC-24APR20-16000-P,5102.75,0.0,0.1665,1.0,2.6675,1.0,500.0,0.90927,-2.00145,-16.06204,2e-05,-0.97593
5056.61,BTC-26JUN20,1584529141339,open,2.15,2.9,1.9905,2.399,2.18321414,126.95,1.776,0.0,BTC-26JUN20-16000-P,5102.75,0.0,0.183,1.0,2.6835,1.0,402.14,3.94637,-2.50809,-42.93242,4e-05,-0.91962
5091.54,SYN.BTC-20MAR20,1584529141340,open,0.89,0.0,0.807,1.037,0.91491476,0.0,None,0.0,BTC-20MAR20-9750-P,5102.75,0.0,0.32,1.2,1.0705,4.9,500.0,0.0,0.0,-0.50104,0.0,-1.0
5091.54,SYN.BTC-20MAR20,1584529141344,open,0.8,15.3,0.714,0.9325,0.81671788,0.0,0.2805,0.0,BTC-20MAR20-9250-P,5102.75,0.0,0.2215,1.2,0.972,4.9,500.0,0.0,0.0,-0.47535,0.0,-1.0
5091.54,SYN.BTC-20MAR20,1584529141345,open,0.36,258.0,0.2975,0.4635,0.37603498,213.04,0.309,0.0,BTC-20MAR20-7000-P,5102.75,0.0,0.1,0.1,0.6795,2.5,500.0,0.19392,-11.01266,-0.3542,7e-05,-0.97768
5091.54,SYN.BTC-20MAR20,1584529141354,open,1.23,0.0,1.131,1.4025,1.25861594,0.0,None,0.0,BTC-20MAR20-11500-P,5102.75,0.0,0.9645,2.5,1.5655,2.5,500.0,0.0,0.0,-0.59097,0.0,-1.0
5091.54,SYN.BTC-20MAR20,1584529141356,open,1.14,0.0,1.0385,1.298,1.16041527,0.0,None,0.0,BTC-20MAR20-11000-P,5102.75,0.0,0.866,2.5,1.467,2.5,500.0,0.0,0.0,-0.56528,0.0,-1.0
5050.37,BTC-27MAR20,1584529141360,open,2.91,3.0,2.736,3.2125,2.96009417,0.0,2.33,0.0,BTC-27MAR20-20000-P,5102.75,0.0,1.9415,2.9,3.4265,2.1,500.0,0.0,0.0,-4.86339,0.0,-1.0
5050.37,BTC-27MAR20,1584529141362,open,1.35,145.6,1.242,1.528,1.3769884,218.68,1.367,0.0,BTC-27MAR20-12000-P,5102.75,0.0,0.1705,2.5,1.7715,2.5,500.0,0.19062,-2.34826,-2.90817,1e-05,-0.99104
5091.54,SYN.BTC-20MAR20,1584529141365,open,0.1,145.2,0.0245,0.1435,0.09185368,186.59,0.1005,0.0,BTC-20MAR20-4750-C,5102.75,150.81,0.0835,4.0,0.0925,28.3,189.27,1.2264,-61.00105,0.16463,0.00049,0.72106
5050.37,BTC-27MAR20,1584529141376,open,1.25,0.1,1.1485,1.423,1.27795355,208.75,0.6,0.0,BTC-27MAR20-11500-P,5102.75,0.0,0.072,2.5,1.6725,2.5,500.0,0.19164,-2.25355,-2.78648,1e-05,-0.99099
5050.53,BTC-27MAR20,1584529141380,open,1.54,12.0,1.4285,1.7385,1.57453332,222.88,1.485,0.0,BTC-27MAR20-13000-P,5102.75,0.0,0.368,2.5,1.9685,2.5,500.0,0.12276,-1.54134,-3.1552,1e-05,-0.99456
5050.37,BTC-27MAR20,1584529141386,open,1.74,69.5,1.6155,1.949,1.77227944,217.21,2.8715,0.0,BTC-27MAR20-14000-P,5102.75,0.0,0.5655,2.5,2.166,2.5,500.0,0.05556,-0.6798,-3.40187,0.0,-0.99775
5050.37,BTC-27MAR20,1584529141388,open,2.52,0.0,2.3625,2.7915,2.56414493,236.5,1.23,0.0,BTC-27MAR20-18000-P,5102.75,0.0,1.3555,2.5,2.956,2.5,500.0,0.01538,-0.2049,-4.37644,0.0,-0.99945
5050.37,BTC-27MAR20,1584529141391,open,1.94,2.0,1.802,2.1595,1.9702167,222.46,0.4565,0.0,BTC-27MAR20-15000-P,5102.75,0.0,0.763,2.5,2.3635,2.5,500.0,0.03878,-0.48603,-3.64585,0.0,-0.99848
5050.37,BTC-27MAR20,1584529141393,open,2.13,21.1,1.989,2.37,2.16812662,214.35,2.255,0.0,BTC-27MAR20-16000-P,5102.75,0.0,0.9605,2.5,2.561,2.5,500.0,0.01436,-0.17341,-3.89014,0.0,-0.99949
5052.21,SYN.BTC-24APR20,1584529141395,open,4.48,2.0,4.2285,4.8975,4.54314047,191.58,4.2765,0.0,BTC-24APR20-28000-P,5102.75,0.0,3.347,1.6,5.378,0.5,500.0,0.27621,-0.71749,-28.26232,1e-05,-0.99392
5052.21,SYN.BTC-24APR20,1584529141397,open,3.7,0.0,3.482,4.0565,3.75125242,174.3,None,0.0,BTC-24APR20-24000-P,5102.75,0.0,2.064,1.1,4.341,0.8,500.0,0.25734,-0.60818,-24.22274,1e-05,-0.99439
5052.21,SYN.BTC-24APR20,1584529141431,open,2.92,0.0,2.735,3.216,2.96025456,167.57,2.4195,0.0,BTC-24APR20-20000-P,5102.75,0.0,1.2735,1.1,3.551,0.8,500.0,0.43739,-0.99378,-20.16164,1e-05,-0.98975
5052.21,SYN.BTC-24APR20,1584529141453,open,2.13,0.0,1.9885,2.3785,2.17089626,162.34,None,0.0,BTC-24APR20-16000-P,5102.75,0.0,0.1665,1.0,2.667,1.0,500.0,0.90927,-2.00145,-16.06204,2e-05,-0.97593
5091.54,SYN.BTC-20MAR20,1584529141457,open,0.84,0.0,0.7605,0.9845,0.86581569,0.0,None,0.0,BTC-20MAR20-9500-P,5102.75,0.0,0.2705,1.2,1.0215,4.9,500.0,0.0,0.0,-0.48819,0.0,-1.0
5091.54,SYN.BTC-20MAR20,1584529141455,open,0.94,0.0,0.853,1.089,0.96401447,0.0,None,0.0,BTC-20MAR20-10000-P,5102.75,0.0,0.369,1.2,1.12,4.9,500.0,0.0,0.0,-0.51389,0.0,-1.0
5091.54,SYN.BTC-20MAR20,1584529141458,open,0.7,865.5,0.6215,0.828,0.71853197,0.0,0.72,0.0,BTC-20MAR20-8750-P,5102.75,0.0,0.565,0.1,1.0235,2.5,500.0,0.0,0.0,-0.44965,0.0,-1.0
5091.54,SYN.BTC-20MAR20,1584529141460,open,1.23,0.0,1.131,1.4025,1.25861594,0.0,None,0.0,BTC-20MAR20-11500-P,5102.75,0.0,0.9645,2.5,1.565,2.5,500.0,0.0,0.0,-0.59097,0.0,-1.0
5091.54,SYN.BTC-20MAR20,1584529141462,open,1.14,0.0,1.0385,1.298,1.16041527,0.0,None,0.0,BTC-20MAR20-11000-P,5102.75,0.0,0.866,2.5,1.4665,2.5,500.0,0.0,0.0,-0.56528,0.0,-1.0
5091.54,SYN.BTC-20MAR20,1584529141466,open,1.04,0.0,0.946,1.1935,1.06221469,0.0,None,0.0,BTC-20MAR20-10500-P,5102.75,0.0,0.7675,2.5,1.3685,2.5,500.0,0.0,0.0,-0.53958,0.0,-1.0
5091.54,SYN.BTC-20MAR20,1584529141467,open,0.6,157.8,0.529,0.7235,0.62038614,217.06,0.5575,0.0,BTC-20MAR20-8250-P,5102.75,0.0,0.3245,2.5,0.9255,2.5,500.0,0.01505,-0.87075,-0.42365,1e-05,-0.99875
5091.54,SYN.BTC-20MAR20,1584529141469,open,0.46,151.3,0.39,0.5675,0.47350575,222.11,0.4746,0.0,BTC-20MAR20-7500-P,5102.75,0.0,0.177,2.5,0.778,2.5,500.0,0.09141,-5.41216,-0.3831,3e-05,-0.99069
5091.54,SYN.BTC-20MAR20,1584529141471,open,0.31,160.0,0.251,0.4125,0.32695641,193.25,0.455,0.0,BTC-20MAR20-6750-P,5102.75,0.0,0.03,2.5,0.631,2.5,500.0,0.21076,-10.85692,-0.34075,8e-05,-0.97536
5050.37,BTC-27MAR20,1584529141475,open,3.3,5.6,3.11,3.634,3.35616076,267.33,2.888,0.0,BTC-27MAR20-22000-P,5102.75,0.0,2.336,2.9,3.822,2.1,500.0,0.01263,-0.19023,-5.34924,0.0,-0.99955
5050.37,BTC-27MAR20,1584529141477,open,1.35,145.6,1.242,1.528,1.3769884,218.68,1.367,0.0,BTC-27MAR20-12000-P,5102.75,0.0,0.1705,2.5,1.771,2.5,500.0,0.19062,-2.34826,-2.90817,1e-05,-0.99104
5091.54,SYN.BTC-20MAR20,1584529141480,open,0.02,206.9,0.0005,0.053,0.01560819,150.54,0.0085,0.0,BTC-20MAR20-5500-C,5102.75,138.95,0.013,36.2,0.0175,0.4,158.67,1.17028,-46.96299,0.06245,0.00058,0.25428
5091.54,SYN.BTC-20MAR20,1584529141488,open,0.94,0.0,0.853,1.089,0.96401447,0.0,None,0.0,BTC-20MAR20-10000-P,5102.75,0.0,0.369,1.2,1.1195,4.9,500.0,0.0,0.0,-0.51389,0.0,-1.0
5091.54,SYN.BTC-20MAR20,1584529141489,open,0.84,0.0,0.7605,0.9845,0.86584132,0.0,None,0.0,BTC-20MAR20-9500-P,5102.75,0.0,0.2705,1.2,1.021,4.9,500.0,0.0,0.0,-0.48819,0.0,-1.0
5091.54,SYN.BTC-20MAR20,1584529141491,open,1.04,0.0,0.946,1.1935,1.06224302,0.0,None,0.0,BTC-20MAR20-10500-P,5102.75,0.0,0.7675,2.5,1.368,2.5,500.0,0.0,0.0,-0.53958,0.0,-1.0
5091.54,SYN.BTC-20MAR20,1584529141493,open,0.6,157.8,0.529,0.7235,0.62040837,217.06,0.5575,0.0,BTC-20MAR20-8250-P,5102.75,0.0,0.3245,2.5,0.925,2.5,500.0,0.01505,-0.87075,-0.42365,1e-05,-0.99875
5091.54,SYN.BTC-20MAR20,1584529141494,open,0.46,151.3,0.39,0.5675,0.47352589,222.11,0.4746,0.0,BTC-20MAR20-7500-P,5102.75,0.0,0.177,2.5,0.7775,2.5,500.0,0.09141,-5.41216,-0.3831,3e-05,-0.99069
5091.54,SYN.BTC-20MAR20,1584529141496,open,0.31,160.0,0.251,0.4125,0.32697447,193.25,0.455,0.0,BTC-20MAR20-6750-P,5102.75,0.0,0.03,2.5,0.6305,2.5,500.0,0.21076,-10.85692,-0.34075,8e-05,-0.97536
5091.54,SYN.BTC-20MAR20,1584529141498,open,0.75,299.7,0.668,0.88,0.76764682,0.0,0.7275,0.0,BTC-20MAR20-9000-P,5102.75,0.0,0.472,2.5,1.073,2.5,500.0,0.0,0.0,-0.4625,0.0,-1.0
110.81,ETH-26JUN20,1584529141500,open,0.59,0.0,0.5455,0.606,0.591485,152.57,None,0.0,ETH-26JUN20-50-C,112.09,0.0,0.3895,20.0,0.79,20.0,375.39,0.08726,-0.06665,0.09921,0.0017,0.91867
110.81,ETH-26JUN20,1584529141500,open,0.18,300.0,0.0945,0.199,0.173841,139.37,0.168,0.0,ETH-26JUN20-90-P,112.09,130.89,0.1595,315.0,0.188,262.0,147.77,0.18723,-0.13063,-0.13091,0.004,-0.2579
110.81,ETH-26JUN20,1584529141500,open,0.04,312.0,0.008,0.0575,0.042748,152.62,0.049,0.0,ETH-26JUN20-50-P,112.09,141.13,0.034,320.0,0.052,320.0,164.04,0.08728,-0.06669,-0.03763,0.0017,-0.08136
110.81,ETH-26JUN20,1584529141500,open,0.1,17.0,0.036,0.1105,0.095705,144.03,0.095,0.0,ETH-26JUN20-70-P,112.09,134.84,0.084,347.0,0.1075,284.0,153.17,0.14217,-0.10252,-0.07813,0.00294,-0.16198
110.81,ETH-26JUN20,1584529141500,open,0.3,48.0,0.194,0.311,0.284683,138.1,0.269,0.0,ETH-26JUN20-110-C,112.09,129.82,0.2685,58.0,0.3245,58.0,158.75,0.21584,-0.14922,0.1092,0.00465,0.64481
110.81,ETH-26JUN20,1584529141500,open,0.29,2.0,0.182,0.313,0.277463,138.14,0.2925,0.0,ETH-26JUN20-110-P,112.09,130.23,0.262,226.0,0.2925,204.0,145.89,0.21583,-0.14926,-0.19181,0.00465,-0.35515
5091.54,SYN.BTC-20MAR20,1584529141500,open,0.51,368.8,0.436,0.6195,0.52239886,221.44,0.7,0.0,BTC-20MAR20-7750-P,5102.75,0.0,0.226,2.5,0.827,2.5,500.0,0.05398,-3.18629,-0.39699,2e-05,-0.99487
5091.54,SYN.BTC-20MAR20,1584529141502,open,1.18,0.0,1.085,1.3505,1.20954595,0.0,None,0.0,BTC-20MAR20-11250-P,5102.75,0.0,0.915,2.5,1.516,2.5,500.0,0.0,0.0,-0.57813,0.0,-1.0
5050.37,BTC-27MAR20,1584529141504,open,0.17,39.3,0.093,0.217,0.16201681,167.33,0.1995,0.0,BTC-27MAR20-4500-C,5102.75,117.08,0.1365,5.0,0.192,5.0,222.93,2.66672,-25.13786,0.68104,0.00026,0.71656
5050.37,BTC-27MAR20,1584529141516,open,3.3,5.6,3.11,3.634,3.35611763,267.33,2.888,0.0,BTC-27MAR20-22000-P,5102.75,0.0,2.336,2.9,3.8215,2.1,500.0,0.01263,-0.19023,-5.34924,0.0,-0.99955
5050.37,BTC-27MAR20,1584529141518,open,0.25,36.1,0.1705,0.286,0.23750688,183.21,0.26,0.0,BTC-27MAR20-4000-C,5102.75,118.21,0.216,5.0,0.2625,5.0,242.07,1.98373,-20.4734,0.72914,0.00017,0.83122
5050.37,BTC-27MAR20,1584529141518,open,0.08,559.6,0.032,0.155,0.09185263,156.71,0.0955,0.0,BTC-27MAR20-5000-P,5102.75,148.8,0.087,33.4,0.097,20.4,165.09,3.1003,-27.37011,-0.64725,0.00032,-0.43518
5056.61,BTC-26JUN20,1584529141525,open,2.15,2.9,1.9905,2.399,2.18307319,126.95,1.776,0.0,BTC-26JUN20-16000-P,5102.75,0.0,0.1825,1.0,2.6835,1.0,402.14,3.94637,-2.50809,-42.93242,4e-05,-0.91962
5091.54,SYN.BTC-20MAR20,1584529141526,open,0.75,299.7,0.668,0.88,0.76764682,0.0,0.7275,0.0,BTC-20MAR20-9000-P,5102.75,0.0,0.472,2.5,1.0725,2.5,500.0,0.0,0.0,-0.4625,0.0,-1.0
5091.54,SYN.BTC-20MAR20,1584529141528,open,1.18,0.0,1.085,1.3505,1.20954595,0.0,None,0.0,BTC-20MAR20-11250-P,5102.75,0.0,0.915,2.5,1.5155,2.5,500.0,0.0,0.0,-0.57813,0.0,-1.0
5091.54,SYN.BTC-20MAR20,1584529141529,open,0.51,368.8,0.436,0.6195,0.52239886,221.44,0.7,0.0,BTC-20MAR20-7750-P,5102.75,0.0,0.226,2.5,0.8265,2.5,500.0,0.05398,-3.18629,-0.39699,2e-05,-0.99487
5091.54,SYN.BTC-20MAR20,1584529141533,open,1.09,0.0,0.992,1.246,1.11134397,0.0,None,0.0,BTC-20MAR20-10750-P,5102.75,0.0,0.8165,2.5,1.4175,2.5,500.0,0.0,0.0,-0.55243,0.0,-1.0
5091.54,SYN.BTC-20MAR20,1584529141535,open,0.65,295.9,0.575,0.776,0.66947343,209.34,0.673,0.0,BTC-20MAR20-8500-P,5102.75,0.0,0.3735,2.5,0.9745,2.5,500.0,0.0055,-0.30717,-0.4367,0.0,-0.99958
5091.54,SYN.BTC-20MAR20,1584529141537,open,0.99,0.0,0.8995,1.1415,1.01314216,0.0,None,0.0,BTC-20MAR20-10250-P,5102.75,0.0,0.718,2.5,1.319,2.5,500.0,0.0,0.0,-0.52674,0.0,-1.0
5050.37,BTC-27MAR20,1584529141538,open,2.91,3.0,2.736,3.2125,2.96010985,0.0,2.33,0.0,BTC-27MAR20-20000-P,5102.75,0.0,1.941,2.9,3.4265,2.1,500.0,0.0,0.0,-4.86339,0.0,-1.0
5050.53,BTC-27MAR20,1584529141541,open,1.25,0.1,1.1485,1.423,1.27796258,210.59,0.6,0.0,BTC-27MAR20-11500-P,5102.75,0.0,0.0715,2.5,1.6725,2.5,500.0,0.20261,-2.40357,-2.78584,2e-05,-0.9904
5050.53,BTC-27MAR20,1584529141543,open,1.54,12.0,1.4285,1.738,1.57442645,222.88,1.485,0.0,BTC-27MAR20-13000-P,5102.75,0.0,0.3675,2.5,1.9685,2.5,500.0,0.12276,-1.54134,-3.1552,1e-05,-0.99456
5050.37,BTC-27MAR20,1584529141544,open,2.52,0.0,2.3625,2.7915,2.56410964,236.5,1.23,0.0,BTC-27MAR20-18000-P,5102.75,0.0,1.355,2.5,2.956,2.5,500.0,0.01538,-0.2049,-4.37644,0.0,-0.99945
5050.37,BTC-27MAR20,1584529141546,open,1.74,69.5,1.6155,1.949,1.7722904,217.21,2.8715,0.0,BTC-27MAR20-14000-P,5102.75,0.0,0.565,2.5,2.166,2.5,500.0,0.05556,-0.6798,-3.40187,0.0,-0.99775
5050.37,BTC-27MAR20,1584529141547,open,1.94,2.0,1.802,2.1595,1.9701873,222.46,0.4565,0.0,BTC-27MAR20-15000-P,5102.75,0.0,0.7625,2.5,2.3635,2.5,500.0,0.03878,-0.48603,-3.64585,0.0,-0.99848
5050.37,BTC-27MAR20,1584529141549,open,2.13,21.1,1.989,2.37,2.16813916,214.35,2.255,0.0,BTC-27MAR20-16000-P,5102.75,0.0,0.96,2.5,2.561,2.5,500.0,0.01436,-0.17341,-3.89014,0.0,-0.99949
5052.21,SYN.BTC-24APR20,1584529141551,open,0.22,81.3,0.145,0.307,0.22750711,136.86,0.213,0.0,BTC-24APR20-5500-P,5102.75,106.48,0.189,4.0,0.261,4.0,163.34,6.40482,-11.88573,-3.6679,0.00018,-0.49111
5052.21,SYN.BTC-24APR20,1584529141552,open,0.23,92.7,0.159,0.2845,0.22968356,142.74,0.25,0.0,BTC-24APR20-4500-C,5102.75,116.81,0.2005,5.0,0.261,5.0,170.47,5.70391,-11.03934,2.32443,0.00015,0.68509
5052.21,SYN.BTC-24APR20,1584529141556,open,0.11,250.0,0.06,0.181,0.12038355,142.73,0.1205,0.0,BTC-24APR20-4500-P,5102.75,140.18,0.1175,37.3,0.123,13.5,145.05,5.70391,-11.03874,-2.22184,0.00015,-0.31491
5056.61,BTC-26JUN20,1584529141557,open,0.09,1045.3,0.032,0.1335,0.08327939,122.51,0.0815,0.0,BTC-26JUN20-9000-C,5102.75,120.94,0.0805,3.0,0.086,11.4,124.05,8.92299,-5.4727,2.7391,0.0001,0.28123
5056.61,BTC-26JUN20,1584529141560,open,0.11,508.7,0.0475,0.1615,0.10730997,121.68,0.111,0.0,BTC-26JUN20-8000-C,5102.75,118.13,0.1005,26.7,0.111,12.6,123.6,9.73157,-5.92818,3.27066,0.00011,0.34368
5056.67,BTC-26JUN20,1584529141561,open,0.3,0.3,0.22,0.355,0.29713375,122.93,0.321,0.0,BTC-26JUN20-4500-C,5102.75,114.73,0.282,5.0,0.331,5.0,141.47,9.29912,-5.72265,5.47057,0.00011,0.69248
5056.61,BTC-26JUN20,1584529141563,open,0.14,241.3,0.0735,0.2,0.14191336,121.68,0.1515,0.0,BTC-26JUN20-7000-C,5102.75,120.27,0.139,2.0,0.145,14.0,123.19,10.35839,-6.30999,3.89788,0.00012,0.42361
5056.61,BTC-26JUN20,1584529141564,open,0.36,570.8,0.2705,0.47,0.37352654,120.64,0.354,0.0,BTC-26JUN20-6000-P,5102.75,97.83,0.326,2.0,0.3995,4.0,133.11,10.54201,-6.36696,-11.84167,0.00012,-0.48226
5091.54,SYN.BTC-20MAR20,1584529141566,open,0.08,289.8,0.029,0.1655,0.09582503,150.48,0.089,0.0,BTC-20MAR20-5500-P,5102.75,0.0,0.0635,3.0,0.1255,3.0,266.09,1.17003,-46.93262,-0.22022,0.00058,-0.74583
110.91,SYN.ETH-24APR20,1584529141565,open,0.25,244.0,0.1595,0.276,0.243621,153.09,0.2,0.0,ETH-24APR20-120-P,112.09,114.71,0.195,3.0,0.452,25.0,324.38,0.14018,-0.29097,-0.07969,0.00737,-0.46753
110.91,SYN.ETH-24APR20,1584529141565,open,0.19,861.0,0.109,0.216,0.191393,156.4,0.199,0.0,ETH-24APR20-110-P,112.09,146.29,0.179,247.0,0.2035,247.0,166.31,0.13578,-0.28794,-0.06576,0.00699,-0.39543
110.91,SYN.ETH-24APR20,1584529141565,open,0.07,151.0,0.0145,0.08,0.065387,156.42,0.087,0.0,ETH-24APR20-170-C,112.09,149.78,0.0585,314.0,0.0725,314.0,163.09,0.11675,-0.24761,0.02302,0.00601,0.27083
110.91,SYN.ETH-24APR20,1584529141565,open,0.05,251.0,0.007,0.062,0.047377,158.74,0.073,0.0,ETH-24APR20-190-C,112.09,152.7,0.042,320.0,0.053,320.0,164.79,0.10093,-0.21724,0.01796,0.00512,0.20766
110.91,SYN.ETH-24APR20,1584529141565,open,0.14,29.0,0.0615,0.1535,0.134355,153.77,0.1485,0.0,ETH-24APR20-130-C,112.09,149.53,0.129,296.0,0.14,330.0,158.23,0.14019,-0.29229,0.03738,0.00734,0.46792
5052.21,SYN.BTC-24APR20,1584529141569,open,4.48,2.0,4.2285,4.8975,4.54319361,191.58,4.2765,0.0,BTC-24APR20-28000-P,5102.75,0.0,3.347,1.6,5.377,0.5,500.0,0.27621,-0.71749,-28.26232,1e-05,-0.99392
5052.21,SYN.BTC-24APR20,1584529141571,open,3.7,0.0,3.482,4.0565,3.75129796,174.3,None,0.0,BTC-24APR20-24000-P,5102.75,0.0,2.0635,1.1,4.341,0.8,500.0,0.25734,-0.60818,-24.22274,1e-05,-0.99439
5052.21,SYN.BTC-24APR20,1584529141575,open,2.92,0.0,2.735,3.216,2.96029249,167.57,2.4195,0.0,BTC-24APR20-20000-P,5102.75,0.0,1.2735,1.1,3.5505,0.8,500.0,0.43739,-0.99378,-20.16164,1e-05,-0.98975
5052.21,SYN.BTC-24APR20,1584529141587,open,2.13,0.0,1.9885,2.3785,2.17092653,162.34,None,0.0,BTC-24APR20-16000-P,5102.75,0.0,0.166,1.0,2.667,1.0,500.0,0.90927,-2.00145,-16.06204,2e-05,-0.97593
5056.61,BTC-26JUN20,1584529141589,open,2.15,2.9,1.9905,2.399,2.18307319,126.95,1.776,0.0,BTC-26JUN20-16000-P,5102.75,0.0,0.1825,1.0,2.683,1.0,401.87,3.94637,-2.50809,-42.93242,4e-05,-0.91962
5050.53,BTC-27MAR20,1584529141591,open,1.25,0.1,1.1485,1.423,1.27796258,210.59,0.6,0.0,BTC-27MAR20-11500-P,5102.75,0.0,0.0715,2.5,1.672,2.5,500.0,0.20261,-2.40357,-2.78584,2e-05,-0.9904
5050.53,BTC-27MAR20,1584529141592,open,1.54,12.0,1.4285,1.738,1.57442645,222.88,1.485,0.0,BTC-27MAR20-13000-P,5102.75,0.0,0.3675,2.5,1.968,2.5,500.0,0.12276,-1.54134,-3.1552,1e-05,-0.99456
5050.37,BTC-27MAR20,1584529141596,open,1.74,69.5,1.6155,1.949,1.7722904,217.21,2.8715,0.0,BTC-27MAR20-14000-P,5102.75,0.0,0.565,2.5,2.1655,2.5,500.0,0.05556,-0.6798,-3.40187,0.0,-0.99775
5050.37,BTC-27MAR20,1584529141599,open,1.94,2.0,1.802,2.1595,1.9701873,222.46,0.4565,0.0,BTC-27MAR20-15000-P,5102.75,0.0,0.7625,2.5,2.363,2.5,500.0,0.03878,-0.48603,-3.64585,0.0,-0.99848
5050.37,BTC-27MAR20,1584529141611,open,2.52,0.0,2.3625,2.7915,2.56410964,236.5,1.23,0.0,BTC-27MAR20-18000-P,5102.75,0.0,1.355,2.5,2.9555,2.5,500.0,0.01538,-0.2049,-4.37644,0.0,-0.99945
5050.37,BTC-27MAR20,1584529141613,open,2.13,21.1,1.989,2.37,2.16813916,214.35,2.255,0.0,BTC-27MAR20-16000-P,5102.75,0.0,0.96,2.5,2.5605,2.5,500.0,0.01436,-0.17341,-3.89014,0.0,-0.99949
5052.21,SYN.BTC-24APR20,1584529141617,open,4.48,2.0,4.2285,4.8975,4.54319361,191.58,4.2765,0.0,BTC-24APR20-28000-P,5102.75,0.0,3.346,1.6,5.377,0.5,500.0,0.27621,-0.71749,-28.26232,1e-05,-0.99392
5091.54,SYN.BTC-20MAR20,1584529141621,open,0.89,0.0,0.807,1.037,0.91494107,0.0,None,0.0,BTC-20MAR20-9750-P,5102.75,0.0,0.3195,1.2,1.0705,4.9,500.0,0.0,0.0,-0.50104,0.0,-1.0
5091.54,SYN.BTC-20MAR20,1584529141633,open,1.09,0.0,0.992,1.246,1.11134397,0.0,None,0.0,BTC-20MAR20-10750-P,5102.75,0.0,0.8165,2.5,1.417,2.5,500.0,0.0,0.0,-0.55243,0.0,-1.0
5091.54,SYN.BTC-20MAR20,1584529141639,open,0.99,0.0,0.8995,1.1415,1.01314216,0.0,None,0.0,BTC-20MAR20-10250-P,5102.75,0.0,0.718,2.5,1.3185,2.5,500.0,0.0,0.0,-0.52674,0.0,-1.0
5091.54,SYN.BTC-20MAR20,1584529141637,open,0.65,295.9,0.575,0.776,0.66947343,209.34,0.673,0.0,BTC-20MAR20-8500-P,5102.75,0.0,0.3735,2.5,0.974,2.5,500.0,0.0055,-0.30717,-0.4367,0.0,-0.99958
5050.37,BTC-27MAR20,1584529141640,open,2.91,3.0,2.736,3.2125,2.96010985,0.0,2.33,0.0,BTC-27MAR20-20000-P,5102.75,0.0,1.941,2.9,3.426,2.1,500.0,0.0,0.0,-4.86339,0.0,-1.0
5050.37,BTC-27MAR20,1584529141642,open,1.35,145.6,1.242,1.528,1.37696499,218.68,1.367,0.0,BTC-27MAR20-12000-P,5102.75,0.0,0.17,2.5,1.771,2.5,500.0,0.19062,-2.34826,-2.90817,1e-05,-0.99104
5052.21,SYN.BTC-24APR20,1584529141643,open,3.7,0.0,3.482,4.0565,3.75129796,174.3,None,0.0,BTC-24APR20-24000-P,5102.75,0.0,2.0635,1.1,4.34,0.8,500.0,0.25734,-0.60818,-24.22274,1e-05,-0.99439
5052.21,SYN.BTC-24APR20,1584529141645,open,2.92,0.0,2.735,3.216,2.96029249,167.57,2.4195,0.0,BTC-24APR20-20000-P,5102.75,0.0,1.273,1.1,3.5505,0.8,500.0,0.43739,-0.99378,-20.16164,1e-05,-0.98975
5091.54,SYN.BTC-20MAR20,1584529141661,open,0.89,0.0,0.807,1.037,0.91494107,0.0,None,0.0,BTC-20MAR20-9750-P,5102.75,0.0,0.3195,1.2,1.07,4.9,500.0,0.0,0.0,-0.50104,0.0,-1.0
5091.54,SYN.BTC-20MAR20,1584529141663,open,0.8,15.3,0.714,0.9325,0.81674283,0.0,0.2805,0.0,BTC-20MAR20-9250-P,5102.75,0.0,0.221,1.2,0.972,4.9,500.0,0.0,0.0,-0.47535,0.0,-1.0
5091.54,SYN.BTC-20MAR20,1584529141665,open,1.23,0.0,1.131,1.4025,1.25864696,0.0,None,0.0,BTC-20MAR20-11500-P,5102.75,0.0,0.964,2.5,1.565,2.5,500.0,0.0,0.0,-0.59097,0.0,-1.0
5091.54,SYN.BTC-20MAR20,1584529141666,open,0.55,160.9,0.4825,0.6715,0.57137486,220.05,0.55,0.0,BTC-20MAR20-8000-P,5102.75,0.0,0.275,2.5,0.876,2.5,500.0,0.03008,-1.76432,-0.41044,1e-05,-0.99733
5091.54,SYN.BTC-20MAR20,1584529141671,open,1.14,0.0,1.0385,1.298,1.16044495,0.0,None,0.0,BTC-20MAR20-11000-P,5102.75,0.0,0.8655,2.5,1.4665,2.5,500.0,0.0,0.0,-0.56528,0.0,-1.0
5052.21,SYN.BTC-24APR20,1584529141686,open,2.13,0.0,1.9885,2.3785,2.17092653,162.34,None,0.0,BTC-24APR20-16000-P,5102.75,0.0,0.166,1.0,2.6665,1.0,500.0,0.90927,-2.00145,-16.06204,2e-05,-0.97593
5091.54,SYN.BTC-20MAR20,1584529141689,open,0.7,865.5,0.6215,0.828,0.71855557,0.0,0.72,0.0,BTC-20MAR20-8750-P,5102.75,0.0,0.565,0.1,1.023,2.5,500.0,0.0,0.0,-0.44965,0.0,-1.0
5091.54,SYN.BTC-20MAR20,1584529141694,open,1.23,0.0,1.131,1.4025,1.25864696,0.0,None,0.0,BTC-20MAR20-11500-P,5102.75,0.0,0.964,2.5,1.5645,2.5,500.0,0.0,0.0,-0.59097,0.0,-1.0
5091.54,SYN.BTC-20MAR20,1584529141696,open,1.14,0.0,1.0385,1.298,1.16044495,0.0,None,0.0,BTC-20MAR20-11000-P,5102.75,0.0,0.8655,2.5,1.466,2.5,500.0,0.0,0.0,-0.56528,0.0,-1.0
5050.37,BTC-27MAR20,1584529141697,open,3.3,5.6,3.11,3.634,3.35611763,267.33,2.888,0.0,BTC-27MAR20-22000-P,5102.75,0.0,2.3355,2.9,3.8215,2.1,500.0,0.01263,-0.19023,-5.34924,0.0,-0.99955
5050.37,BTC-27MAR20,1584529141710,open,1.35,145.6,1.242,1.528,1.37696499,218.68,1.367,0.0,BTC-27MAR20-12000-P,5102.75,0.0,0.17,2.5,1.7705,2.5,500.0,0.19062,-2.34826,-2.90817,1e-05,-0.99104
5050.37,BTC-27MAR20,1584529141732,open,3.3,5.6,3.11,3.634,3.35611763,267.33,2.888,0.0,BTC-27MAR20-22000-P,5102.75,0.0,2.3355,2.9,3.8205,2.1,500.0,0.01263,-0.19023,-5.34924,0.0,-0.99955
110.91,SYN.ETH-24APR20,1584529141733,open,0.38,688.0,0.2835,0.4125,0.374228,154.59,0.4455,0.0,ETH-24APR20-140-P,112.09,0.0,0.0005,2.0,0.515,47.0,266.27,0.13703,-0.28722,-0.10808,0.00713,-0.59029
110.91,SYN.ETH-24APR20,1584529141733,open,0.03,295.0,0.0025,0.0445,0.029826,161.39,0.0255,0.0,ETH-24APR20-220-C,112.09,152.77,0.024,325.0,0.0355,322.0,169.09,0.07862,-0.17204,0.01239,0.00392,0.14039
110.91,SYN.ETH-24APR20,1584529141733,open,0.06,781.0,0.01,0.0695,0.05485,156.9,0.083,0.0,ETH-24APR20-180-C,112.09,149.74,0.048,317.0,0.062,317.0,164.08,0.10841,-0.23064,0.02022,0.00556,0.23529
5050.37,BTC-27MAR20,1584529141754,open,2.91,3.0,2.736,3.2125,2.96010985,0.0,2.33,0.0,BTC-27MAR20-20000-P,5102.75,0.0,1.9405,2.9,3.426,2.1,500.0,0.0,0.0,-4.86339,0.0,-1.0
5050.37,BTC-27MAR20,1584529141756,open,2.52,0.0,2.3625,2.7915,2.56410964,236.5,1.23,0.0,BTC-27MAR20-18000-P,5102.75,0.0,1.3545,2.5,2.9555,2.5,500.0,0.01538,-0.2049,-4.37644,0.0,-0.99945
5050.37,BTC-27MAR20,1584529141758,open,1.94,2.0,1.802,2.1595,1.9701873,222.46,0.4565,0.0,BTC-27MAR20-15000-P,5102.75,0.0,0.762,2.5,2.363,2.5,500.0,0.03878,-0.48603,-3.64585,0.0,-0.99848
5050.37,BTC-27MAR20,1584529141765,open,2.13,21.1,1.989,2.37,2.16813916,214.35,2.255,0.0,BTC-27MAR20-16000-P,5102.75,0.0,0.9595,2.5,2.5605,2.5,500.0,0.01436,-0.17341,-3.89014,0.0,-0.99949
5052.21,SYN.BTC-24APR20,1584529141767,open,4.48,2.0,4.2285,4.8975,4.54319361,191.58,4.2765,0.0,BTC-24APR20-28000-P,5102.75,0.0,3.346,1.6,5.3765,0.5,500.0,0.27621,-0.71749,-28.26232,1e-05,-0.99392
5052.21,SYN.BTC-24APR20,1584529141769,open,3.7,0.0,3.482,4.0565,3.75129796,174.3,None,0.0,BTC-24APR20-24000-P,5102.75,0.0,2.063,1.1,4.34,0.8,500.0,0.25734,-0.60818,-24.22274,1e-05,-0.99439
5052.21,SYN.BTC-24APR20,1584529141772,open,2.92,0.0,2.735,3.216,2.96029249,167.57,2.4195,0.0,BTC-24APR20-20000-P,5102.75,0.0,1.273,1.1,3.55,0.8,500.0,0.43739,-0.99378,-20.16164,1e-05,-0.98975
5050.37,BTC-27MAR20,1584529141776,open,1.94,2.0,1.802,2.1595,1.9701873,222.46,0.4565,0.0,BTC-27MAR20-15000-P,5102.75,0.0,0.762,2.5,2.3625,2.5,500.0,0.03878,-0.48603,-3.64585,0.0,-0.99848
5050.37,BTC-27MAR20,1584529141778,open,2.52,0.0,2.3625,2.7915,2.56410964,236.5,1.23,0.0,BTC-27MAR20-18000-P,5102.75,0.0,1.3545,2.5,2.955,2.5,500.0,0.01538,-0.2049,-4.37644,0.0,-0.99945
5050.37,BTC-27MAR20,1584529141781,open,2.13,21.1,1.989,2.37,2.16813916,214.35,2.255,0.0,BTC-27MAR20-16000-P,5102.75,0.0,0.9595,2.5,2.56,2.5,500.0,0.01436,-0.17341,-3.89014,0.0,-0.99949
5091.54,SYN.BTC-20MAR20,1584529141787,open,0.8,15.3,0.714,0.9325,0.81674283,0.0,0.2805,0.0,BTC-20MAR20-9250-P,5102.75,0.0,0.221,1.2,0.9715,4.9,500.0,0.0,0.0,-0.47535,0.0,-1.0
5091.54,SYN.BTC-20MAR20,1584529141799,open,0.55,160.9,0.4825,0.6715,0.57137486,220.05,0.55,0.0,BTC-20MAR20-8000-P,5102.75,0.0,0.275,2.5,0.8755,2.5,500.0,0.03008,-1.76432,-0.41044,1e-05,-0.99733
5078.86,BTC-25SEP20,1584529141840,open,5.24,1.0,4.9475,5.734,5.31619304,124.32,7.779,0.0,BTC-25SEP20-32000-P,5102.75,0.0,0.0,0.0,0.0,0.0,0.0,4.0877,-1.33119,-166.29481,2e-05,-0.94497
5050.66,BTC-27MAR20,1584529141932,open,0.0,413.4,0.0005,0.0155,0.0,218.35,0.005,0.0,BTC-27MAR20-36000-C,5102.75,0.0,0.0,0.0,0.002,43.0,467.77,0.0,0.0,0.0,0.0,0.0
5050.66,BTC-27MAR20,1584529141932,open,0.0,185.5,0.0005,0.0155,0.0,218.35,0.001,0.0,BTC-27MAR20-34000-C,5102.75,0.0,0.0,0.0,0.001,8.0,426.58,0.0,-1e-05,0.0,0.0,0.0
5056.67,BTC-26JUN20,1584529141940,open,0.35,35.5,0.275,0.4035,0.34860095,125.37,0.385,0.0,BTC-26JUN20-4000-C,5102.75,109.81,0.323,5.0,0.3815,5.0,145.31,8.3438,-5.23685,5.60159,0.0001,0.75344
5056.67,BTC-26JUN20,1584529141951,open,0.55,0.0,0.5,0.5885,0.54926644,139.36,None,0.0,BTC-26JUN20-2500-C,5104.32,117.74,0.532,5.0,0.5715,5.0,163.74,4.35299,-3.0369,4.96882,4e-05,0.90837
5050.66,BTC-27MAR20,1584529141951,open,0.0,450.0,0.0005,0.0155,0.00090169,208.97,0.001,0.0,BTC-27MAR20-11500-C,5104.32,196.13,0.0005,4.5,0.0015,100.0,221.91,0.19304,-2.27253,0.01005,1e-05,0.00909
5078.86,BTC-25SEP20,1584529141951,open,0.14,2.3,0.0825,0.2025,0.14425906,116.2,0.144,0.0,BTC-25SEP20-3500-P,5104.32,112.04,0.136,4.0,0.1525,25.2,120.35,10.09469,-3.07272,-8.98419,6e-05,-0.194
5056.67,BTC-26JUN20,1584529141951,open,0.04,38.5,0.016,0.075,0.04368446,139.38,0.047,0.0,BTC-26JUN20-2500-P,5104.32,133.25,0.0385,37.0,0.049,36.0,145.46,4.35361,-3.03788,-1.87252,4e-05,-0.09165
5056.67,BTC-26JUN20,1584529141951,open,0.48,26.1,0.415,0.52,0.47448222,132.94,0.502,0.0,BTC-26JUN20-3000-C,5104.32,113.83,0.4535,5.0,0.501,5.0,155.48,5.77206,-3.84137,5.38969,6e-05,0.864
5078.86,BTC-25SEP20,1584529141951,open,0.07,87.4,0.0325,0.1085,0.07018088,122.25,0.0745,0.0,BTC-25SEP20-2500-P,5104.32,116.8,0.063,34.1,0.0775,29.1,127.7,6.76049,-2.16494,-4.70029,4e-05,-0.10679
5078.86,BTC-25SEP20,1584529141952,open,0.51,0.0,0.449,0.56,0.51243261,118.41,None,0.0,BTC-25SEP20-3000-C,5104.32,0.0,0.4,1.0,0.0,0.0,0.0,8.50529,-2.63805,9.00613,5e-05,0.85152
5050.66,BTC-27MAR20,1584529141951,open,0.42,0.1,0.3685,0.4445,0.41516385,231.37,0.391,0.0,BTC-27MAR20-3000-C,5104.32,0.0,0.4005,5.0,0.4285,6.0,295.26,0.84023,-10.95158,0.6542,6e-05,0.94783
5078.86,BTC-25SEP20,1584529141952,open,0.46,0.0,0.3835,0.508,0.45511717,116.2,None,0.0,BTC-25SEP20-3500-C,5104.32,64.61,0.357,1.0,0.0,0.0,0.0,10.09468,-3.07257,9.31925,6e-05,0.806
5078.86,BTC-25SEP20,1584529141952,open,0.03,133.0,0.005,0.056,0.02544358,119.75,0.018,0.0,BTC-25SEP20-24000-C,5104.32,115.16,0.0205,30.0,0.031,37.0,124.34,5.80829,-1.82195,1.63109,4e-05,0.08686
5050.66,BTC-27MAR20,1584529141952,open,0.0,2697.5,0.0005,0.0155,0.00090146,218.04,0.001,0.0,BTC-27MAR20-12000-C,5104.32,204.8,0.0005,1.1,0.0015,10.1,231.38,0.18716,-2.29886,0.00966,1e-05,0.00877
5050.66,BTC-27MAR20,1584529141952,open,0.01,338.3,0.0005,0.024,0.00917974,231.58,0.0085,0.0,BTC-27MAR20-3000-P,5104.32,220.99,0.0075,42.0,0.011,0.1,242.02,0.84176,-10.98117,-0.0755,6e-05,-0.05229
5080.43,BTC-25SEP20,1584529141952,open,0.17,167.8,0.0975,0.2395,0.17550093,112.18,0.183,0.0,BTC-25SEP20-8000-C,5104.32,108.31,0.1645,31.0,0.1845,26.0,115.33,14.48387,-4.25623,6.99469,0.0001,0.43878
5056.67,BTC-26JUN20,1584529141952,open,0.1,1001.8,0.049,0.1515,0.10028051,128.93,0.088,0.0,BTC-26JUN20-3500-P,5104.32,125.18,0.095,5.0,0.1055,33.9,132.61,7.14718,-4.61312,-3.99821,8e-05,-0.18868
5050.66,BTC-27MAR20,1584529141952,open,0.0,327.5,0.0005,0.0155,3.5e-07,218.35,0.0005,0.0,BTC-27MAR20-24000-C,5104.32,0.0,0.0,0.0,0.001,0.4,360.89,0.00019,-0.00175,1e-05,0.0,1e-05
5080.43,BTC-25SEP20,1584529141952,open,6.01,0.5,5.6895,6.565,6.09970341,127.54,5.9,0.0,BTC-25SEP20-36000-P,5104.32,0.0,0.0,0.0,0.0,0.0,0.0,3.68431,-1.23094,-187.34209,2e-05,-0.95173
5056.67,BTC-26JUN20,1584529141952,open,0.04,761.1,0.01,0.077,0.0399505,123.22,0.0435,0.0,BTC-26JUN20-12000-C,5104.32,120.8,0.037,29.9,0.043,16.1,125.63,6.28191,-3.87498,1.58103,7e-05,0.15421
5080.43,BTC-25SEP20,1584529141952,open,0.41,712.8,0.325,0.4595,0.40255381,113.65,0.4015,0.0,BTC-25SEP20-4000-C,5104.32,59.04,0.28,1.0,0.4555,0.1,137.4,11.45702,-3.41086,9.45986,7e-05,0.75862
5050.66,BTC-27MAR20,1584529141952,open,0.0,522.4,0.0005,0.0155,1.1e-07,218.35,0.0005,0.0,BTC-27MAR20-26000-C,5104.32,0.0,0.0,0.0,0.001,0.1,376.23,7e-05,-0.00055,0.0,0.0,0.0
5058.24,BTC-26JUN20,1584529141952,open,0.67,381.1,0.563,0.814,0.68944015,121.94,0.729,0.0,BTC-26JUN20-8000-P,5104.32,50.3,0.587,1.0,1.05,1.0,301.23,9.74513,-5.94882,-18.61307,0.00011,-0.65534
5080.43,BTC-25SEP20,1584529141952,open,2.55,0.9,2.3605,2.8385,2.58797155,117.44,2.2055,0.0,BTC-25SEP20-18000-P,5104.32,0.0,0.0,0.0,0.0,0.0,0.0,8.31379,-2.55757,-91.51354,5e-05,-0.85654
5058.24,BTC-26JUN20,1584529141952,open,1.02,676.9,0.8995,1.19,1.04187734,122.92,0.95,0.0,BTC-26JUN20-10000-P,5104.32,0.0,0.037,0.1,1.3,0.1,253.61,8.03661,-4.94553,-25.07656,9e-05,-0.76989
5080.43,BTC-25SEP20,1584529141952,open,1.43,245.6,1.28,1.6365,1.45511471,114.42,1.5,0.0,BTC-25SEP20-12000-P,5104.32,0.0,0.15,0.1,1.55,0.1,150.57,12.05601,-3.6135,-58.1611,8e-05,-0.73403
5080.43,BTC-25SEP20,1584529141952,open,0.43,177.6,0.329,0.5445,0.44114184,112.31,0.4,0.0,BTC-25SEP20-6000-P,5104.32,94.72,0.391,2.0,0.491,2.0,130.14,14.36298,-4.22556,-22.88548,9e-05,-0.42025
5050.66,BTC-27MAR20,1584529141952,open,0.01,1717.1,0.0005,0.025,0.00621333,173.65,0.0065,0.0,BTC-27MAR20-8000-C,5104.32,169.63,0.0055,12.0,0.007,0.1,177.8,0.92618,-9.0603,0.06486,9e-05,0.05902
5080.43,BTC-25SEP20,1584529141953,open,1.25,196.6,1.107,1.444,1.27406129,114.38,1.2005,0.0,BTC-25SEP20-11000-P,5104.32,0.0,0.0,0.0,0.0,0.0,0.0,12.8005,-3.83512,-52.41002,8e-05,-0.69862
5058.24,BTC-26JUN20,1584529141953,open,0.0,528.8,0.0005,0.019,0.00435226,140.68,0.003,0.0,BTC-26JUN20-30000-C,5104.32,131.94,0.0025,1.0,0.007,36.1,149.44,1.28799,-0.9071,0.21833,1e-05,0.02013
5080.43,BTC-25SEP20,1584529141952,open,1.07,257.8,0.937,1.253,1.09521626,113.85,1.085,0.0,BTC-25SEP20-10000-P,5104.32,0.0,0.95,0.5,1.125,0.3,124.84,13.47032,-4.01719,-46.61723,9e-05,-0.65942
5058.24,BTC-26JUN20,1584529141953,open,1.39,124.0,1.256,1.5835,1.41315339,123.86,1.2925,0.0,BTC-26JUN20-12000-P,5104.32,0.0,0.0005,1.0,1.913,1.0,385.8,6.34211,-3.93248,-31.23584,7e-05,-0.84361
5058.24,BTC-26JUN20,1584529141952,open,3.32,0.0,3.1065,3.648,3.36026454,137.84,None,0.0,BTC-26JUN20-22000-P,5104.32,0.0,0.0,0.0,0.0,0.0,0.0,2.58162,-1.78146,-59.7046,3e-05,-0.95335
5058.24,BTC-26JUN20,1584529141953,open,5.27,3.0,4.9705,5.742,5.33202265,149.59,6.119,0.0,BTC-26JUN20-32000-P,5104.32,0.0,0.0005,1.0,0.0,0.0,0.0,1.52749,-1.1439,-87.30033,1e-05,-0.97536
5080.43,BTC-25SEP20,1584529141953,open,2.17,3.4,1.997,2.435,2.20681296,117.28,2.028,0.0,BTC-25SEP20-16000-P,5104.32,0.0,0.0,0.0,0.0,0.0,0.0,9.52317,-2.9256,-80.50817,6e-05,-0.82346
5058.24,BTC-26JUN20,1584529141953,open,0.01,1065.8,0.0005,0.0205,0.0057647,136.55,0.005,0.0,BTC-26JUN20-26000-C,5104.32,130.36,0.004,8.0,0.008,3.0,142.76,1.62425,-1.11033,0.28714,2e-05,0.02651
5058.24,BTC-26JUN20,1584529141953,open,0.19,205.6,0.112,0.247,0.18696083,120.57,0.183,0.0,BTC-26JUN20-6000-C,5104.32,118.19,0.182,24.1,0.192,25.0,122.99,10.54533,-6.3653,4.57921,0.00012,0.51781
5058.24,BTC-26JUN20,1584529141953,open,1.2,0.5,1.076,1.3845,1.22534032,123.03,1.05,0.0,BTC-26JUN20-11000-P,5104.32,0.0,0.0005,1.0,1.7245,1.0,382.14,7.13319,-4.39346,-28.19898,8e-05,-0.81202
5080.43,BTC-25SEP20,1584529141953,open,0.09,539.3,0.0365,0.1465,0.09234255,114.1,0.0855,0.0,BTC-25SEP20-12000-C,5104.32,111.17,0.0855,2.9,0.0975,28.5,116.26,12.02492,-3.59399,4.57708,8e-05,0.26462
5052.23,BTC-27MAR20,1584529141953,open,2.13,21.1,1.989,2.37,2.16813916,286.68,2.255,0.0,BTC-27MAR20-16000-P,5104.32,0.0,0.9595,2.5,2.56,2.5,500.0,0.19634,-3.17081,-3.88084,1e-05,-0.99074
5052.23,BTC-27MAR20,1584529141953,open,0.1,141.3,0.0395,0.155,0.10182616,156.42,0.1,0.0,BTC-27MAR20-5000-C,5104.32,149.38,0.0975,34.1,0.106,20.1,163.23,3.10075,-27.32363,0.56947,0.00032,0.56536
5052.23,BTC-27MAR20,1584529141953,open,6.04,0.1,5.7245,6.5825,6.12819061,481.32,5.7275,0.0,BTC-27MAR20-36000-P,5104.32,0.0,0.0015,2.0,0.0,0.0,0.0,0.25515,-6.91816,-8.74196,1e-05,-0.98749
5052.23,BTC-27MAR20,1584529141953,open,0.96,647.5,0.868,1.109,0.9815971,201.05,1.2375,0.0,BTC-27MAR20-10000-P,5104.32,0.0,0.0005,1.0,1.177,4.9,500.0,0.40775,-4.61808,-2.40791,3e-05,-0.97836
5052.23,BTC-27MAR20,1584529141953,open,0.0,745.5,0.0005,0.0155,1.434e-05,218.28,0.0005,0.0,BTC-27MAR20-18000-C,5104.32,0.0,0.0,0.0,0.002,49.5,328.42,0.00551,-0.0678,0.00021,0.0,0.00018
5052.23,BTC-27MAR20,1584529141953,open,2.52,0.0,2.3625,2.791,2.56410964,313.62,1.23,0.0,BTC-27MAR20-18000-P,5104.32,0.0,1.3545,2.5,2.955,2.5,500.0,0.19709,-3.48201,-4.36726,1e-05,-0.9907
5080.43,BTC-25SEP20,1584529141953,open,5.24,1.0,4.9475,5.7335,5.31619304,126.64,7.779,0.0,BTC-25SEP20-32000-P,5104.32,0.0,0.0,0.0,0.0,0.0,0.0,4.39728,-1.45869,-166.20461,3e-05,-0.93964
5080.43,BTC-25SEP20,1584529141953,open,0.73,185.3,0.6125,0.883,0.75068238,112.36,0.66,0.0,BTC-25SEP20-8000-P,5104.32,0.0,0.044,12.1,1.5755,0.2,500.0,14.4873,-4.26404,-34.83851,0.0001,-0.56062
5052.23,BTC-27MAR20,1584529141953,open,0.47,1139.4,0.4025,0.594,0.49311273,165.86,0.436,0.0,BTC-27MAR20-7500-P,5104.32,104.67,0.485,8.0,0.535,2.0,276.56,1.18267,-11.05044,-1.73481,0.00011,-0.91897
5052.23,BTC-27MAR20,1584529141953,open,1.15,251.7,1.055,1.318,1.17877558,212.2,1.07,0.0,BTC-27MAR20-11000-P,5104.32,0.0,0.12,0.2,1.574,2.5,500.0,0.28824,-3.44561,-2.65903,2e-05,-0.98559
5058.24,BTC-26JUN20,1584529141953,open,4.49,0.0,4.2245,4.9025,4.54220526,144.09,None,0.0,BTC-26JUN20-28000-P,5104.32,0.0,0.0005,1.0,0.0,0.0,0.0,1.75775,-1.26791,-76.30605,2e-05,-0.97085
5052.23,BTC-27MAR20,1584529141954,open,6.83,0.8,6.4715,7.425,6.92021179,500.0,5.8915,0.0,BTC-27MAR20-40000-P,5104.32,0.0,0.0,0.0,0.0,0.0,0.0,0.24238,-6.82706,-9.71542,1e-05,-0.98821
5052.23,BTC-27MAR20,1584529141954,open,4.87,0.0,4.604,5.3185,4.93997067,432.25,None,0.0,BTC-27MAR20-30000-P,5104.32,0.0,0.0,0.0,0.0,0.0,0.0,0.22024,-5.36287,-7.28457,1e-05,-0.98944
5080.43,BTC-25SEP20,1584529141954,open,1.79,103.4,1.635,2.032,1.82726481,115.63,1.6655,0.0,BTC-25SEP20-14000-P,5104.32,0.0,0.0,0.0,0.0,0.0,0.0,10.69263,-3.23872,-69.4411,7e-05,-0.78645
5080.43,BTC-25SEP20,1584529141954,open,2.93,1.4,2.729,3.251,2.97615169,120.17,2.526,0.0,BTC-25SEP20-20000-P,5104.32,0.0,0.0,0.0,0.0,0.0,0.0,7.63177,-2.40231,-102.2738,5e-05,-0.87336
5080.43,BTC-25SEP20,1584529141954,open,0.01,381.9,0.0005,0.031,0.01138692,124.18,0.0145,0.0,BTC-25SEP20-36000-C,5104.32,119.27,0.0085,25.0,0.0125,1.0,125.86,3.27366,-1.06491,0.80493,2e-05,0.04168
5052.23,BTC-27MAR20,1584529141954,open,0.0,932.1,0.0005,0.0155,3.96e-06,218.29,0.0025,0.0,BTC-27MAR20-20000-C,5104.32,0.0,0.0,0.0,0.001,13.0,325.31,0.00175,-0.02001,6e-05,0.0,5e-05
5058.24,BTC-26JUN20,1584529141954,open,1.77,12.5,1.621,1.9875,1.79478583,125.13,1.427,0.0,BTC-26JUN20-14000-P,5104.32,0.0,0.0,0.0,2.2955,1.0,393.9,4.96641,-3.11118,-37.16383,6e-05,-0.89028
5080.43,BTC-25SEP20,1584529141954,open,0.18,884.7,0.117,0.258,0.19014453,113.76,0.2005,0.0,BTC-25SEP20-4000-P,5104.32,109.71,0.181,25.7,0.199,22.7,117.7,11.45605,-3.41398,-11.46383,7e-05,-0.24135
5052.23,BTC-27MAR20,1584529141954,open,0.0,241.9,0.0005,0.0155,4e-08,218.31,0.0025,0.0,BTC-27MAR20-28000-C,5104.32,0.0,0.0,0.0,0.001,0.2,390.24,2e-05,-0.00018,0.0,0.0,0.0
5080.43,BTC-25SEP20,1584529141954,open,0.9,293.5,0.77,1.063,0.91815603,112.39,0.83,0.0,BTC-25SEP20-9000-P,5104.32,0.0,0.1,1.0,0.988,0.5,137.07,14.02374,-4.12881,-40.78143,9e-05,-0.61683
5052.23,BTC-27MAR20,1584529141954,open,5.65,0.0,5.351,6.161,5.73218002,467.18,None,0.0,BTC-27MAR20-34000-P,5104.32,0.0,0.0,0.0,0.0,0.0,0.0,0.24853,-6.54073,-8.2559,1e-05,-0.98786
5080.43,BTC-25SEP20,1584529141954,open,4.47,0.0,4.2055,4.899,4.53106668,122.35,None,0.0,BTC-25SEP20-28000-P,5104.32,0.0,0.0,0.0,0.0,0.0,0.0,4.85353,-1.55551,-145.12815,3e-05,-0.93146
5052.23,BTC-27MAR20,1584529141954,open,3.7,0.0,3.483,4.055,3.75197687,378.56,None,0.0,BTC-27MAR20-24000-P,5104.32,0.0,0.0005,1.1,0.0,0.0,0.0,0.20128,-4.29233,-5.82633,1e-05,-0.99047
5058.24,BTC-26JUN20,1584529141954,open,3.71,0.0,3.479,4.0645,3.75319422,138.53,None,0.0,BTC-26JUN20-24000-P,5104.32,0.0,0.0005,1.0,0.0,0.0,0.0,2.14083,-1.48471,-65.27636,2e-05,-0.96298
5058.24,BTC-26JUN20,1584529141955,open,0.01,1097.3,0.0005,0.0265,0.00938697,134.68,0.009,0.0,BTC-26JUN20-22000-C,5104.32,124.82,0.0055,31.0,0.014,36.0,143.41,2.34599,-1.58176,0.44349,2e-05,0.04143
5058.24,BTC-26JUN20,1584529141955,open,0.85,626.3,0.728,1.0,0.86312794,122.81,0.912,0.0,BTC-26JUN20-9000-P,5104.32,0.0,0.037,0.1,1.361,1.0,379.8,8.94349,-5.4984,-21.87899,0.0001,-0.71761
5058.24,BTC-26JUN20,1584529141955,open,4.88,5.5,4.5975,5.3225,4.93718078,147.27,5.702,0.0,BTC-26JUN20-30000-P,5104.32,0.0,0.0005,1.0,0.0,0.0,0.0,1.65306,-1.21874,-81.80158,2e-05,-0.97293
5058.24,BTC-26JUN20,1584529141955,open,2.93,0.1,2.734,3.233,2.96811753,136.81,1.85,0.0,BTC-26JUN20-20000-P,5104.32,0.0,0.0005,1.0,0.0,0.0,0.0,3.11128,-2.13092,-54.10576,3e-05,-0.94099
5052.42,SYN.BTC-24APR20,1584529141951,open,0.0,396.8,0.0005,0.0155,0.00089798,175.17,0.001,0.0,BTC-24APR20-24000-C,5104.32,165.92,0.0005,9.3,0.0015,0.1,184.47,0.26762,-0.63564,0.02536,1e-05,0.00587
5080.43,BTC-25SEP20,1584529141955,open,0.29,267.0,0.209,0.3895,0.30351461,111.76,0.254,0.0,BTC-25SEP20-5000-P,5104.32,107.78,0.293,20.4,0.3135,18.4,115.56,13.39772,-3.92225,-16.98638,9e-05,-0.33584
5052.23,BTC-27MAR20,1584529141955,open,2.91,3.0,2.736,3.2125,2.96010985,338.5,2.33,0.0,BTC-27MAR20-20000-P,5104.32,0.0,1.9405,2.9,3.426,2.1,500.0,0.20211,-3.854,-4.85343,1e-05,-0.99043
5052.23,BTC-27MAR20,1584529141955,open,3.3,5.6,3.1095,3.6335,3.35611763,361.28,2.888,0.0,BTC-27MAR20-22000-P,5104.32,0.0,2.3355,2.9,3.8205,2.1,500.0,0.20831,-4.2396,-5.33953,1e-05,-0.99009
5080.43,BTC-25SEP20,1584529141956,open,3.69,16.1,3.4655,4.072,3.7509879,121.05,3.1855,0.0,BTC-25SEP20-24000-P,5104.32,0.0,0.0,0.0,0.0,0.0,0.0,6.00418,-1.90389,-123.81237,4e-05,-0.90923
5052.23,BTC-27MAR20,1584529141955,open,1.35,145.6,1.2415,1.528,1.37696499,236.21,1.367,0.0,BTC-27MAR20-12000-P,5104.32,0.0,0.17,2.5,1.7705,2.5,500.0,0.30205,-4.01918,-2.90152,2e-05,-0.98478
5052.23,BTC-27MAR20,1584529141956,open,1.74,69.5,1.6155,1.9485,1.7722904,259.14,2.8715,0.0,BTC-27MAR20-14000-P,5104.32,0.0,0.565,2.5,2.1655,2.5,500.0,0.21299,-3.1093,-3.39341,1e-05,-0.98984
5097.6,SYN.BTC-19MAR20,1584529141951,open,0.0,23.5,0.0005,0.0275,0.00315975,173.17,0.0035,0.0,BTC-19MAR20-5750-C,5104.32,147.12,0.0015,0.1,0.0055,38.0,200.11,0.38577,-16.10711,0.00991,0.00036,0.08419
5052.23,BTC-27MAR20,1584529141956,open,0.67,917.0,0.588,0.799,0.68793531,186.6,0.66,0.0,BTC-27MAR20-8500-P,5104.32,0.0,0.637,2.0,0.7315,2.0,320.8,0.81584,-8.57593,-2.01197,7e-05,-0.94975
5058.24,BTC-26JUN20,1584529141957,open,2.15,2.9,1.9905,2.399,2.18307319,128.04,1.776,0.0,BTC-26JUN20-16000-P,5104.32,0.0,0.1825,1.0,2.683,1.0,402.39,4.04814,-2.59478,-42.90659,5e-05,-0.9169
5091.71,SYN.BTC-20MAR20,1584529141951,open,0.0,196.7,0.0005,0.016,0.00122517,213.51,0.001,0.0,BTC-20MAR20-7000-C,5104.32,207.27,0.001,5.4,0.0015,1.0,220.2,0.19588,-6.2382,0.00559,7e-05,0.02259
5091.71,SYN.BTC-20MAR20,1584529141951,open,0.0,208.8,0.0005,0.0155,1e-08,223.67,0.0015,0.0,BTC-20MAR20-11500-C,5104.32,0.0,0.0,0.0,0.0005,0.5,423.05,1e-05,-4e-05,0.0,0.0,0.0
5052.42,SYN.BTC-24APR20,1584529141952,open,0.01,620.5,0.0005,0.021,0.00602878,156.56,0.006,0.0,BTC-24APR20-14000-C,5104.32,144.7,0.0035,30.0,0.008,46.0,163.72,1.26966,-2.69533,0.15295,3e-05,0.03599
5052.42,SYN.BTC-24APR20,1584529141951,open,0.11,214.6,0.0505,0.1605,0.10880249,136.86,0.11,0.0,BTC-24APR20-6000-C,5104.32,131.4,0.102,30.6,0.1125,33.1,139.82,6.3064,-11.70286,1.637,0.00018,0.42951
5052.42,SYN.BTC-24APR20,1584529141951,open,0.0,1506.9,0.0005,0.016,0.0010603,192.53,0.002,0.0,BTC-24APR20-28000-C,5104.32,179.71,0.0005,14.2,0.002,0.1,205.4,0.28709,-0.74946,0.027,1e-05,0.00635
5091.71,SYN.BTC-20MAR20,1584529141951,open,0.0,319.5,0.0005,0.0155,7.469e-05,223.56,0.0005,0.0,BTC-20MAR20-8250-C,5104.32,0.0,0.0,0.0,0.0005,19.0,269.87,0.01984,-0.38028,0.00042,1e-05,0.00169
5091.71,SYN.BTC-20MAR20,1584529141951,open,0.0,273.5,0.0005,0.0155,5.06e-06,223.66,0.0005,0.0,BTC-20MAR20-9250-C,5104.32,0.0,0.0,0.0,0.001,0.3,351.22,0.00191,-0.02579,3e-05,0.0,0.00013
5091.71,SYN.BTC-20MAR20,1584529141952,open,0.0,125.9,0.0005,0.0155,1.26e-06,223.67,0.001,0.0,BTC-20MAR20-9750-C,5104.32,0.0,0.0,0.0,0.001,1.0,377.09,0.00055,-0.00639,1e-05,0.0,4e-05
5091.71,SYN.BTC-20MAR20,1584529141952,open,0.0,536.7,0.0005,0.0155,3.872e-05,223.62,0.0005,0.0,BTC-20MAR20-8500-C,5104.32,0.0,0.0,0.0,0.001,0.2,308.91,0.01132,-0.19717,0.00023,0.0,0.00091
5091.71,SYN.BTC-20MAR20,1584529141952,open,0.01,261.5,0.0005,0.037,0.00792362,153.41,0.0095,0.0,BTC-20MAR20-5750-C,5104.32,141.1,0.006,44.3,0.01,25.0,165.47,0.83857,-34.29294,0.03632,0.00041,0.14672
5052.42,SYN.BTC-24APR20,1584529141951,open,0.01,365.1,0.0005,0.031,0.0111988,153.42,0.01,0.0,BTC-24APR20-12000-C,5104.32,150.27,0.01,0.2,0.0125,45.0,156.63,1.98737,-4.13426,0.26443,5e-05,0.063
5052.42,SYN.BTC-24APR20,1584529141951,open,0.05,48.4,0.0195,0.097,0.05599548,158.46,0.054,0.0,BTC-24APR20-3500-P,5104.32,152.67,0.0515,42.3,0.0605,28.3,164.16,3.96081,-8.50988,-1.11973,0.0001,-0.16337
5097.6,SYN.BTC-19MAR20,1584529141951,open,0.0,8.8,0.0005,0.0215,0.00183015,174.22,0.002,0.0,BTC-19MAR20-5875-C,5104.32,155.7,0.001,0.1,0.003,1.0,193.56,0.26793,-9.32935,0.0062,0.00025,0.05255
5091.71,SYN.BTC-20MAR20,1584529141952,open,0.0,196.5,0.0005,0.0155,6.2e-07,223.67,0.0005,0.0,BTC-20MAR20-10000-C,5104.32,0.0,0.0,0.0,0.0005,0.2,359.97,0.00029,-0.00315,0.0,0.0,2e-05
5091.71,SYN.BTC-20MAR20,1584529141951,open,0.0,831.6,0.0005,0.017,0.00209047,330.02,0.002,0.0,BTC-20MAR20-3250-P,5104.32,327.58,0.002,4.0,0.0025,3.0,340.36,0.19084,-10.6441,-0.00628,4e-05,-0.0219
5097.6,SYN.BTC-19MAR20,1584529141951,open,0.0,3.3,0.0005,0.0165,0.00099666,174.23,0.001,0.0,BTC-19MAR20-6000-C,5104.32,156.51,0.0005,1.3,0.001,0.8,174.32,0.17426,-5.08057,0.00366,0.00016,0.03093
5091.71,SYN.BTC-20MAR20,1584529141952,open,0.0,307.6,0.0005,0.017,0.00219011,189.33,0.0015,0.0,BTC-20MAR20-6500-C,5104.32,166.24,0.001,2.0,0.004,48.0,212.91,0.32535,-11.15141,0.01034,0.00013,0.0417
5091.71,SYN.BTC-20MAR20,1584529141952,open,0.0,456.8,0.0005,0.017,0.00238559,289.01,0.003,0.0,BTC-20MAR20-3500-P,5104.32,267.01,0.0015,0.1,0.0035,17.4,310.64,0.23369,-12.14672,-0.00792,6e-05,-0.02788
5097.6,SYN.BTC-19MAR20,1584529141951,open,0.01,74.9,0.0005,0.0495,0.01142287,156.59,0.012,0.0,BTC-19MAR20-5375-C,5104.32,134.04,0.008,68.0,0.013,0.1,166.43,0.80509,-58.22921,0.03004,0.00082,0.25703
5091.71,SYN.BTC-20MAR20,1584529141952,open,0.0,226.5,0.0005,0.0155,2e-08,223.67,0.001,0.0,BTC-20MAR20-11250-C,5104.32,0.0,0.0,0.0,0.0005,0.5,413.24,1e-05,-9e-05,0.0,0.0,0.0
5052.42,SYN.BTC-24APR20,1584529141951,open,0.0,346.5,0.0005,0.0165,0.00162584,168.0,0.002,0.0,BTC-24APR20-20000-C,5104.32,159.59,0.001,1.1,0.0025,0.1,176.45,0.44494,-1.01352,0.04507,1e-05,0.01045
5091.71,SYN.BTC-20MAR20,1584529141951,open,0.0,292.4,0.0005,0.0155,0.00026722,223.34,0.0005,0.0,BTC-20MAR20-7750-C,5104.32,0.0,0.0,0.0,0.001,2.0,261.44,0.05729,-1.36061,0.00136,2e-05,0.00548
5091.71,SYN.BTC-20MAR20,1584529141951,open,0.0,154.4,0.0005,0.0225,0.00382229,184.48,0.0035,0.0,BTC-20MAR20-6250-C,5104.32,169.0,0.0025,3.0,0.0055,47.0,200.48,0.48432,-19.462,0.01704,0.0002,0.06893
5091.71,SYN.BTC-20MAR20,1584529141952,open,0.0,213.3,0.0005,0.0155,1.5e-07,223.67,0.0005,0.0,BTC-20MAR20-10500-C,5104.32,0.0,0.0,0.0,0.0005,0.3,382.19,8e-05,-0.00076,0.0,0.0,0.0
5091.71,SYN.BTC-20MAR20,1584529141953,open,0.0,555.9,0.0005,0.0155,1.007e-05,223.66,0.0005,0.0,BTC-20MAR20-9000-C,5104.32,0.0,0.0,0.0,0.001,0.3,337.62,0.00351,-0.05126,6e-05,0.0,0.00026
5091.71,SYN.BTC-20MAR20,1584529141952,open,0.0,579.4,0.0005,0.0155,0.00014219,223.46,0.0005,0.0,BTC-20MAR20-8000-C,5104.32,0.0,0.0,0.0,0.0005,6.7,255.04,0.03407,-0.72402,0.00077,1e-05,0.00307
5091.71,SYN.BTC-20MAR20,1584529141952,open,0.0,184.9,0.0005,0.0155,4e-08,223.67,0.0005,0.0,BTC-20MAR20-11000-C,5104.32,0.0,0.0,0.0,0.0005,0.1,403.17,2e-05,-0.00018,0.0,0.0,0.0
5091.71,SYN.BTC-20MAR20,1584529141952,open,0.0,418.3,0.0005,0.0155,2.53e-06,223.67,0.001,0.0,BTC-20MAR20-9500-C,5104.32,0.0,0.0,0.0,0.0015,16.8,383.66,0.00103,-0.01288,2e-05,0.0,7e-05
5091.71,SYN.BTC-20MAR20,1584529141952,open,0.0,98.7,0.0005,0.0155,7e-08,223.67,0.0005,0.0,BTC-20MAR20-10750-C,5104.32,0.0,0.0,0.0,0.0005,0.3,392.83,4e-05,-0.00037,0.0,0.0,0.0
5091.71,SYN.BTC-20MAR20,1584529141952,open,0.0,163.1,0.0005,0.0155,3e-07,223.67,0.0005,0.0,BTC-20MAR20-10250-C,5104.32,0.0,0.0,0.0,0.0005,0.3,371.24,0.00015,-0.00155,0.0,0.0,1e-05
5052.42,SYN.BTC-24APR20,1584529141951,open,0.07,193.3,0.0225,0.111,0.06631206,136.86,0.0765,0.0,BTC-24APR20-7000-C,5104.32,130.6,0.0595,34.3,0.07,35.8,140.19,5.56136,-10.32043,1.17942,0.00016,0.29737
5052.42,SYN.BTC-24APR20,1584529141951,open,0.37,0.2,0.301,0.412,0.36322881,158.42,0.3785,0.0,BTC-24APR20-3500-C,5104.32,135.54,0.346,5.0,0.3895,5.0,190.68,3.96037,-8.50694,2.41659,0.0001,0.83666
5091.71,SYN.BTC-20MAR20,1584529141952,open,0.0,462.6,0.0005,0.0155,1.984e-05,223.65,0.0005,0.0,BTC-20MAR20-8750-C,5104.32,0.0,0.0,0.0,0.001,2.0,323.52,0.00635,-0.10104,0.00012,0.0,0.00049
5052.42,SYN.BTC-24APR20,1584529141951,open,0.3,0.0,0.2245,0.3455,0.29285071,150.54,None,0.0,BTC-24APR20-4000-C,5104.32,130.9,0.274,5.0,0.318,5.0,176.07,4.91748,-10.03763,2.41773,0.00013,0.7665
5052.42,SYN.BTC-24APR20,1584529141952,open,0.01,349.1,0.0005,0.0255,0.00863465,156.56,0.0095,0.0,BTC-24APR20-13000-C,5104.32,151.21,0.007,0.4,0.0105,46.0,161.97,1.64147,-3.48462,0.20829,4e-05,0.04944
5052.23,BTC-27MAR20,1584529141985,open,0.47,1139.4,0.402,0.5945,0.49311273,165.86,0.436,0.0,BTC-27MAR20-7500-P,5104.32,104.67,0.485,7.0,0.535,2.0,276.56,1.18267,-11.05044,-1.73481,0.00011,-0.91897
5052.23,BTC-27MAR20,1584529142001,open,0.47,1139.4,0.402,0.5945,0.49311273,165.86,0.436,0.0,BTC-27MAR20-7500-P,5104.32,104.67,0.485,2.0,0.535,2.0,276.56,1.18267,-11.05044,-1.73481,0.00011,-0.91897
5058.24,BTC-26JUN20,1584529142005,open,0.19,205.6,0.112,0.2465,0.18696083,120.57,0.183,0.0,BTC-26JUN20-6000-C,5104.32,118.19,0.182,24.1,0.192,16.3,122.99,10.54533,-6.3653,4.57921,0.00012,0.51781
5058.24,BTC-26JUN20,1584529142009,open,0.19,205.6,0.112,0.2465,0.18696083,120.57,0.183,0.0,BTC-26JUN20-6000-C,5104.32,118.19,0.182,24.1,0.192,7.5,122.99,10.54533,-6.3653,4.57921,0.00012,0.51781
5058.24,BTC-26JUN20,1584529142015,open,0.19,205.6,0.112,0.2465,0.18696083,120.57,0.183,0.0,BTC-26JUN20-6000-C,5104.32,118.19,0.182,24.1,0.1925,17.5,123.23,10.54533,-6.3653,4.57921,0.00012,0.51781
5052.23,BTC-27MAR20,1584529142016,open,0.29,631.3,0.2215,0.3965,0.30720531,154.24,0.3165,0.0,BTC-27MAR20-6500-P,5104.32,69.95,0.287,3.0,0.3435,3.0,229.24,2.04454,-17.76443,-1.38868,0.00021,-0.82313
