underlying_price,underlying_index,timestamp,state,settlement_price,open_interest,min_price,max_price,mark_price,mark_iv,last_price,interest_rate,instrument_name,index_price,bid_iv,best_bid_price,best_bid_amount,best_ask_price,best_ask_amount,ask_iv,vega,theta,rho,gamma,delta
131.22,ETH-27MAR20,1577962740005,open,0.41,20.0,0.384,0.442,0.412475,91.3,0.613,0.0,ETH-27MAR20-80-C,129.37,55.67,0.393,44.0,0.432,44.0,113.54,0.1023,-0.05502,0.15198,0.0028,0.91054
133.34,ETH-26JUN20,1577962740058,open,0.18,2033.0,0.121,0.229,0.173363,84.81,0.174,0.0,ETH-26JUN20-120-P,129.37,82.26,0.167,904.0,0.175,1.0,85.49,0.33011,-0.07959,-0.31565,0.00454,-0.31796
135.33,SYN.ETH-25SEP20,1577962740092,open,0.23,20.0,0.171,0.295,0.233579,87.18,0.237,0.0,ETH-25SEP20-160-C,129.37,86.12,0.23,618.0,0.241,271.0,89.38,0.45663,-0.07459,0.32188,0.00391,0.55889
135.33,SYN.ETH-25SEP20,1577962740094,open,0.2,20.0,0.137,0.261,0.199014,87.84,0.254,0.0,ETH-25SEP20-180-C,129.37,86.66,0.195,650.0,0.206,275.0,89.89,0.46166,-0.07598,0.29618,0.00392,0.49835
135.33,SYN.ETH-25SEP20,1577962740097,open,0.2,20.0,0.137,0.261,0.199014,87.84,0.254,0.0,ETH-25SEP20-180-C,129.37,86.66,0.195,925.0,0.206,275.0,89.89,0.46166,-0.07598,0.29618,0.00392,0.49835
7249.17,BTC-27MAR20,1577962740293,open,0.04,1182.9,0.02,0.0755,0.0419109,74.24,0.043,0.0,BTC-27MAR20-10000-C,7138.42,73.28,0.0405,32.3,0.0435,14.2,75.3,10.76443,-4.70765,3.26951,0.00012,0.23588
7249.17,BTC-27MAR20,1577962740298,open,0.01,517.1,0.0035,0.035,0.01319587,85.47,0.0135,0.0,BTC-27MAR20-14000-C,7138.42,83.79,0.012,48.0,0.0145,32.8,87.2,5.30098,-2.66896,1.16195,5e-05,0.08213
7249.17,BTC-27MAR20,1577962740302,open,0.09,1315.7,0.063,0.135,0.09512627,70.03,0.0945,0.0,BTC-27MAR20-8000-C,7138.42,69.17,0.0935,21.9,0.098,32.4,71.53,13.84075,-5.71011,5.99965,0.00016,0.45106
135.33,SYN.ETH-25SEP20,1577962740340,open,0.22,189.0,0.161,0.284,0.220912,87.16,0.199,0.0,ETH-25SEP20-120-P,129.37,84.17,0.212,901.0,0.224,411.0,88.22,0.40032,-0.06537,-0.51212,0.00343,-0.29667
135.33,SYN.ETH-25SEP20,1577962740354,open,0.17,11.0,0.112,0.236,0.172981,89.08,0.178,0.0,ETH-25SEP20-200-C,129.37,87.9,0.169,892.0,0.177,1.0,90.26,0.45767,-0.07638,0.27165,0.00384,0.44753
135.33,SYN.ETH-25SEP20,1577962740356,open,0.15,7.0,0.093,0.214,0.152132,90.34,0.201,0.0,ETH-25SEP20-220-C,129.37,88.79,0.147,921.0,0.157,282.0,91.81,0.44827,-0.07588,0.24933,0.00371,0.40412
135.33,SYN.ETH-25SEP20,1577962740359,open,0.13,2.0,0.079,0.197,0.134969,91.53,0.122,0.0,ETH-25SEP20-240-C,129.37,89.98,0.13,625.0,0.14,285.0,93.08,0.43564,-0.07471,0.22927,0.00355,0.36669
135.33,SYN.ETH-25SEP20,1577962740372,open,0.09,52.0,0.043,0.146,0.089616,95.58,0.092,0.0,ETH-25SEP20-320-C,129.37,94.27,0.086,649.0,0.093,294.0,96.79,0.37514,-0.06718,0.16829,0.00293,0.2597
135.33,SYN.ETH-25SEP20,1577962740375,open,0.08,14.0,0.034,0.131,0.076598,97.74,0.078,0.0,ETH-25SEP20-360-C,129.37,96.32,0.073,633.0,0.08,297.0,99.05,0.34777,-0.06368,0.14763,0.00266,0.22581
135.33,SYN.ETH-25SEP20,1577962740377,open,0.06,102.0,0.028,0.118,0.066236,99.53,0.068,0.0,ETH-25SEP20-400-C,129.37,98.16,0.063,584.0,0.07,299.0,101.09,0.3223,-0.0601,0.13065,0.00242,0.19828
135.33,SYN.ETH-25SEP20,1577962740379,open,0.06,42.0,0.023,0.109,0.058411,101.31,0.057,0.0,ETH-25SEP20-440-C,129.37,99.75,0.055,613.0,0.062,300.0,102.91,0.30019,-0.05698,0.11709,0.00221,0.17675
135.33,SYN.ETH-25SEP20,1577962740382,open,0.05,80.0,0.019,0.1,0.05195,102.86,0.05,0.0,ETH-25SEP20-480-C,129.37,101.42,0.049,560.0,0.055,300.0,104.31,0.28013,-0.05399,0.10568,0.00203,0.15876
135.33,SYN.ETH-25SEP20,1577962740384,open,0.04,0.0,0.017,0.095,0.047901,104.93,None,0.0,ETH-25SEP20-520-C,129.37,102.9,0.044,604.0,0.052,600.0,106.98,0.26557,-0.05221,0.09755,0.00189,0.14649
135.33,SYN.ETH-25SEP20,1577962740386,open,0.04,0.0,0.015,0.089,0.043577,106.34,None,0.0,ETH-25SEP20-560-C,129.37,104.36,0.04,570.0,0.047,539.0,108.15,0.25008,-0.04982,0.08955,0.00176,0.13409
135.33,SYN.ETH-25SEP20,1577962740388,open,0.04,172.0,0.019,0.065,0.038999,92.06,0.036,0.0,ETH-25SEP20-60-P,129.37,89.6,0.036,759.0,0.042,470.0,94.47,0.16681,-0.02877,-0.11458,0.00135,-0.07681
133.34,ETH-26JUN20,1577962740390,open,0.27,1313.0,0.2,0.328,0.263103,84.81,0.267,0.0,ETH-26JUN20-140-P,129.37,82.94,0.258,572.0,0.269,180.0,87.01,0.36108,-0.08706,-0.43644,0.00497,-0.41623
133.34,ETH-26JUN20,1577962740394,open,0.03,727.0,0.008,0.06,0.026486,104.77,0.025,0.0,ETH-26JUN20-440-C,129.37,102.69,0.024,1065.0,0.029,1070.0,106.77,0.16319,-0.0486,0.04764,0.00182,0.10063
133.34,ETH-26JUN20,1577962740396,open,0.01,636.0,0.003,0.04,0.014472,113.94,0.015,0.0,ETH-26JUN20-640-C,129.37,112.0,0.013,587.0,0.016,712.0,115.83,0.10468,-0.03391,0.02679,0.00107,0.05617
133.34,ETH-26JUN20,1577962740575,open,0.57,3.0,0.547,0.597,0.5715,92.73,0.588,0.0,ETH-26JUN20-60-C,129.37,60.26,0.553,52.0,0.583,52.0,105.6,0.10895,-0.02872,0.23733,0.00137,0.94091
135.31,SYN.ETH-25SEP20,1577962740711,open,0.17,11.0,0.112,0.236,0.172981,89.09,0.178,0.0,ETH-25SEP20-200-C,129.37,87.91,0.169,613.0,0.177,1.0,90.27,0.45759,-0.07637,0.27158,0.00384,0.44748
130.61,SYN.ETH-28FEB20,1577962740715,open,0.12,7.0,0.083,0.161,0.122431,76.72,0.117,0.0,ETH-28FEB20-130-C,129.37,73.87,0.118,620.0,0.125,870.0,78.38,0.20284,-0.13681,0.09033,0.00995,0.56627
129.41,SYN.ETH-3JAN20,1577962740717,open,0.01,2765.0,0.001,0.036,0.010862,66.65,0.014,0.0,ETH-3JAN20-130-C,129.37,56.85,0.009,651.0,0.013,180.0,77.48,0.0251,-0.83629,0.00137,0.09372,0.45096
7149.14,SYN.BTC-10JAN20,1577962740719,open,0.01,656.1,0.0005,0.0375,0.01021561,47.03,0.011,0.0,BTC-10JAN20-7500-C,7138.42,45.5,0.0095,28.0,0.011,9.0,48.68,3.37164,-10.06595,0.37749,0.00065,0.25493
7213.07,SYN.BTC-28FEB20,1577962740729,open,0.11,7.6,0.083,0.1455,0.11206777,62.41,0.1135,0.0,BTC-28FEB20-7000-C,7138.42,60.73,0.1095,17.0,0.1135,15.4,63.35,11.02363,-6.04802,5.44747,0.00022,0.59673
7401.81,BTC-26JUN20,1577962740730,open,0.18,345.6,0.1265,0.2225,0.1694679,73.32,0.164,0.0,BTC-26JUN20-7000-P,7138.42,72.58,0.1675,0.7,0.173,31.6,74.7,19.18268,-3.99876,-18.80695,0.0001,-0.35787
7401.81,BTC-26JUN20,1577962740733,open,0.17,241.3,0.131,0.226,0.17390901,74.4,0.173,0.0,BTC-26JUN20-8000-C,7138.42,73.88,0.1725,0.7,0.176,16.5,75.15,20.37906,-4.31032,13.15947,0.0001,0.5429
7401.81,BTC-26JUN20,1577962740734,open,0.07,440.0,0.039,0.1195,0.07150646,79.25,0.0715,0.0,BTC-26JUN20-12000-C,7138.42,78.15,0.069,13.9,0.074,18.9,80.32,17.08707,-3.8496,7.19147,8e-05,0.27315
7140.0,SYN.BTC-3JAN20,1577962740736,open,0.01,473.7,0.0005,0.021,0.00368464,55.63,0.003,0.0,BTC-3JAN20-7000-P,7138.42,50.92,0.003,0.1,0.0045,20.5,61.0,1.06075,-26.29896,-0.03995,0.00156,-0.22954
7149.14,SYN.BTC-10JAN20,1577962740737,open,0.0,115.8,0.0005,0.0115,0.00198446,59.47,0.002,0.0,BTC-10JAN20-8250-C,7138.42,56.29,0.0015,0.1,0.0025,30.2,62.42,1.17262,-4.42725,0.08219,0.00018,0.05526
7249.17,BTC-27MAR20,1577962740739,open,0.06,993.1,0.035,0.099,0.06179463,71.7,0.067,0.0,BTC-27MAR20-9000-C,7138.42,70.95,0.0605,12.0,0.063,0.7,72.39,12.58714,-5.31691,4.44256,0.00014,0.32535
129.56,SYN.ETH-10JAN20,1577962740766,open,0.01,417.0,0.002,0.032,0.011801,66.95,0.013,0.0,ETH-10JAN20-120-P,129.37,65.05,0.011,650.0,0.013,1.0,69.84,0.05386,-0.22892,-0.00602,0.02221,-0.20363
7512.53,SYN.BTC-25SEP20,1577962740807,open,0.14,33.7,0.094,0.202,0.14091961,78.77,0.1495,0.0,BTC-25SEP20-11000-C,7138.42,77.29,0.136,14.0,0.1455,9.0,80.15,24.96203,-3.68382,14.74132,8e-05,0.40929
7512.96,SYN.BTC-25SEP20,1577962740809,open,0.12,2.6,0.077,0.1825,0.12205625,79.8,0.13,0.0,BTC-25SEP20-12000-C,7138.42,78.22,0.117,14.2,0.1275,14.2,81.48,24.1471,-3.61006,13.34552,7e-05,0.365
131.24,ETH-27MAR20,1577962740877,open,0.16,1.0,0.116,0.205,0.161224,82.27,0.152,0.0,ETH-27MAR20-130-C,129.37,80.53,0.158,258.0,0.165,650.0,84.26,0.24632,-0.11937,0.13022,0.00748,0.58795
130.61,SYN.ETH-28FEB20,1577962740886,open,0.08,56.0,0.046,0.118,0.080013,77.21,0.075,0.0,ETH-28FEB20-120-P,129.37,75.11,0.077,890.0,0.083,696.0,79.29,0.18749,-0.12727,-0.08415,0.00914,-0.33347
130.0,SYN.ETH-31JAN20,1577962740893,open,0.08,5.0,0.046,0.115,0.078123,69.73,0.083,0.0,ETH-31JAN20-130-P,129.37,67.83,0.076,144.0,0.081,238.0,72.31,0.14517,-0.17529,-0.05544,0.01557,-0.46095
135.31,SYN.ETH-25SEP20,1577962741081,open,2.91,0.0,2.751,3.048,2.890229,104.64,None,0.0,ETH-25SEP20-520-P,129.37,0.0,0.0,0.0,0.0,0.0,0.0,0.26398,-0.05175,-3.70522,0.00188,-0.85479
131.22,ETH-27MAR20,1577962741346,open,0.35,0.0,0.315,0.383,0.349304,87.64,None,0.0,ETH-27MAR20-90-C,129.37,64.36,0.328,43.0,0.374,43.0,109.55,0.13732,-0.0709,0.15739,0.00391,0.8651
131.22,ETH-27MAR20,1577962741346,open,0.04,0.0,0.015,0.062,0.035071,87.54,None,0.0,ETH-27MAR20-90-P,129.37,85.54,0.033,320.0,0.037,296.0,89.37,0.1372,-0.07076,-0.05181,0.00391,-0.13474
131.22,ETH-27MAR20,1577962741346,open,0.08,130.0,0.045,0.119,0.079644,83.64,0.085,0.0,ETH-27MAR20-110-P,129.37,81.31,0.076,594.0,0.083,466.0,85.78,0.20582,-0.10141,-0.10407,0.00615,-0.26141
131.22,ETH-27MAR20,1577962741346,open,0.01,2.0,0.005,0.03,0.014032,97.23,0.01,0.0,ETH-27MAR20-70-P,129.37,93.45,0.012,240.0,0.016,300.0,100.66,0.07307,-0.04185,-0.02188,0.00188,-0.05767
131.22,ETH-27MAR20,1577962741346,open,0.24,0.0,0.199,0.282,0.241484,83.72,None,0.0,ETH-27MAR20-110-C,129.37,78.93,0.234,48.0,0.248,48.0,87.86,0.20585,-0.10153,0.15166,0.00614,0.73852
131.22,ETH-27MAR20,1577962741346,open,0.48,0.0,0.457,0.506,0.480658,97.37,None,0.0,ETH-27MAR20-70-C,129.37,53.48,0.467,46.0,0.495,46.0,119.25,0.07326,-0.04202,0.14081,0.00188,0.94214
7249.17,BTC-27MAR20,1577962741391,open,0.01,476.6,0.0005,0.0245,0.00722513,97.28,0.0085,0.0,BTC-27MAR20-18000-C,7138.42,95.61,0.0065,2.1,0.008,77.0,98.94,3.26412,-1.87058,0.62274,3e-05,0.04417
7249.17,BTC-27MAR20,1577962741399,open,0.01,476.6,0.0005,0.0245,0.00722513,97.28,0.0085,0.0,BTC-27MAR20-18000-C,7138.42,95.61,0.0065,2.1,0.008,84.0,98.94,3.26412,-1.87058,0.62274,3e-05,0.04417
7148.7,SYN.BTC-10JAN20,1577962741407,open,0.04,106.2,0.021,0.0695,0.03516949,46.62,0.036,0.0,BTC-10JAN20-7250-P,7138.42,45.46,0.0345,20.0,0.036,13.4,48.05,4.12826,-12.21754,-0.93036,0.0008,-0.56799
129.54,SYN.ETH-10JAN20,1577962741610,open,0.04,271.0,0.013,0.069,0.03832,62.24,0.025,0.0,ETH-10JAN20-130-P,129.37,58.28,0.036,830.0,0.041,891.0,66.81,0.07591,-0.29994,-0.01497,0.03369,-0.49718
129.54,SYN.ETH-10JAN20,1577962741610,open,0.0,2364.0,0.001,0.016,0.003937,70.48,0.004,0.0,ETH-10JAN20-150-C,129.37,66.15,0.003,651.0,0.005,615.0,74.82,0.02992,-0.1339,0.0023,0.01173,0.0862
129.54,SYN.ETH-10JAN20,1577962741610,open,0.08,102.0,0.054,0.116,0.085601,67.25,0.102,0.0,ETH-10JAN20-120-C,129.37,60.82,0.083,60.0,0.089,60.0,75.14,0.05407,-0.23085,0.01983,0.0222,0.79499
129.54,SYN.ETH-10JAN20,1577962741610,open,0.01,80.0,0.001,0.018,0.004663,82.94,0.004,0.0,ETH-10JAN20-110-P,129.37,79.8,0.004,1247.0,0.005,300.0,84.45,0.02837,-0.14935,-0.00237,0.00945,-0.08028
129.54,SYN.ETH-10JAN20,1577962741610,open,0.3,1.0,0.284,0.329,0.306387,121.76,0.311,0.0,ETH-10JAN20-90-C,129.37,0.0,0.296,35.0,0.317,35.0,196.35,0.00793,-0.06129,0.01892,0.0018,0.98323
129.54,SYN.ETH-10JAN20,1577962741610,open,0.17,1.0,0.126,0.201,0.161687,69.7,0.15,0.0,ETH-10JAN20-150-P,129.37,0.0,0.009,10.0,0.0,0.0,0.0,0.02925,-0.12945,-0.03013,0.01159,-0.91636
129.54,SYN.ETH-10JAN20,1577962741610,open,0.23,1.0,0.205,0.256,0.230168,100.9,0.235,0.0,ETH-10JAN20-100-C,129.37,0.0,0.217,33.0,0.244,33.0,166.59,0.01448,-0.09273,0.02056,0.00396,0.96566
129.54,SYN.ETH-10JAN20,1577962741610,open,0.0,365.0,0.001,0.012,0.002002,99.81,0.002,0.0,ETH-10JAN20-100-P,129.37,88.62,0.001,1035.0,0.003,326.0,108.01,0.014,-0.08873,-0.00098,0.00387,-0.03298
129.54,SYN.ETH-10JAN20,1577962741610,open,0.0,324.0,0.001,0.011,0.001037,119.96,0.001,0.0,ETH-10JAN20-90-P,129.37,119.3,0.001,1117.0,0.002,26.0,133.38,0.00745,-0.0567,-0.00046,0.00171,-0.01558
129.54,SYN.ETH-10JAN20,1577962741614,open,0.24,0.0,0.2,0.277,0.236409,74.92,None,0.0,ETH-10JAN20-160-P,129.37,0.0,0.0,0.0,0.0,0.0,0.0,0.01336,-0.06356,-0.03369,0.00493,-0.96883
129.54,SYN.ETH-10JAN20,1577962741614,open,0.0,353.0,0.001,0.011,0.001476,76.69,0.002,0.0,ETH-10JAN20-160-C,129.37,71.93,0.001,684.0,0.002,320.0,80.94,0.01453,-0.07077,0.00092,0.00523,0.03451
133.32,ETH-26JUN20,1577962741714,open,0.45,0.0,0.415,0.487,0.450821,87.37,None,0.0,ETH-26JUN20-80-C,129.37,64.02,0.421,48.0,0.473,48.0,102.08,0.1916,-0.04759,0.27177,0.00256,0.87397
133.34,ETH-26JUN20,1577962741720,open,0.35,1.0,0.305,0.397,0.351898,85.54,0.38,0.0,ETH-26JUN20-100-C,129.37,67.01,0.315,48.0,0.381,48.0,99.66,0.27209,-0.06617,0.27679,0.00371,0.78274
135.31,SYN.ETH-25SEP20,1577962741761,open,2.03,0.0,1.902,2.155,2.021873,99.35,None,0.0,ETH-25SEP20-400-P,129.37,0.0,0.0,0.0,0.0,0.0,0.0,0.32135,-0.05981,-2.79449,0.00242,-0.80264
135.31,SYN.ETH-25SEP20,1577962741761,open,2.32,0.0,2.184,2.451,2.309612,101.1,None,0.0,ETH-25SEP20-440-P,129.37,0.0,0.0,0.0,0.0,0.0,0.0,0.29903,-0.05664,-3.10059,0.00221,-0.82428
135.31,SYN.ETH-25SEP20,1577962741761,open,2.61,0.0,2.466,2.748,2.598715,102.61,None,0.0,ETH-25SEP20-480-P,129.37,0.0,0.0,0.0,0.0,0.0,0.0,0.27874,-0.05359,-3.40455,0.00203,-0.84241
131.22,ETH-27MAR20,1577962741762,open,0.11,1687.0,0.07,0.156,0.111486,82.2,0.11,0.0,ETH-27MAR20-120-P,129.37,79.7,0.107,772.0,0.115,650.0,84.25,0.23077,-0.11174,-0.13648,0.00701,-0.3359
131.22,ETH-27MAR20,1577962741791,open,0.15,21.0,0.104,0.202,0.151776,82.2,0.157,0.0,ETH-27MAR20-130-P,129.37,79.66,0.147,1345.0,0.156,650.0,84.46,0.24631,-0.11928,-0.1721,0.00748,-0.41225
130.0,SYN.ETH-31JAN20,1577962741799,open,0.08,5.0,0.046,0.115,0.078206,69.73,0.083,0.0,ETH-31JAN20-130-P,129.37,67.83,0.076,144.0,0.082,1148.0,73.2,0.14517,-0.17529,-0.05544,0.01557,-0.46095
130.0,SYN.ETH-31JAN20,1577962741801,open,0.08,96.0,0.047,0.111,0.078201,69.87,0.079,0.0,ETH-31JAN20-130-C,129.37,67.84,0.076,144.0,0.08,650.0,71.42,0.14517,-0.17563,0.0474,0.01554,0.53913
133.32,ETH-26JUN20,1577962741803,open,0.17,203.0,0.114,0.222,0.168184,85.49,0.183,0.0,ETH-26JUN20-160-C,129.37,83.96,0.164,452.0,0.174,452.0,87.57,0.36918,-0.08972,0.21038,0.00504,0.49572
129.41,SYN.ETH-3JAN20,1577962741805,open,0.02,1198.0,0.001,0.044,0.015429,66.25,0.015,0.0,ETH-3JAN20-130-P,129.37,59.1,0.014,650.0,0.017,180.0,74.57,0.02509,-0.83117,-0.00175,0.09428,-0.54941
131.22,ETH-27MAR20,1577962741817,open,0.2,647.0,0.147,0.253,0.198749,82.56,0.194,0.0,ETH-27MAR20-140-P,129.37,80.15,0.194,144.0,0.203,650.0,84.83,0.25227,-0.1227,-0.20875,0.00763,-0.48549
7212.66,SYN.BTC-28FEB20,1577962741887,open,0.02,44.9,0.008,0.0395,0.01928926,68.29,0.02,0.0,BTC-28FEB20-5500-P,7138.42,67.32,0.0185,20.0,0.02,0.1,69.15,5.92782,-3.5586,-1.64471,0.00011,-0.12705
7212.66,SYN.BTC-28FEB20,1577962741887,open,0.2,0.0,0.174,0.2305,0.20039185,64.96,None,0.0,BTC-28FEB20-6000-C,7138.42,59.0,0.194,5.0,0.2045,5.0,68.64,7.94088,-4.53457,6.7531,0.00015,0.80125
7212.66,SYN.BTC-28FEB20,1577962741887,open,0.09,22.0,0.055,0.1175,0.08252771,62.39,0.0835,0.0,BTC-28FEB20-7000-P,7138.42,62.37,0.0825,2.0,0.0835,0.2,63.03,11.02363,-6.04633,-5.46091,0.00022,-0.40336
7212.66,SYN.BTC-28FEB20,1577962741887,open,0.31,0.0,0.2985,0.342,0.31836038,73.11,None,0.0,BTC-28FEB20-5000-C,7138.42,36.8,0.307,5.0,0.333,5.0,94.19,4.18088,-2.68727,6.77639,7e-05,0.92129
7212.66,SYN.BTC-28FEB20,1577962741887,open,0.25,0.0,0.2335,0.2835,0.25678497,68.34,None,0.0,BTC-28FEB20-5500-C,7138.42,44.47,0.2415,5.1,0.276,5.0,89.14,5.9324,-3.56412,6.92353,0.00011,0.87281
7212.66,SYN.BTC-28FEB20,1577962741887,open,0.03,42.1,0.0155,0.0575,0.0322147,64.91,0.034,0.0,BTC-28FEB20-6000-P,7138.42,64.26,0.0315,20.0,0.033,0.1,65.63,7.93824,-4.53004,-2.59456,0.00015,-0.19864
7212.66,SYN.BTC-28FEB20,1577962741890,open,0.15,1.5,0.1235,0.1845,0.15213908,63.44,0.155,0.0,BTC-28FEB20-6500-C,7138.42,60.02,0.1475,23.2,0.154,18.2,64.81,9.8142,-5.47383,6.22057,0.00019,0.70562
7212.66,SYN.BTC-28FEB20,1577962741890,open,0.01,40.0,0.002,0.027,0.01154609,73.05,0.0115,0.0,BTC-28FEB20-5000-P,7138.42,71.2,0.0105,31.0,0.0125,50.3,74.67,4.17464,-2.68074,-1.01261,7e-05,-0.07855
7212.66,SYN.BTC-28FEB20,1577962741892,open,0.13,5.7,0.09,0.16,0.12166282,62.73,0.1245,0.0,BTC-28FEB20-7500-P,7138.42,61.99,0.1205,20.0,0.125,14.4,64.85,11.352,-6.26048,-7.13903,0.00022,-0.51354
7212.66,SYN.BTC-28FEB20,1577962741892,open,0.08,30.0,0.0545,0.1155,0.08188425,62.77,0.084,0.0,BTC-28FEB20-7500-C,7138.42,60.62,0.0785,22.0,0.083,14.9,63.48,11.35207,-6.26429,4.54785,0.00022,0.48653
7212.66,SYN.BTC-28FEB20,1577962741892,open,0.18,3.0,0.1335,0.2075,0.16739692,62.73,0.1605,0.0,BTC-28FEB20-8000-P,7138.42,41.35,0.1365,4.0,0.206,4.0,87.78,10.87613,-5.99741,-8.80302,0.00021,-0.61586
7212.66,SYN.BTC-28FEB20,1577962741892,open,0.23,2.0,0.185,0.261,0.21983702,63.22,0.212,0.0,BTC-28FEB20-8500-P,7138.42,23.41,0.18,0.1,0.0,0.0,0.0,9.85297,-5.47609,-10.37273,0.00019,-0.70308
7212.66,SYN.BTC-28FEB20,1577962741892,open,0.03,45.4,0.014,0.058,0.03114424,65.41,0.0315,0.0,BTC-28FEB20-9000-C,7138.42,64.88,0.0305,3.9,0.0325,15.0,66.53,8.71266,-5.01019,2.27117,0.00016,0.23322
7212.66,SYN.BTC-28FEB20,1577962741892,open,0.35,0.0,0.304,0.382,0.3397513,66.42,None,0.0,BTC-28FEB20-9500-P,7138.42,0.0,0.0,0.0,0.0,0.0,0.0,7.44296,-4.34612,-13.04654,0.00014,-0.82107
7212.66,SYN.BTC-28FEB20,1577962741892,open,0.42,0.0,0.3685,0.4475,0.40431299,68.96,None,0.0,BTC-28FEB20-10000-P,7138.42,0.0,0.0,0.0,0.0,0.0,0.0,6.44802,-3.90922,-14.16884,0.00012,-0.85637
7212.66,SYN.BTC-28FEB20,1577962741892,open,0.06,51.2,0.034,0.09,0.05829977,62.77,0.0635,0.0,BTC-28FEB20-8000-C,7138.42,61.91,0.057,0.1,0.0585,0.1,62.9,10.8773,-6.00208,3.66374,0.00021,0.38428
7212.66,SYN.BTC-28FEB20,1577962741892,open,0.29,0.0,0.243,0.321,0.27887852,65.35,None,0.0,BTC-28FEB20-9000-P,7138.42,0.0,0.0,0.0,0.0,0.0,0.0,8.70699,-5.0024,-11.75525,0.00016,-0.76705
7212.66,SYN.BTC-28FEB20,1577962741892,open,0.04,232.6,0.021,0.0705,0.04142131,63.27,0.0445,0.0,BTC-28FEB20-8500-C,7138.42,62.59,0.0405,23.0,0.0425,0.1,64.06,9.85617,-5.48215,2.87391,0.00019,0.29713
7212.66,SYN.BTC-28FEB20,1577962741892,open,0.02,82.1,0.0065,0.04,0.01794156,69.05,0.019,0.0,BTC-28FEB20-10000-C,7138.42,67.99,0.017,24.0,0.019,20.0,70.22,6.4598,-3.92141,1.41702,0.00012,0.14402
7212.66,SYN.BTC-28FEB20,1577962741892,open,0.06,35.1,0.031,0.084,0.0532805,63.41,0.0535,0.0,BTC-28FEB20-6500-P,7138.42,62.1,0.0515,20.0,0.054,0.3,63.93,9.81328,-5.47004,-3.90672,0.00019,-0.29432
7212.66,SYN.BTC-28FEB20,1577962741892,open,0.02,35.0,0.009,0.0465,0.02269845,66.5,0.022,0.0,BTC-28FEB20-9500-C,7138.42,65.82,0.022,19.3,0.0235,3.0,67.27,7.45185,-4.3561,1.75969,0.00014,0.17927
131.22,ETH-27MAR20,1577962741994,open,0.11,1687.0,0.07,0.156,0.111486,82.2,0.11,0.0,ETH-27MAR20-120-P,129.37,79.7,0.107,1422.0,0.115,650.0,84.25,0.23077,-0.11174,-0.13648,0.00701,-0.3359
131.22,ETH-27MAR20,1577962742004,open,0.0,2340.0,0.001,0.013,0.00322,120.01,0.004,0.0,ETH-27MAR20-520-C,129.37,123.34,0.004,10.0,0.005,571.0,127.02,0.02842,-0.02009,0.0046,0.00059,0.01831
131.22,ETH-27MAR20,1577962742091,open,0.03,8830.0,0.009,0.058,0.027904,96.16,0.028,0.0,ETH-27MAR20-240-C,129.37,94.38,0.026,300.0,0.03,950.0,98.06,0.14238,-0.08066,0.0349,0.0037,0.14227
133.32,ETH-26JUN20,1577962742095,open,0.02,295.0,0.004,0.046,0.017981,110.81,0.017,0.0,ETH-26JUN20-560-C,129.37,108.59,0.016,1070.0,0.02,770.0,112.93,0.12326,-0.03883,0.03295,0.0013,0.06927
130.0,SYN.ETH-31JAN20,1577962742095,open,0.01,1864.0,0.001,0.025,0.009447,81.54,0.009,0.0,ETH-31JAN20-180-C,129.37,78.4,0.008,240.0,0.011,1410.0,84.66,0.06232,-0.08799,0.00891,0.00572,0.09608
131.22,ETH-27MAR20,1577962742144,open,0.0,5912.0,0.001,0.011,0.001605,120.0,0.005,0.0,ETH-27MAR20-600-C,129.37,122.91,0.002,1178.0,0.004,650.0,133.37,0.01643,-0.01162,0.00247,0.00034,0.00971
131.22,ETH-27MAR20,1577962742144,open,2.68,0.0,2.553,2.784,2.662626,120.0,None,0.0,ETH-27MAR20-480-P,129.37,0.0,0.004,50.0,0.0,0.0,0.0,0.03757,-0.02656,-1.10982,0.00078,-0.97452
7212.65,SYN.BTC-28FEB20,1577962742144,open,0.01,92.3,0.0015,0.0295,0.01123542,73.03,0.0115,0.0,BTC-28FEB20-11000-C,7138.42,71.9,0.0105,24.0,0.012,0.2,74.17,4.75364,-3.05192,0.92385,8e-05,0.09344
7212.65,SYN.BTC-28FEB20,1577962742144,open,0.55,0.0,0.5,0.58,0.53624399,72.9,None,0.0,BTC-28FEB20-11000-P,7138.42,0.0,0.0,0.0,0.0,0.0,0.0,4.73498,-3.03433,-16.22135,8e-05,-0.90706
135.31,SYN.ETH-25SEP20,1577962742144,open,3.2,0.0,3.035,3.347,3.181468,106.0,None,0.0,ETH-25SEP20-560-P,129.37,0.0,0.0,0.0,0.0,0.0,0.0,0.24825,-0.0493,-4.00576,0.00175,-0.86732
131.22,ETH-27MAR20,1577962742156,open,1.16,161.0,1.079,1.235,1.151759,101.01,1.397,0.0,ETH-27MAR20-280-P,129.37,0.0,0.002,50.0,0.0,0.0,0.0,0.10669,-0.06348,-0.62768,0.00264,-0.90532
130.0,SYN.ETH-31JAN20,1577962742156,open,0.26,1.0,0.207,0.297,0.250448,74.55,0.148,0.0,ETH-31JAN20-160-P,129.37,38.28,0.232,240.0,1.224,1.0,500.0,0.09856,-0.12723,-0.10927,0.00989,-0.81205
130.0,SYN.ETH-31JAN20,1577962742156,open,0.0,1797.0,0.001,0.011,0.001972,110.66,0.001,0.0,ETH-31JAN20-260-C,129.37,101.49,0.001,650.0,0.003,950.0,117.43,0.01707,-0.03271,0.00177,0.00115,0.01916
129.39,SYN.ETH-3JAN20,1577962742156,open,0.0,1888.0,0.001,0.019,0.00242,116.8,0.002,0.0,ETH-3JAN20-120-P,129.37,111.26,0.002,333.0,0.003,600.0,123.79,0.01023,-0.31309,-0.00028,0.0218,-0.08926
130.0,SYN.ETH-31JAN20,1577962742156,open,0.86,0.0,0.793,0.908,0.847866,98.07,None,0.0,ETH-31JAN20-240-P,129.37,0.0,0.011,3.0,0.0,0.0,0.0,0.0166,-0.02819,-0.18814,0.00127,-0.98146
129.39,SYN.ETH-3JAN20,1577962742156,open,0.0,345.0,0.001,0.011,2e-06,120.08,0.001,0.0,ETH-3JAN20-160-C,129.37,0.0,0.0,0.0,0.001,318.0,216.72,4e-05,-0.00032,0.0,9e-05,0.00017
131.22,ETH-27MAR20,1577962742158,open,1.77,7.0,1.667,1.853,1.753948,112.07,1.702,0.0,ETH-27MAR20-360-P,129.37,0.0,0.01,30.0,0.0,0.0,0.0,0.07049,-0.04654,-0.82351,0.00157,-0.9449
131.22,ETH-27MAR20,1577962742162,open,0.72,30.0,0.645,0.783,0.710429,91.83,0.306,0.0,ETH-27MAR20-220-P,129.37,0.0,0.001,9.0,0.0,0.0,0.0,0.16145,-0.08734,-0.46937,0.00439,-0.8278
133.32,ETH-26JUN20,1577962742162,open,0.14,2971.0,0.087,0.193,0.138977,88.01,0.142,0.0,ETH-26JUN20-180-C,129.37,86.91,0.136,250.0,0.142,928.0,89.12,0.36287,-0.09079,0.18454,0.00481,0.42624
131.22,ETH-27MAR20,1577962742162,open,0.13,1156.0,0.088,0.176,0.131839,82.62,0.15,0.0,ETH-27MAR20-140-C,129.37,81.14,0.129,264.0,0.136,650.0,84.78,0.25227,-0.12278,0.1168,0.00763,0.51461
133.32,ETH-26JUN20,1577962742162,open,0.08,567.0,0.039,0.128,0.079117,91.49,0.077,0.0,ETH-26JUN20-240-C,129.37,89.69,0.075,1081.0,0.083,431.0,93.16,0.30686,-0.07981,0.12361,0.00392,0.27154
133.32,ETH-26JUN20,1577962742162,open,3.24,0.0,3.084,3.37,3.218401,110.81,None,0.0,ETH-26JUN20-560-P,129.37,0.0,0.01,50.0,0.0,0.0,0.0,0.12326,-0.03883,-2.66542,0.0013,-0.93073
133.32,ETH-26JUN20,1577962742162,open,3.84,0.0,3.665,3.983,3.814946,113.94,None,0.0,ETH-26JUN20-640-P,129.37,0.0,0.01,50.0,0.0,0.0,0.0,0.10464,-0.03389,-3.05707,0.00107,-0.94385
131.22,ETH-27MAR20,1577962742162,open,0.01,1564.0,0.003,0.035,0.013473,107.07,0.011,0.0,ETH-27MAR20-320-C,129.37,106.34,0.013,1.0,0.014,650.0,107.86,0.08588,-0.05417,0.01755,0.002,0.07099
131.22,ETH-27MAR20,1577962742162,open,2.38,0.0,2.258,2.474,2.359636,119.17,None,0.0,ETH-27MAR20-440-P,129.37,0.0,0.003,50.0,0.0,0.0,0.0,0.04835,-0.03394,-1.0146,0.00101,-0.96547
129.39,SYN.ETH-3JAN20,1577962742162,open,0.0,1191.0,0.001,0.011,0.000484,84.89,0.001,0.0,ETH-3JAN20-140-C,129.37,0.0,0.0,0.0,0.001,106.0,97.04,0.00436,-0.06259,9e-05,0.01279,0.03042
129.39,SYN.ETH-3JAN20,1577962742162,open,0.0,432.0,0.001,0.011,0.000122,120.11,0.001,0.0,ETH-3JAN20-150-C,129.37,0.0,0.0,0.0,0.001,216.0,160.93,0.00116,-0.0158,2e-05,0.0024,0.00651
130.0,SYN.ETH-31JAN20,1577962742162,open,0.0,1514.0,0.001,0.016,0.004989,87.78,0.004,0.0,ETH-31JAN20-200-C,129.37,84.29,0.004,760.0,0.006,240.0,90.96,0.03919,-0.05957,0.00488,0.00334,0.05248
133.32,ETH-26JUN20,1577962742164,open,2.94,0.0,2.793,3.063,2.91987,108.22,None,0.0,ETH-26JUN20-520-P,129.37,0.0,0.01,50.0,0.0,0.0,0.0,0.13163,-0.0405,-2.46966,0.00142,-0.92453
133.32,ETH-26JUN20,1577962742164,open,0.89,4.0,0.795,0.97,0.879056,91.38,0.934,0.0,ETH-26JUN20-240-P,129.37,0.0,0.01,50.0,0.0,0.0,0.0,0.3066,-0.07965,-1.03298,0.00392,-0.72893
133.32,ETH-26JUN20,1577962742168,open,0.03,1150.0,0.01,0.067,0.031463,102.72,0.03,0.0,ETH-26JUN20-400-C,129.37,100.89,0.029,120.0,0.034,1070.0,104.53,0.18309,-0.05347,0.05568,0.00208,0.11813
131.22,ETH-27MAR20,1577962742168,open,0.19,118.0,0.152,0.24,0.196991,82.25,0.19,0.0,ETH-27MAR20-120-C,129.37,78.85,0.191,144.0,0.205,144.0,86.81,0.23077,-0.11182,0.14253,0.00701,0.6641
133.32,ETH-26JUN20,1577962742168,open,2.64,0.0,2.503,2.759,2.622807,106.47,None,0.0,ETH-26JUN20-480-P,129.37,0.0,0.01,50.0,0.0,0.0,0.0,0.14567,-0.04409,-2.27186,0.0016,-0.91369
130.0,SYN.ETH-31JAN20,1577962742168,open,0.55,0.0,0.495,0.596,0.543221,86.99,None,0.0,ETH-31JAN20-200-P,129.37,0.0,0.011,3.0,0.0,0.0,0.0,0.03811,-0.05741,-0.1535,0.00328,-0.94933
129.39,SYN.ETH-3JAN20,1577962742168,open,0.0,2136.0,0.001,0.011,0.0,119.93,0.001,0.0,ETH-3JAN20-100-P,129.37,0.0,0.0,0.0,0.001,40.0,264.71,0.0,-1e-05,0.0,0.0,-1e-05
133.32,ETH-26JUN20,1577962742170,open,1.75,1.0,1.637,1.85,1.737326,99.77,1.827,0.0,ETH-26JUN20-360-P,129.37,0.0,0.015,2.0,0.0,0.0,0.0,0.20426,-0.05794,-1.66964,0.00239,-0.86172
130.0,SYN.ETH-31JAN20,1577962742170,open,0.01,4142.0,0.003,0.028,0.012032,80.43,0.012,0.0,ETH-31JAN20-100-P,129.37,78.33,0.011,1150.0,0.013,1.0,82.34,0.06489,-0.09038,-0.01168,0.00603,-0.10154
131.22,ETH-27MAR20,1577962742172,open,1.46,10.0,1.372,1.543,1.452126,107.07,1.59,0.0,ETH-27MAR20-320-P,129.37,0.0,0.011,5.0,0.0,0.0,0.0,0.08588,-0.05417,-0.72656,0.002,-0.92901
130.0,SYN.ETH-31JAN20,1577962742172,open,0.02,1570.0,0.006,0.041,0.019862,74.8,0.02,0.0,ETH-31JAN20-160-C,129.37,73.65,0.019,192.0,0.021,948.0,76.28,0.09888,-0.12807,0.01739,0.00989,0.18894
131.22,ETH-27MAR20,1577962742175,open,0.05,1620.0,0.026,0.085,0.052418,83.96,0.046,0.0,ETH-27MAR20-100-P,129.37,82.11,0.05,799.0,0.055,200.0,85.92,0.17237,-0.08526,-0.07433,0.00513,-0.19119
133.32,ETH-26JUN20,1577962742175,open,0.02,315.0,0.004,0.042,0.015983,112.34,0.017,0.0,ETH-26JUN20-600-C,129.37,109.9,0.014,1070.0,0.018,770.0,114.63,0.11295,-0.03607,0.02949,0.00117,0.0619
133.32,ETH-26JUN20,1577962742177,open,2.05,0.0,1.926,2.152,2.031763,102.72,None,0.0,ETH-26JUN20-400-P,129.37,0.0,0.01,50.0,0.0,0.0,0.0,0.18309,-0.05347,-1.87173,0.00208,-0.88187
131.22,ETH-27MAR20,1577962742177,open,2.98,0.0,2.849,3.094,2.96603,120.0,None,0.0,ETH-27MAR20-520-P,129.37,0.0,0.006,50.0,0.0,0.0,0.0,0.02841,-0.02008,-1.20459,0.00059,-0.9817
131.22,ETH-27MAR20,1577962742177,open,3.29,0.0,3.145,3.406,3.269902,120.0,None,0.0,ETH-27MAR20-560-P,129.37,0.0,0.02,50.0,0.0,0.0,0.0,0.02156,-0.01524,-1.29884,0.00045,-0.98673
129.39,SYN.ETH-3JAN20,1577962742177,open,0.17,11.0,0.126,0.196,0.159237,0.0,0.149,0.0,ETH-3JAN20-150-P,129.37,0.0,0.0,0.0,0.0,0.0,0.0,0.0,0.0,-0.0036,0.0,-1.0
131.22,ETH-27MAR20,1577962742179,open,0.03,1242.0,0.012,0.065,0.033855,91.83,0.032,0.0,ETH-27MAR20-220-C,129.37,91.13,0.033,490.0,0.035,3.0,92.76,0.16145,-0.08734,0.04221,0.00439,0.1722
133.32,ETH-26JUN20,1577962742179,open,0.5,426.0,0.413,0.567,0.488909,87.93,0.47,0.0,ETH-26JUN20-180-P,129.37,77.19,0.46,180.0,0.528,200.0,102.17,0.36283,-0.0907,-0.68283,0.00482,-0.57403
7176.54,SYN.BTC-31JAN20,1577962742206,open,0.1,202.4,0.063,0.12,0.08908499,55.88,0.0925,0.0,BTC-31JAN20-7500-P,7138.42,54.44,0.0875,14.4,0.092,20.0,58.53,7.89028,-7.63452,-3.79873,0.00035,-0.58001
131.22,ETH-27MAR20,1577962742232,open,0.87,118.0,0.788,0.933,0.856894,96.16,0.978,0.0,ETH-27MAR20-240-P,129.37,0.0,0.005,10.0,0.0,0.0,0.0,0.14238,-0.08066,-0.52319,0.0037,-0.85773
133.32,ETH-26JUN20,1577962742232,open,0.02,1346.0,0.008,0.041,0.021477,92.68,0.018,0.0,ETH-26JUN20-60-P,129.37,89.57,0.019,950.0,0.024,86.0,95.7,0.10889,-0.02869,-0.05174,0.00137,-0.05906
133.32,ETH-26JUN20,1577962742232,open,0.06,610.0,0.024,0.102,0.057475,93.65,0.06,0.0,ETH-26JUN20-280-C,129.37,92.9,0.056,790.0,0.059,25.0,94.41,0.26456,-0.07044,0.09614,0.0033,0.20713
133.32,ETH-26JUN20,1577962742232,open,1.17,0.0,1.069,1.255,1.15737,93.49,None,0.0,ETH-26JUN20-280-P,129.37,0.0,0.011,3.0,0.0,0.0,0.0,0.26402,-0.07017,-1.2533,0.0033,-0.79358
131.22,ETH-27MAR20,1577962742232,open,0.0,1221.0,0.001,0.011,0.001153,120.0,0.005,0.0,ETH-27MAR20-640-C,129.37,127.13,0.002,910.0,0.004,950.0,137.82,0.01258,-0.00889,0.00183,0.00026,0.00716
130.0,SYN.ETH-31JAN20,1577962742232,open,0.0,825.0,0.001,0.011,0.001987,100.18,0.001,0.0,ETH-31JAN20-240-C,129.37,91.54,0.001,1292.0,0.003,240.0,106.4,0.01839,-0.03191,0.00195,0.00137,0.02092
129.39,SYN.ETH-3JAN20,1577962742232,open,0.22,2.0,0.204,0.25,0.227257,200.94,0.235,0.0,ETH-3JAN20-100-C,129.37,0.0,0.217,31.0,0.239,31.0,453.78,0.00072,-0.07248,0.00239,0.00089,0.99617
130.0,SYN.ETH-31JAN20,1577962742232,open,0.7,1.0,0.644,0.752,0.695037,92.67,0.739,0.0,ETH-31JAN20-220-P,129.37,0.0,0.011,3.0,0.0,0.0,0.0,0.02454,-0.03937,-0.17129,0.00198,-0.9705
130.0,SYN.ETH-31JAN20,1577962742232,open,0.05,2322.0,0.023,0.079,0.04911,70.42,0.047,0.0,ETH-31JAN20-140-C,129.37,68.47,0.047,192.0,0.051,650.0,72.17,0.14045,-0.17127,0.03522,0.01492,0.39161
133.32,ETH-26JUN20,1577962742234,open,1.46,0.0,1.352,1.551,1.445936,97.03,1.06,0.0,ETH-26JUN20-320-P,129.37,0.0,0.015,2.0,0.0,0.0,0.0,0.23219,-0.06405,-1.46352,0.00279,-0.83226
131.22,ETH-27MAR20,1577962742234,open,0.01,1405.0,0.001,0.025,0.007991,115.52,0.007,0.0,ETH-27MAR20-400-C,129.37,113.15,0.007,260.0,0.009,650.0,117.74,0.05728,-0.03898,0.01053,0.00124,0.0425
131.22,ETH-27MAR20,1577962742234,open,0.01,1572.0,0.001,0.03,0.010463,112.07,0.01,0.0,ETH-27MAR20-360-C,129.37,111.19,0.01,49.0,0.011,910.0,113.05,0.07049,-0.04654,0.01362,0.00157,0.0551
130.0,SYN.ETH-31JAN20,1577962742233,open,0.4,25.0,0.348,0.444,0.393855,81.09,0.35,0.0,ETH-31JAN20-180-P,129.37,0.0,0.012,5.0,0.0,0.0,0.0,0.06163,-0.08654,-0.13362,0.00568,-0.90536
133.32,ETH-26JUN20,1577962742236,open,0.27,311.0,0.22,0.324,0.273408,84.85,0.27,0.0,ETH-26JUN20-120-C,129.37,74.22,0.247,50.0,0.282,180.0,88.33,0.33009,-0.07963,0.26246,0.00454,0.68197
131.22,ETH-27MAR20,1577962742236,open,2.07,5.0,1.961,2.162,2.055847,114.45,2.004,0.0,ETH-27MAR20-400-P,129.37,0.0,0.046,50.0,0.0,0.0,0.0,0.0552,-0.03721,-0.92005,0.0012,-0.95939
129.39,SYN.ETH-3JAN20,1577962742236,open,0.0,1013.0,0.001,0.011,4.6e-05,119.9,0.001,0.0,ETH-3JAN20-110-P,129.37,0.0,0.0,0.0,0.001,25.0,178.64,0.00051,-0.006,-1e-05,0.00106,-0.0026
131.22,ETH-27MAR20,1577962742238,open,0.0,885.0,0.001,0.012,0.00226,120.0,0.004,0.0,ETH-27MAR20-560-C,129.37,124.06,0.003,650.0,0.005,950.0,132.34,0.02156,-0.01524,0.00336,0.00045,0.01327
131.22,ETH-27MAR20,1577962742238,open,0.0,1747.0,0.001,0.017,0.004647,120.0,0.005,0.0,ETH-27MAR20-480-C,129.37,117.63,0.004,1410.0,0.006,650.0,124.33,0.03757,-0.02656,0.00636,0.00078,0.02548
133.32,ETH-26JUN20,1577962742238,open,0.05,1008.0,0.026,0.082,0.050854,87.28,0.05,0.0,ETH-26JUN20-80-P,129.37,85.28,0.048,650.0,0.054,495.0,89.46,0.19148,-0.04751,-0.11356,0.00256,-0.12592
130.0,SYN.ETH-31JAN20,1577962742238,open,0.05,1529.0,0.02,0.074,0.044388,71.34,0.045,0.0,ETH-31JAN20-120-P,129.37,68.92,0.042,192.0,0.047,1118.0,73.97,0.12878,-0.15907,-0.03632,0.0135,-0.30881
130.0,SYN.ETH-31JAN20,1577962742238,open,0.0,1986.0,0.001,0.012,0.002982,94.01,0.002,0.0,ETH-31JAN20-220-C,129.37,88.47,0.002,1410.0,0.004,240.0,98.64,0.02599,-0.0423,0.00295,0.00207,0.03162
130.0,SYN.ETH-31JAN20,1577962742238,open,1.01,0.0,0.942,1.067,1.001674,108.18,None,0.0,ETH-31JAN20-260-P,129.37,0.0,0.011,3.0,0.0,0.0,0.0,0.01523,-0.02853,-0.20414,0.00105,-0.98324
133.32,ETH-26JUN20,1577962742240,open,0.02,193.0,0.005,0.048,0.019488,108.23,0.018,0.0,ETH-26JUN20-520-C,129.37,106.69,0.018,1070.0,0.021,3.0,109.73,0.13167,-0.04051,0.03598,0.00142,0.0755
133.32,ETH-26JUN20,1577962742240,open,0.37,733.0,0.298,0.44,0.368173,85.42,0.355,0.0,ETH-26JUN20-160-P,129.37,78.49,0.349,180.0,0.385,180.0,91.5,0.36918,-0.08965,-0.56058,0.00505,-0.50446
131.22,ETH-27MAR20,1577962742240,open,0.02,2243.0,0.005,0.042,0.01795,101.03,0.017,0.0,ETH-27MAR20-280-C,129.37,98.56,0.016,1500.0,0.02,910.0,103.48,0.10672,-0.06352,0.02343,0.00264,0.09473
131.22,ETH-27MAR20,1577962742240,open,3.6,0.0,3.441,3.718,3.574079,120.0,None,0.0,ETH-27MAR20-600-P,129.37,0.0,0.03,50.0,0.0,0.0,0.0,0.01643,-0.01162,-1.39274,0.00034,-0.99029
130.0,SYN.ETH-31JAN20,1577962742244,open,0.12,350.0,0.087,0.155,0.121449,71.48,0.125,0.0,ETH-31JAN20-120-C,129.37,66.97,0.117,144.0,0.125,144.0,75.05,0.12882,-0.15944,0.05857,0.01348,0.69098
131.22,ETH-27MAR20,1577962742246,open,0.01,1189.0,0.001,0.022,0.006489,119.17,0.007,0.0,ETH-27MAR20-440-C,129.37,117.81,0.006,30.0,0.007,650.0,120.52,0.04835,-0.03394,0.00856,0.00101,0.03453
133.32,ETH-26JUN20,1577962742246,open,2.34,0.0,2.214,2.454,2.326321,104.37,None,0.0,ETH-26JUN20-440-P,129.37,0.0,0.01,50.0,0.0,0.0,0.0,0.16153,-0.04793,-2.07308,0.00181,-0.90074
129.39,SYN.ETH-3JAN20,1577962742248,open,0.24,0.0,0.201,0.274,0.236392,0.0,None,0.0,ETH-3JAN20-160-P,129.37,0.0,0.0,0.0,0.0,0.0,0.0,0.0,0.0,-0.00384,0.0,-1.0
7401.87,BTC-26JUN20,1577962742579,open,0.02,24.9,0.0065,0.0515,0.02024539,93.05,0.021,0.0,BTC-26JUN20-22000-C,7138.42,91.42,0.0185,32.0,0.022,13.8,94.62,8.09199,-2.14071,2.35863,3e-05,0.08638
7401.87,BTC-26JUN20,1577962742579,open,0.13,187.0,0.094,0.1885,0.13584231,75.3,0.1395,0.0,BTC-26JUN20-9000-C,7138.42,74.81,0.1345,0.7,0.138,16.3,76.08,20.36808,-4.35995,11.38791,0.0001,0.45514
7401.87,BTC-26JUN20,1577962742579,open,1.75,0.1,1.6595,1.8115,1.72727236,91.39,1.85,0.0,BTC-26JUN20-20000-P,7138.42,0.0,0.0005,3.0,1.88,0.1,163.61,9.38936,-2.43959,-93.50015,4e-05,-0.89428
7249.2,BTC-27MAR20,1577962742579,open,2.9,0.0,2.7875,2.949,2.86426045,110.11,None,0.0,BTC-27MAR20-28000-P,7138.42,0.0,0.0015,10.0,0.0,0.0,0.0,1.03794,-0.67328,-64.94905,1e-05,-0.98868
7249.2,BTC-27MAR20,1577962742581,open,0.96,59.0,0.8985,1.001,0.94445151,85.47,0.877,0.0,BTC-27MAR20-14000-P,7138.42,0.0,0.4,0.5,0.9895,0.5,126.1,5.30197,-2.66964,-31.39285,5e-05,-0.91785
7249.2,BTC-27MAR20,1577962742581,open,3.17,0.0,3.058,3.2285,3.13959941,110.16,None,0.0,BTC-27MAR20-30000-P,7138.42,0.0,0.0015,10.0,0.0,0.0,0.0,0.76787,-0.49832,-69.64609,1e-05,-0.99198
7249.2,BTC-27MAR20,1577962742581,open,2.62,0.0,2.517,2.6705,2.58921038,110.08,None,0.0,BTC-27MAR20-26000-P,7138.42,0.0,0.0015,10.0,0.0,0.0,0.0,1.41029,-0.91451,-60.23116,1e-05,-0.98385
7176.11,SYN.BTC-31JAN20,1577962742581,open,0.02,564.6,0.0105,0.046,0.02460631,56.52,0.024,0.0,BTC-31JAN20-8000-C,7138.42,55.33,0.0235,2.8,0.026,34.3,58.0,6.70876,-6.56537,1.4093,0.00029,0.27285
7176.11,SYN.BTC-31JAN20,1577962742581,open,0.0,113.5,0.0005,0.0115,0.00199505,80.87,0.003,0.0,BTC-31JAN20-11500-C,7138.42,77.58,0.0015,13.0,0.0025,39.5,83.72,1.1809,-1.65371,0.13078,4e-05,0.02503
7249.2,BTC-27MAR20,1577962742583,open,0.0,73.2,0.0005,0.0115,0.00174929,110.0,0.0025,0.0,BTC-27MAR20-28000-C,7138.42,111.68,0.002,32.0,0.003,52.7,117.18,1.03119,-0.66822,0.15991,1e-05,0.01124
7401.87,BTC-26JUN20,1577962742583,open,0.96,13.4,0.882,1.0155,0.94163159,81.96,1.1,0.0,BTC-26JUN20-14000-P,7138.42,0.0,0.5,3.0,1.35,0.1,238.71,14.45483,-3.36791,-62.05888,7e-05,-0.79837
7249.2,BTC-27MAR20,1577962742583,open,0.22,26.4,0.1955,0.2615,0.22623763,69.39,0.23,0.0,BTC-27MAR20-6000-C,7138.42,65.11,0.22,16.0,0.2325,16.0,73.61,10.66417,-4.35937,9.13375,0.00013,0.76807
7401.87,BTC-26JUN20,1577962742587,open,0.01,51.0,0.0035,0.04,0.01349634,99.83,0.0145,0.0,BTC-26JUN20-28000-C,7137.69,97.9,0.012,20.0,0.015,16.3,101.64,5.94331,-1.68668,1.57992,2e-05,0.05779
7401.87,BTC-26JUN20,1577962742587,open,0.47,136.4,0.4035,0.5265,0.45917784,76.62,0.46,0.0,BTC-26JUN20-10000-P,7137.69,73.13,0.45,6.0,0.4965,6.0,90.46,19.59718,-4.26849,-38.41245,0.0001,-0.61783
7401.87,BTC-26JUN20,1577962742587,open,2.02,0.0,1.9215,2.0795,1.99249137,93.08,None,0.0,BTC-26JUN20-22000-P,7137.69,0.0,0.11,1.0,2.22,0.1,196.62,8.09724,-2.14261,-103.64682,3e-05,-0.91355
7249.2,BTC-27MAR20,1577962742587,open,0.43,136.4,0.3785,0.4735,0.42137927,74.23,0.41,0.0,BTC-27MAR20-10000-P,7137.69,60.75,0.403,12.0,0.438,12.0,84.9,10.76418,-4.70732,-19.98422,0.00012,-0.76413
7249.2,BTC-27MAR20,1577962742587,open,1.51,0.0,1.4365,1.5545,1.49026803,97.3,1.23,0.0,BTC-27MAR20-18000-P,7137.69,0.0,0.0015,10.0,1.5995,0.5,191.37,3.2664,-1.87223,-41.23327,3e-05,-0.95579
7249.2,BTC-27MAR20,1577962742587,open,3.73,0.0,3.599,3.7885,3.69076824,110.33,None,0.0,BTC-27MAR20-34000-P,7137.69,0.0,0.0015,10.0,0.0,0.0,0.0,0.42898,-0.27882,-79.0022,0.0,-0.99584
7401.87,BTC-26JUN20,1577962742587,open,0.37,0.0,0.347,0.414,0.37742579,73.93,None,0.0,BTC-26JUN20-5000-C,7137.69,56.49,0.351,6.0,0.382,6.0,76.68,12.17092,-2.55791,16.72587,6e-05,0.84638
7249.2,BTC-27MAR20,1577962742587,open,0.31,102.3,0.261,0.354,0.30331602,71.7,0.302,0.0,BTC-27MAR20-9000-P,7137.69,67.14,0.2955,13.0,0.3455,5.0,94.97,12.58684,-5.31631,-16.48587,0.00014,-0.67467
7249.2,BTC-27MAR20,1577962742587,open,0.45,7.4,0.4405,0.477,0.45675305,82.27,0.4255,0.0,BTC-27MAR20-4000-C,7137.69,0.0,0.448,8.2,0.4635,8.0,95.01,3.30365,-1.6011,8.40175,3e-05,0.95517
7401.87,BTC-26JUN20,1577962742587,open,1.48,1.1,1.3975,1.5415,1.46161864,87.92,1.35,0.0,BTC-26JUN20-18000-P,7137.69,0.0,1.0,0.1,2.1,0.1,352.45,10.57053,-2.64217,-83.34165,5e-05,-0.87511
7401.87,BTC-26JUN20,1577962742587,open,0.04,157.1,0.0155,0.077,0.0376557,84.91,0.0405,0.0,BTC-26JUN20-16000-C,7137.69,83.6,0.0355,15.0,0.04,15.0,86.31,12.26978,-2.96192,4.20331,5e-05,0.15551
7249.2,BTC-27MAR20,1577962742587,open,0.0,141.4,0.0005,0.0105,0.00057612,110.0,0.002,0.0,BTC-27MAR20-34000-C,7137.69,115.89,0.001,65.2,0.002,58.6,124.58,0.41826,-0.27103,0.05847,0.0,0.00404
7249.2,BTC-27MAR20,1577962742587,open,0.02,1550.7,0.0075,0.0475,0.02120849,79.23,0.022,0.0,BTC-27MAR20-12000-C,7137.69,78.53,0.0205,40.0,0.022,0.1,80.0,7.37976,-3.44431,1.82738,8e-05,0.12961
7401.87,BTC-26JUN20,1577962742587,open,0.01,133.6,0.0015,0.0355,0.01117154,103.91,0.0115,0.0,BTC-26JUN20-32000-C,7137.69,102.15,0.01,7.3,0.012,12.1,105.09,5.09193,-1.50426,1.29804,2e-05,0.04757
7249.2,BTC-27MAR20,1577962742587,open,0.02,290.8,0.0095,0.044,0.02225673,73.63,0.022,0.0,BTC-27MAR20-5000-P,7137.69,72.79,0.0215,24.0,0.023,3.7,74.44,6.59609,-2.86112,-2.23847,7e-05,-0.11054
7401.87,BTC-26JUN20,1577962742587,open,0.02,937.1,0.0085,0.0595,0.02523056,91.38,0.0245,0.0,BTC-26JUN20-20000-C,7137.69,90.8,0.0245,2.5,0.026,15.0,91.98,9.38518,-2.43804,2.86856,4e-05,0.10566
7401.87,BTC-26JUN20,1577962742587,open,2.83,0.0,2.713,2.8965,2.79635486,99.86,None,0.0,BTC-26JUN20-28000-P,7137.69,0.0,0.002,1.0,0.0,0.0,0.0,5.95141,-1.68962,-133.33594,2e-05,-0.94211
7401.87,BTC-26JUN20,1577962742587,open,0.02,490.9,0.0105,0.0455,0.02351323,76.75,0.022,0.0,BTC-26JUN20-4000-P,7137.69,74.72,0.0215,34.0,0.0255,39.8,78.69,7.46309,-1.62849,-3.60573,4e-05,-0.07758
7249.2,BTC-27MAR20,1577962742587,open,1.79,5.2,1.7065,1.8315,1.76392457,100.0,2.035,0.0,BTC-27MAR20-20000-P,7137.69,0.0,0.0015,10.0,1.8995,0.5,216.89,2.45722,-1.44754,-46.06553,2e-05,-0.9688
7249.2,BTC-27MAR20,1577962742587,open,4.56,1.0,4.41,4.6305,4.51808089,110.9,4.54,0.0,BTC-27MAR20-40000-P,7137.69,0.0,0.0015,10.0,0.0,0.0,0.0,0.19259,-0.12581,-92.98946,0.0,-0.99829
7249.2,BTC-27MAR20,1577962742587,open,0.0,515.8,0.0005,0.019,0.00498803,99.97,0.005,0.0,BTC-27MAR20-20000-C,7137.69,98.48,0.0045,43.9,0.0055,1.0,101.43,2.45361,-1.44492,0.44096,2e-05,0.03115
7401.87,BTC-26JUN20,1577962742587,open,0.05,570.7,0.0235,0.0935,0.05020234,81.95,0.0475,0.0,BTC-26JUN20-14000-C,7137.69,80.55,0.0475,14.6,0.053,19.6,83.37,14.4532,-3.36721,5.39948,7e-05,0.20159
7249.2,BTC-27MAR20,1577962742587,open,0.01,1363.2,0.0005,0.0215,0.00854036,82.27,0.008,0.0,BTC-27MAR20-4000-P,7137.69,81.07,0.008,24.0,0.009,1.0,83.27,3.30409,-1.60141,-0.89986,3e-05,-0.04484
7401.87,BTC-26JUN20,1577962742587,open,3.37,0.0,3.242,3.444,3.33443842,103.97,None,0.0,BTC-26JUN20-32000-P,7137.69,0.0,0.002,1.0,0.0,0.0,0.0,5.10189,-1.50794,-152.89146,2e-05,-0.95232
7249.2,BTC-27MAR20,1577962742587,open,0.0,261.8,0.0005,0.0175,0.00423977,104.83,0.0045,0.0,BTC-27MAR20-22000-C,7137.69,102.12,0.0035,32.0,0.005,56.5,107.3,2.10998,-1.30296,0.36649,2e-05,0.02598
7249.2,BTC-27MAR20,1577962742587,open,0.69,55.3,0.633,0.7305,0.67657042,79.23,0.68,0.0,BTC-27MAR20-12000-P,7137.69,42.89,0.656,3.0,0.6935,3.0,93.78,7.38083,-3.4451,-26.07662,8e-05,-0.87036
7249.2,BTC-27MAR20,1577962742587,open,1.23,1.2,1.167,1.276,1.21625261,91.13,1.4,0.0,BTC-27MAR20-16000-P,7137.69,0.0,0.0015,10.0,1.2995,0.5,163.62,3.99077,-2.14238,-36.4013,4e-05,-0.94316
7401.14,BTC-26JUN20,1577962742587,open,0.01,91.7,0.002,0.037,0.01198951,101.63,0.0115,0.0,BTC-26JUN20-30000-C,7137.69,100.24,0.011,6.0,0.013,0.5,102.97,5.41843,-1.56548,1.40632,2e-05,0.05142
7401.14,BTC-26JUN20,1577962742587,open,0.11,375.2,0.069,0.16,0.10815694,76.62,0.1105,0.0,BTC-26JUN20-10000-C,7137.69,75.62,0.1055,13.0,0.111,30.7,77.69,19.59455,-4.26825,9.77047,0.0001,0.38213
7249.2,BTC-27MAR20,1577962742588,open,0.01,1610.0,0.0005,0.028,0.00910337,91.11,0.008,0.0,BTC-27MAR20-16000-C,7137.69,89.03,0.008,64.0,0.01,15.6,92.7,3.98844,-2.14074,0.80393,4e-05,0.05679
7401.14,BTC-26JUN20,1577962742588,open,0.6,17.8,0.5905,0.6215,0.60376509,83.36,0.612,0.0,BTC-26JUN20-3000-C,7137.69,78.49,0.6015,7.0,0.6065,7.0,88.47,3.70312,-0.87759,12.98365,2e-05,0.96784
7401.14,BTC-26JUN20,1577962742588,open,3.1,0.0,2.9775,3.1695,3.06505221,101.12,None,0.0,BTC-26JUN20-30000-P,7137.69,0.0,0.002,1.0,0.0,0.0,0.0,5.3158,-1.52818,-143.17949,2e-05,-0.9498
7249.2,BTC-27MAR20,1577962742588,open,3.45,0.0,3.3285,3.5085,3.41512363,110.23,None,0.0,BTC-27MAR20-32000-P,7137.69,0.0,0.0015,10.0,0.0,0.0,0.0,0.57174,-0.37128,-74.32897,0.0,-0.99426
7512.58,SYN.BTC-25SEP20,1577962742586,open,0.73,1.0,0.6515,0.802,0.71937345,79.8,0.705,0.0,BTC-25SEP20-12000-P,7137.69,0.0,0.02,1.0,0.77,1.0,95.15,24.1456,-3.60997,-74.39568,7e-05,-0.63501
7249.2,BTC-27MAR20,1577962742588,open,0.0,115.2,0.0005,0.0125,0.00259288,110.0,0.004,0.0,BTC-27MAR20-26000-C,7137.69,109.51,0.0025,16.7,0.0035,52.0,114.21,1.40469,-0.91025,0.22723,1e-05,0.01607
7401.14,BTC-26JUN20,1577962742588,open,0.03,270.3,0.011,0.066,0.02978102,87.92,0.03,0.0,BTC-26JUN20-18000-C,7137.69,86.65,0.028,11.6,0.0315,15.0,89.1,10.56577,-2.64076,3.38969,5e-05,0.12483
7401.14,BTC-26JUN20,1577962742588,open,1.22,5.0,1.138,1.276,1.19928913,84.8,1.22,0.0,BTC-26JUN20-16000-P,7137.69,0.0,0.56,1.0,2.0,0.1,457.55,12.24038,-2.95096,-72.90562,5e-05,-0.84503
7401.14,BTC-26JUN20,1577962742588,open,2.56,0.0,2.4485,2.622,2.52724359,96.64,None,0.0,BTC-26JUN20-26000-P,7137.69,0.0,0.002,1.0,0.0,0.0,0.0,6.28474,-1.72666,-123.57655,2e-05,-0.93793
7248.47,BTC-27MAR20,1577962742588,open,0.21,273.1,0.159,0.2465,0.1987007,69.98,0.1935,0.0,BTC-27MAR20-8000-P,7137.69,66.99,0.193,14.0,0.2025,1.8,71.97,13.83838,-5.70516,-12.60573,0.00016,-0.54918
7248.47,BTC-27MAR20,1577962742588,open,0.12,388.8,0.0795,0.155,0.11316222,68.85,0.1135,0.0,BTC-27MAR20-7000-P,7137.69,67.96,0.1115,18.0,0.1145,0.7,69.58,13.44146,-5.45207,-8.53439,0.00016,-0.39317
7401.14,BTC-26JUN20,1577962742588,open,0.02,16.5,0.005,0.047,0.0175025,95.58,0.0195,0.0,BTC-26JUN20-24000-C,7137.69,94.01,0.016,20.0,0.019,14.2,97.08,7.25421,-1.97126,2.0417,3e-05,0.07475
7248.47,BTC-27MAR20,1577962742588,open,0.0,164.7,0.0005,0.011,0.0011946,110.01,0.0025,0.0,BTC-27MAR20-30000-C,7137.69,112.68,0.0015,35.0,0.0025,57.0,119.34,0.75977,-0.49236,0.11343,1e-05,0.00792
7401.14,BTC-26JUN20,1577962742588,open,0.06,303.0,0.03,0.0865,0.05293624,73.92,0.0565,0.0,BTC-26JUN20-5000-P,7137.69,72.12,0.05,23.2,0.0555,22.0,75.47,12.17134,-2.55768,-7.36726,6e-05,-0.15365
7512.58,SYN.BTC-25SEP20,1577962742586,open,0.3,3.0,0.238,0.359,0.29248687,74.75,0.295,0.0,BTC-25SEP20-8000-P,7137.69,71.3,0.281,5.0,0.295,0.8,75.5,25.00812,-3.50211,-38.72249,8e-05,-0.41246
7248.47,BTC-27MAR20,1577962742588,open,0.0,734.6,0.0005,0.0105,0.00020781,110.01,0.001,0.0,BTC-27MAR20-40000-C,7137.69,118.2,0.0005,385.8,0.001,10.0,125.93,0.17726,-0.11487,0.02287,0.0,0.00156
7512.58,SYN.BTC-25SEP20,1577962742586,open,0.5,1.1,0.4245,0.561,0.48638932,75.06,0.4745,0.0,BTC-25SEP20-10000-P,7137.69,0.0,0.01,1.0,0.51,1.0,82.01,25.42899,-3.57586,-56.90811,8e-05,-0.54963
7401.14,BTC-26JUN20,1577962742588,open,0.48,0.5,0.462,0.51,0.48310487,76.79,0.589,0.0,BTC-26JUN20-4000-C,7137.69,52.46,0.4645,6.0,0.4875,6.0,81.01,7.46906,-1.63061,15.66366,4e-05,0.92232
7248.47,BTC-27MAR20,1577962742589,open,4.01,0.0,3.869,4.069,3.96649209,0.0,None,0.0,BTC-27MAR20-36000-P,7137.69,0.0,0.0015,10.0,0.0,0.0,0.0,0.0,0.0,-83.71301,0.0,-1.0
7248.47,BTC-27MAR20,1577962742589,open,0.33,2.1,0.309,0.3605,0.33252259,73.69,0.3345,0.0,BTC-27MAR20-5000-C,7137.69,49.95,0.3155,8.0,0.352,8.0,92.85,6.60328,-2.86651,9.38434,7e-05,0.88928
7401.14,BTC-26JUN20,1577962742589,open,0.22,132.8,0.182,0.2735,0.22375358,73.35,0.223,0.0,BTC-26JUN20-7000-C,7137.69,71.9,0.22,6.2,0.2265,6.0,74.41,19.18183,-3.99998,14.91857,0.0001,0.64208
7512.58,SYN.BTC-25SEP20,1577962742586,open,0.22,34.8,0.161,0.2695,0.20946523,74.75,0.202,0.0,BTC-25SEP20-7000-P,7137.69,72.19,0.2015,0.5,0.211,7.2,75.24,23.36313,-3.27174,-29.82741,8e-05,-0.33355
7248.47,BTC-27MAR20,1577962742589,open,0.0,209.8,0.0005,0.0105,0.00040631,110.01,0.001,0.0,BTC-27MAR20-36000-C,7137.69,119.45,0.001,20.0,0.0015,11.0,124.43,0.31255,-0.20255,0.04245,0.0,0.00292
7512.58,SYN.BTC-25SEP20,1577962742586,open,0.04,20.9,0.0215,0.069,0.04022643,75.84,0.038,0.0,BTC-25SEP20-4000-P,7137.69,75.0,0.039,13.9,0.0415,0.1,76.7,11.06319,-1.57191,-7.56283,4e-05,-0.09746
7248.47,BTC-27MAR20,1577962742589,open,0.0,83.5,0.0005,0.0105,0.00082516,110.01,0.0015,0.0,BTC-27MAR20-32000-C,7137.69,116.87,0.0015,20.0,0.002,20.0,120.59,0.56234,-0.36442,0.08111,0.0,0.00564
7512.58,SYN.BTC-25SEP20,1577962742586,open,0.5,0.0,0.482,0.5395,0.50778284,75.84,None,0.0,BTC-25SEP20-4000-C,7137.69,62.21,0.4895,6.0,0.531,6.0,90.59,11.06289,-1.57182,21.68421,4e-05,0.90255
7148.7,SYN.BTC-10JAN20,1577962742587,open,0.13,0.0,0.099,0.1515,0.12206607,54.13,None,0.0,BTC-10JAN20-8000-P,7137.69,0.0,0.107,3.0,0.145,3.0,112.84,1.62701,-5.59096,-1.60042,0.00027,-0.91549
7248.47,BTC-27MAR20,1577962742590,open,2.34,0.0,2.247,2.392,2.31446479,108.14,None,0.0,BTC-27MAR20-24000-P,7137.69,0.0,0.0015,10.0,0.0,0.0,0.0,1.75824,-1.12013,-55.5137,1e-05,-0.97908
7401.14,BTC-26JUN20,1577962742589,open,0.71,8.2,0.635,0.764,0.69273153,79.19,0.8905,0.0,BTC-26JUN20-12000-P,7137.69,0.0,0.09,1.5,0.91,0.1,160.65,17.07476,-3.8439,-50.63809,8e-05,-0.72719
7401.14,BTC-26JUN20,1577962742589,open,2.29,0.0,2.185,2.3515,2.25995266,95.28,None,0.0,BTC-26JUN20-24000-P,7137.69,0.0,0.002,1.0,0.0,0.0,0.0,7.18491,-1.94628,-113.62542,3e-05,-0.92618
7401.14,BTC-26JUN20,1577962742590,open,0.01,163.2,0.0005,0.022,0.00907136,83.29,0.01,0.0,BTC-26JUN20-3000-P,7137.69,81.07,0.008,12.0,0.01,14.2,85.1,3.69545,-0.875,-1.4677,2e-05,-0.03208
7401.14,BTC-26JUN20,1577962742590,open,0.36,107.9,0.2985,0.416,0.35176112,75.27,0.336,0.0,BTC-26JUN20-9000-P,7137.69,68.42,0.333,9.0,0.369,9.0,81.52,20.36508,-4.35765,-31.98197,0.0001,-0.54503
7139.56,SYN.BTC-3JAN20,1577962742587,open,0.27,4.0,0.236,0.286,0.26050384,0.0,0.2695,0.0,BTC-3JAN20-9000-P,7137.69,0.0,0.2445,2.0,0.2785,2.0,444.27,0.0,0.0,-0.21592,0.0,-1.0
7248.47,BTC-27MAR20,1577962742591,open,2.06,5.6,1.9765,2.1115,2.03906996,103.8,1.545,0.0,BTC-27MAR20-22000-P,7137.69,0.0,0.0015,10.0,0.0,0.0,0.0,2.01177,-1.23018,-50.81073,2e-05,-0.97545
7512.58,SYN.BTC-25SEP20,1577962742587,open,0.62,1.0,0.5395,0.685,0.60512407,78.77,0.59,0.0,BTC-25SEP20-11000-P,7137.69,0.0,0.015,1.0,0.715,0.1,111.17,24.96212,-3.68373,-65.68689,8e-05,-0.59072
7401.14,BTC-26JUN20,1577962742591,open,0.01,75.9,0.004,0.0415,0.01458925,97.01,0.017,0.0,BTC-26JUN20-26000-C,7137.69,95.72,0.0135,45.7,0.0155,0.1,98.05,6.36694,-1.75597,1.73064,2e-05,0.06312
7512.58,SYN.BTC-25SEP20,1577962742586,open,0.41,0.0,0.38,0.457,0.41493835,74.74,None,0.0,BTC-25SEP20-5000-C,7137.69,62.34,0.389,5.0,0.446,5.0,88.82,16.21814,-2.27109,22.83288,5e-05,0.83061
7512.58,SYN.BTC-25SEP20,1577962742587,open,1.74,1.0,1.636,1.81,1.71320778,87.06,1.68,0.0,BTC-25SEP20-20000-P,7137.69,0.0,0.06,1.0,1.75,0.1,102.04,16.42625,-2.67913,-139.54349,5e-05,-0.8272
7139.56,SYN.BTC-3JAN20,1577962742589,open,0.15,6.4,0.143,0.177,0.1596724,130.93,0.173,0.0,BTC-3JAN20-6000-C,7137.69,0.0,0.1475,4.0,0.1625,0.1,232.76,0.03236,-2.11856,0.14342,2e-05,0.99696
7401.14,BTC-26JUN20,1577962742592,open,0.29,25.9,0.2535,0.336,0.29144519,73.35,0.2975,0.0,BTC-26JUN20-6000-C,7137.69,71.12,0.2865,6.0,0.2975,6.0,76.08,16.41067,-3.4223,16.26545,8e-05,0.74754
7139.56,SYN.BTC-3JAN20,1577962742587,open,0.0,147.3,0.0005,0.0105,1e-08,110.03,0.0005,0.0,BTC-3JAN20-9250-C,7137.69,0.0,0.0,0.0,0.0005,20.3,231.82,2e-05,-7e-05,0.0,0.0,0.0
7176.11,SYN.BTC-31JAN20,1577962742589,open,0.06,781.7,0.029,0.0775,0.05034318,55.86,0.052,0.0,BTC-31JAN20-7000-P,7137.69,55.54,0.05,5.0,0.0525,0.3,57.83,7.82982,-7.5729,-2.59323,0.00034,-0.40644
7148.7,SYN.BTC-10JAN20,1577962742587,open,0.0,84.1,0.0005,0.0145,0.00333476,65.56,0.0035,0.0,BTC-10JAN20-6250-P,7137.69,63.9,0.003,70.1,0.0035,2.5,66.35,1.4785,-6.15362,-0.12002,0.0002,-0.07447
7148.7,SYN.BTC-10JAN20,1577962742587,open,0.01,180.0,0.0005,0.0255,0.0053731,50.37,0.006,0.0,BTC-10JAN20-7750-C,7137.69,49.25,0.005,0.3,0.006,30.0,52.2,2.40247,-7.6827,0.21664,0.00043,0.14582
7148.7,SYN.BTC-10JAN20,1577962742587,open,0.12,0.0,0.109,0.151,0.12904996,65.56,None,0.0,BTC-10JAN20-6250-C,7137.69,41.69,0.126,4.0,0.1425,4.0,109.07,1.47852,-6.15377,1.22856,0.0002,0.92552
7148.7,SYN.BTC-10JAN20,1577962742587,open,0.07,30.5,0.041,0.094,0.05934249,47.03,0.0615,0.0,BTC-10JAN20-7500-P,7137.69,46.3,0.059,20.0,0.062,6.0,52.52,3.36947,-10.05949,-1.24124,0.00065,-0.74536
7248.47,BTC-27MAR20,1577962742595,open,0.0,161.1,0.0005,0.0165,0.00374094,109.42,0.0035,0.0,BTC-27MAR20-24000-C,7137.69,108.47,0.0035,6.0,0.004,58.0,110.41,1.86773,-1.20395,0.31572,1e-05,0.02247
7148.7,SYN.BTC-10JAN20,1577962742587,open,0.16,1.8,0.144,0.184,0.16291488,73.85,0.171,0.0,BTC-10JAN20-6000-C,7137.69,0.0,0.1605,0.1,0.174,4.0,119.18,1.04057,-4.87883,1.21784,0.00013,0.95244
7139.56,SYN.BTC-3JAN20,1577962742589,open,0.13,5.1,0.0985,0.146,0.12067873,98.86,0.12,0.0,BTC-3JAN20-8000-P,7137.69,0.0,0.1105,3.0,0.135,3.0,265.73,0.09335,-4.61422,-0.19024,8e-05,-0.98998
7148.7,SYN.BTC-10JAN20,1577962742586,open,0.27,0.0,0.2345,0.288,0.25965739,73.1,None,0.0,BTC-10JAN20-9000-P,7137.69,0.0,0.0,0.0,0.0,0.0,0.0,0.4705,-2.18338,-1.91485,6e-05,-0.98174
7176.11,SYN.BTC-31JAN20,1577962742587,open,0.03,700.7,0.012,0.049,0.02675101,59.0,0.0265,0.0,BTC-31JAN20-6500-P,7137.69,57.59,0.0255,19.3,0.028,15.3,60.4,6.39329,-6.53156,-1.56254,0.00027,-0.24848
7512.58,SYN.BTC-25SEP20,1577962742586,open,0.14,32.9,0.098,0.1895,0.13806884,74.75,0.135,0.0,BTC-25SEP20-6000-P,7137.69,71.96,0.1305,29.4,0.1385,8.3,74.9,20.45712,-2.86477,-21.37173,7e-05,-0.25101
7176.11,SYN.BTC-31JAN20,1577962742587,open,0.3,10.4,0.2905,0.326,0.30715794,78.51,0.3115,0.0,BTC-31JAN20-5000-C,7137.69,51.75,0.3035,5.0,0.318,5.0,108.73,1.75188,-2.38171,3.70425,5e-05,0.95964
7512.58,SYN.BTC-25SEP20,1577962742586,open,0.23,30.0,0.179,0.286,0.22759969,74.74,0.238,0.0,BTC-25SEP20-8000-C,7137.69,74.56,0.227,8.8,0.2375,8.3,77.72,25.00819,-3.50202,19.77095,8e-05,0.58753
7139.56,SYN.BTC-3JAN20,1577962742587,open,0.0,601.8,0.0005,0.023,0.0042499,51.63,0.004,0.0,BTC-3JAN20-7250-C,7137.69,46.97,0.0035,24.0,0.005,27.4,56.14,1.16926,-30.18529,0.04657,0.00185,0.27615
7139.56,SYN.BTC-3JAN20,1577962742589,open,0.0,1189.1,0.0005,0.0105,0.00073562,62.89,0.001,0.0,BTC-3JAN20-7500-C,7137.69,58.22,0.0005,44.1,0.001,13.9,67.25,0.39822,-5.25201,0.00958,0.00052,0.05665
7512.58,SYN.BTC-25SEP20,1577962742586,open,0.06,2.3,0.0295,0.113,0.06102594,85.38,0.06,0.0,BTC-25SEP20-18000-C,7137.69,83.91,0.0575,19.0,0.0645,9.9,86.81,18.13351,-2.90081,7.78615,5e-05,0.20277
7512.58,SYN.BTC-25SEP20,1577962742586,open,0.4,1.3,0.327,0.457,0.38583955,74.98,0.361,0.0,BTC-25SEP20-9000-P,7137.69,67.4,0.36,5.0,0.395,6.0,77.67,25.60829,-3.59729,-47.8087,8e-05,-0.48453
7176.11,SYN.BTC-31JAN20,1577962742589,open,0.24,20.2,0.2215,0.2635,0.24112788,71.38,0.2455,0.0,BTC-31JAN20-5500-C,7137.69,41.96,0.234,4.0,0.255,4.0,98.13,2.91577,-3.6038,3.87092,0.0001,0.92297
7148.7,SYN.BTC-10JAN20,1577962742587,open,0.02,247.7,0.0105,0.0525,0.02103592,46.68,0.022,0.0,BTC-10JAN20-7250-C,7137.69,44.88,0.02,25.1,0.022,11.9,48.35,4.12849,-12.23494,0.63413,0.0008,0.43214
7148.7,SYN.BTC-10JAN20,1577962742587,open,0.0,78.2,0.0005,0.011,0.00131276,79.99,0.0015,0.0,BTC-10JAN20-5750-P,7137.69,76.39,0.001,72.8,0.0015,1.0,81.9,0.67361,-3.42061,-0.04513,8e-05,-0.02795
7148.7,SYN.BTC-10JAN20,1577962742587,open,0.09,20.5,0.0755,0.12,0.09699554,60.79,0.103,0.0,BTC-10JAN20-6500-C,7137.69,54.03,0.095,20.0,0.0985,20.0,65.36,2.26274,-8.73319,1.18692,0.00034,0.86648
7512.58,SYN.BTC-25SEP20,1577962742587,open,0.16,50.7,0.1085,0.215,0.15528035,75.05,0.17,0.0,BTC-25SEP20-10000-C,7137.69,76.3,0.1595,13.8,0.17,8.8,79.39,25.4289,-3.57572,16.20842,8e-05,0.45036
7512.58,SYN.BTC-25SEP20,1577962742586,open,1.22,1.0,1.131,1.293,1.2031518,83.12,1.18,0.0,BTC-25SEP20-16000-P,7137.69,0.0,0.04,1.0,1.25,0.1,99.41,19.94285,-3.10583,-107.86788,6e-05,-0.7606
7148.7,SYN.BTC-10JAN20,1577962742587,open,0.0,94.0,0.0005,0.012,0.00222829,73.85,0.002,0.0,BTC-10JAN20-6000-P,7137.69,72.24,0.002,32.0,0.0025,5.5,75.66,1.04055,-4.87865,-0.0768,0.00013,-0.04756
7148.7,SYN.BTC-10JAN20,1577962742587,open,0.19,0.5,0.1795,0.2165,0.19697075,79.99,0.2065,0.0,BTC-10JAN20-5750-C,7137.69,0.0,0.1955,0.1,0.207,4.0,131.91,0.67364,-3.42082,1.19556,8e-05,0.97205
7148.7,SYN.BTC-10JAN20,1577962742587,open,0.24,0.0,0.2005,0.253,0.22499134,69.3,None,0.0,BTC-10JAN20-8750-P,7137.69,0.0,0.0,0.0,0.0,0.0,0.0,0.64455,-2.83561,-1.84865,8e-05,-0.97349
7176.11,SYN.BTC-31JAN20,1577962742587,open,0.01,790.6,0.004,0.0315,0.01396005,58.33,0.0145,0.0,BTC-31JAN20-8500-C,7137.69,56.97,0.013,19.3,0.015,15.5,59.76,5.12792,-5.17899,0.89185,0.00022,0.17105
7148.7,SYN.BTC-10JAN20,1577962742587,open,0.02,452.9,0.0085,0.049,0.01934618,49.24,0.02,0.0,BTC-10JAN20-7000-P,7137.69,49.52,0.0195,5.0,0.0205,0.5,51.32,3.97144,-12.41548,-0.60352,0.00073,-0.37192
7176.11,SYN.BTC-31JAN20,1577962742589,open,0.69,0.0,0.64,0.712,0.67361149,82.51,None,0.0,BTC-31JAN20-12000-P,7137.69,0.0,0.0015,10.0,0.0,0.0,0.0,0.88895,-1.27008,-9.39973,3e-05,-0.98211
7512.58,SYN.BTC-25SEP20,1577962742586,open,0.28,3.9,0.231,0.333,0.27768895,74.74,0.28,0.0,BTC-25SEP20-7000-C,7137.69,73.72,0.2745,9.2,0.288,15.2,78.07,23.36319,-3.27166,21.35447,8e-05,0.66645
7176.11,SYN.BTC-31JAN20,1577962742589,open,0.07,242.7,0.051,0.102,0.07494257,55.91,0.073,0.0,BTC-31JAN20-7000-C,7137.69,53.67,0.0725,0.1,0.076,14.6,56.88,7.82996,-7.58029,2.94408,0.00034,0.59353
7176.11,SYN.BTC-31JAN20,1577962742589,open,0.55,0.0,0.5035,0.5715,0.53506577,75.75,None,0.0,BTC-31JAN20-11000-P,7137.69,0.0,0.002,0.1,0.0,0.0,0.0,1.32888,-1.74306,-8.55107,4e-05,-0.97117
7139.56,SYN.BTC-3JAN20,1577962742587,open,0.08,9.7,0.0715,0.112,0.09033338,107.6,0.1185,0.0,BTC-3JAN20-6500-C,7137.69,0.0,0.076,3.0,0.091,20.0,122.0,0.27259,-14.66528,0.14976,0.00021,0.96462
7148.7,SYN.BTC-10JAN20,1577962742586,open,0.0,125.2,0.0005,0.0105,0.00076412,74.22,0.0005,0.0,BTC-10JAN20-9000-C,7137.69,69.95,0.0005,124.8,0.001,0.3,77.28,0.50433,-2.37652,0.02938,6e-05,0.01981
7139.56,SYN.BTC-3JAN20,1577962742588,open,0.22,0.1,0.214,0.245,0.22969217,185.45,0.2735,0.0,BTC-3JAN20-5500-C,7137.69,0.0,0.219,4.0,0.2315,0.1,297.18,0.01977,-1.83319,0.13164,1e-05,0.99824
7512.58,SYN.BTC-25SEP20,1577962742586,open,0.07,3.0,0.038,0.128,0.07337745,83.12,0.078,0.0,BTC-25SEP20-16000-C,7137.69,82.03,0.0705,14.7,0.076,0.5,84.1,19.94154,-3.10543,9.11794,6e-05,0.23937
7176.11,SYN.BTC-31JAN20,1577962742588,open,0.0,429.4,0.0005,0.0135,0.00387266,78.34,0.004,0.0,BTC-31JAN20-5000-P,7137.69,76.76,0.0035,56.0,0.004,30.0,78.86,1.74169,-2.36268,-0.24945,5e-05,-0.04007
7139.56,SYN.BTC-3JAN20,1577962742588,open,0.0,145.3,0.0005,0.0105,0.00011043,109.95,0.0005,0.0,BTC-3JAN20-6250-P,7137.69,0.0,0.0,0.0,0.0005,5.6,134.67,0.06163,-0.78841,-0.00109,5e-05,-0.00625
7512.58,SYN.BTC-25SEP20,1577962742587,open,0.09,40.2,0.055,0.1545,0.09584016,82.39,0.0945,0.0,BTC-25SEP20-14000-C,7137.69,81.59,0.0935,2.0,0.0985,9.5,83.28,22.2535,-3.43495,11.08179,7e-05,0.29759
7139.56,SYN.BTC-3JAN20,1577962742587,open,0.0,131.5,0.0005,0.0105,3.2e-07,109.97,0.0005,0.0,BTC-3JAN20-5750-P,7137.69,0.0,0.0,0.0,0.0005,20.1,205.08,0.00039,-0.00227,0.0,0.0,-3e-05
7512.58,SYN.BTC-25SEP20,1577962742587,open,1.48,1.5,1.3825,1.5505,1.45702208,85.39,1.455,0.0,BTC-25SEP20-18000-P,7137.69,0.0,1.33,0.5,1.475,0.2,92.48,18.13535,-2.90133,-123.82278,5e-05,-0.79719
7176.11,SYN.BTC-31JAN20,1577962742590,open,0.02,972.9,0.0045,0.031,0.01404256,64.35,0.0145,0.0,BTC-31JAN20-6000-P,7137.69,63.48,0.0135,7.0,0.0145,15.0,65.07,4.49645,-5.00995,-0.87555,0.00017,-0.14018
7148.7,SYN.BTC-10JAN20,1577962742587,open,0.2,0.0,0.166,0.218,0.1904978,65.28,None,0.0,BTC-10JAN20-8500-P,7137.69,0.0,0.0,0.0,0.0,0.0,0.0,0.89386,-3.70435,-1.77556,0.00012,-0.9606
7148.7,SYN.BTC-10JAN20,1577962742587,open,0.0,20.9,0.0005,0.0105,0.00099262,69.3,0.001,0.0,BTC-10JAN20-8750-C,7137.69,62.61,0.0005,33.5,0.0015,30.0,74.22,0.64462,-2.83597,0.03936,8e-05,0.02651
7148.7,SYN.BTC-10JAN20,1577962742587,open,0.17,0.0,0.132,0.1835,0.15603716,59.47,None,0.0,BTC-10JAN20-8250-P,7137.69,0.0,0.0,0.0,0.0,0.0,0.0,1.17121,-4.42188,-1.69806,0.00018,-0.94482
7512.58,SYN.BTC-25SEP20,1577962742586,open,0.34,2.0,0.297,0.3895,0.33940346,74.74,0.346,0.0,BTC-25SEP20-6000-C,7137.69,72.76,0.334,6.0,0.376,6.0,88.19,20.4571,-2.8647,22.49855,7e-05,0.74899
7176.11,SYN.BTC-31JAN20,1577962742588,open,0.0,216.0,0.0005,0.013,0.00349301,74.64,0.004,0.0,BTC-31JAN20-10500-C,7137.69,72.66,0.003,0.3,0.004,79.0,76.5,1.87233,-2.4198,0.22889,6e-05,0.04381
7176.11,SYN.BTC-31JAN20,1577962742587,open,0.12,37.2,0.0965,0.148,0.12102187,59.06,0.153,0.0,BTC-31JAN20-6500-C,7137.69,53.9,0.1165,13.0,0.1225,20.0,60.71,6.39559,-6.54065,3.57845,0.00027,0.75135
7176.11,SYN.BTC-31JAN20,1577962742588,open,0.04,715.5,0.024,0.0695,0.0440129,55.9,0.0405,0.0,BTC-31JAN20-7500-C,7137.69,54.07,0.042,6.0,0.0435,0.5,55.44,7.88943,-7.63676,2.13396,0.00035,0.4199
7176.11,SYN.BTC-31JAN20,1577962742588,open,0.21,15.2,0.1695,0.2315,0.19837508,58.23,0.2965,0.0,BTC-31JAN20-8500-P,7137.69,0.0,0.005,0.1,0.0,0.0,0.0,5.11865,-5.16082,-5.83497,0.00022,-0.82943
7176.11,SYN.BTC-31JAN20,1577962742587,open,0.27,10.4,0.2335,0.296,0.26263846,61.22,0.272,0.0,BTC-31JAN20-9000-P,7137.69,0.0,0.005,0.5,0.0,0.0,0.0,3.78316,-4.01028,-6.54646,0.00015,-0.89049
7176.11,SYN.BTC-31JAN20,1577962742589,open,0.15,148.6,0.111,0.172,0.13934987,56.45,0.14,0.0,BTC-31JAN20-8000-P,7137.69,0.0,0.1135,4.0,0.1725,4.0,89.06,6.70484,-6.55324,-4.92106,0.00029,-0.72747
7176.11,SYN.BTC-31JAN20,1577962742588,open,0.01,229.4,0.0005,0.018,0.00574985,65.18,0.0065,0.0,BTC-31JAN20-9500-C,7137.69,63.23,0.005,39.0,0.0065,36.0,67.0,2.86097,-3.22886,0.39389,0.00011,0.07513
7512.58,SYN.BTC-25SEP20,1577962742586,open,0.97,1.0,0.8885,1.047,0.95939272,82.39,0.93,0.0,BTC-25SEP20-14000-P,7137.69,0.0,0.03,1.0,0.99,0.1,92.37,22.25425,-3.43525,-91.28097,7e-05,-0.70239
7139.56,SYN.BTC-3JAN20,1577962742589,open,0.0,402.3,0.0005,0.0105,0.00033021,82.53,0.0005,0.0,BTC-3JAN20-7750-C,7137.69,0.0,0.0,0.0,0.0005,20.0,88.24,0.18531,-2.35754,0.00375,0.00018,0.02225
7148.7,SYN.BTC-10JAN20,1577962742587,open,0.0,64.8,0.0005,0.011,0.00147048,65.28,0.0025,0.0,BTC-10JAN20-8500-C,7137.69,61.08,0.001,0.5,0.002,30.2,69.14,0.89392,-3.70465,0.05851,0.00012,0.0394
7148.7,SYN.BTC-10JAN20,1577962742588,open,0.1,10.1,0.068,0.1215,0.08948625,50.37,0.09,0.0,BTC-10JAN20-7750-P,7137.69,0.0,0.0715,3.0,0.1145,3.0,104.67,2.40244,-7.68256,-1.4556,0.00043,-0.85418
7139.56,SYN.BTC-3JAN20,1577962742587,open,0.0,396.1,0.0005,0.013,0.00118448,78.24,0.0015,0.0,BTC-3JAN20-6750-P,7137.69,75.28,0.001,2.5,0.0015,6.6,82.81,0.46439,-8.45666,-0.01202,0.00049,-0.069
7139.56,SYN.BTC-3JAN20,1577962742589,open,0.2,0.0,0.1675,0.215,0.19048527,0.0,None,0.0,BTC-3JAN20-8500-P,7137.69,0.0,0.1755,2.0,0.206,2.0,353.23,0.0,0.0,-0.20393,0.0,-1.0
7512.58,SYN.BTC-25SEP20,1577962742587,open,0.08,108.4,0.051,0.121,0.08049283,74.75,0.0755,0.0,BTC-25SEP20-5000-P,7137.69,72.89,0.0765,14.2,0.0825,15.2,75.67,16.21828,-2.27117,-13.72581,5e-05,-0.16939
7139.56,SYN.BTC-3JAN20,1577962742587,open,0.03,261.3,0.0025,0.044,0.01965568,51.25,0.0215,0.0,BTC-3JAN20-7250-P,7137.69,43.95,0.0185,6.6,0.0205,12.4,56.33,1.16604,-29.87923,-0.12762,0.00186,-0.72539
7139.56,SYN.BTC-3JAN20,1577962742589,open,0.0,165.1,0.0005,0.0105,9.52e-06,110.04,0.0005,0.0,BTC-3JAN20-8500-C,7137.69,0.0,0.0,0.0,0.0005,3.1,165.72,0.0081,-0.06797,0.00011,1e-05,0.00067
7139.56,SYN.BTC-3JAN20,1577962742589,open,0.0,191.7,0.0005,0.0105,1.13e-06,110.03,0.0005,0.0,BTC-3JAN20-8750-C,7137.69,0.0,0.0,0.0,0.0005,16.1,188.77,0.00125,-0.00809,2e-05,0.0,9e-05
7139.56,SYN.BTC-3JAN20,1577962742587,open,0.0,626.4,0.0005,0.0105,0.00023097,103.51,0.0005,0.0,BTC-3JAN20-8000-C,7137.69,0.0,0.0,0.0,0.0005,17.1,115.75,0.11897,-1.64902,0.00223,9e-05,0.01324
7176.11,SYN.BTC-31JAN20,1577962742588,open,0.62,0.0,0.5715,0.642,0.60443892,80.28,None,0.0,BTC-31JAN20-11500-P,7137.69,0.0,0.0015,10.0,0.0,0.0,0.0,1.144,-1.5903,-8.97177,3e-05,-0.9759
7148.7,SYN.BTC-10JAN20,1577962742587,open,0.06,2.0,0.046,0.0935,0.06632387,53.94,0.0845,0.0,BTC-10JAN20-6750-C,7137.69,49.68,0.0645,20.0,0.0685,40.0,58.81,3.12917,-10.71623,1.09703,0.00053,0.77753
7139.56,SYN.BTC-3JAN20,1577962742589,open,0.12,0.5,0.107,0.144,0.12476061,115.35,0.1625,0.0,BTC-3JAN20-6250-C,7137.69,0.0,0.1115,4.0,0.1345,4.0,267.53,0.08146,-4.69778,0.14845,6e-05,0.99143
7176.11,SYN.BTC-31JAN20,1577962742590,open,0.41,0.0,0.3675,0.432,0.39742713,68.46,None,0.0,BTC-31JAN20-10000-P,7137.69,0.0,0.002,0.1,0.0,0.0,0.0,2.14372,-2.54136,-7.63885,8e-05,-0.94812
7139.56,SYN.BTC-3JAN20,1577962742587,open,0.24,0.0,0.2015,0.2505,0.22549087,0.0,None,0.0,BTC-3JAN20-8750-P,7137.69,0.0,0.21,2.0,0.243,2.0,405.46,0.0,0.0,-0.20993,0.0,-1.0
7139.56,SYN.BTC-3JAN20,1577962742589,open,0.0,154.2,0.0005,0.0105,8.22e-06,109.96,0.0005,0.0,BTC-3JAN20-6000-P,7137.69,0.0,0.0,0.0,0.0005,20.5,169.53,0.00697,-0.05871,-0.0001,1e-05,-0.00057
7139.56,SYN.BTC-3JAN20,1577962742589,open,0.31,0.0,0.2705,0.3215,0.29551773,0.0,None,0.0,BTC-3JAN20-9250-P,7137.69,0.0,0.0005,3.0,0.0,0.0,0.0,0.0,0.0,-0.22192,0.0,-1.0
7512.58,SYN.BTC-25SEP20,1577962742586,open,0.19,33.0,0.1395,0.2475,0.18784148,74.98,0.2,0.0,BTC-25SEP20-9000-C,7137.69,76.2,0.192,1.0,0.2,8.6,78.54,25.60831,-3.59718,17.99629,8e-05,0.51547
7139.56,SYN.BTC-3JAN20,1577962742587,open,0.0,244.3,0.0005,0.0105,1e-08,109.97,0.0005,0.0,BTC-3JAN20-5500-P,7137.69,0.0,0.0,0.0,0.0005,25.1,241.59,1e-05,-4e-05,0.0,0.0,0.0
7176.11,SYN.BTC-31JAN20,1577962742587,open,0.0,280.4,0.0005,0.011,0.00149615,83.3,0.002,0.0,BTC-31JAN20-12000-C,7137.69,78.95,0.001,67.0,0.002,21.0,86.82,0.93097,-1.34285,0.09874,3e-05,0.01889
7176.11,SYN.BTC-31JAN20,1577962742591,open,0.01,736.5,0.0005,0.0205,0.00751408,71.27,0.007,0.0,BTC-31JAN20-5500-P,7137.69,68.68,0.0065,52.0,0.0085,39.0,73.63,2.9077,-3.58813,-0.47836,0.0001,-0.07675
7139.56,SYN.BTC-3JAN20,1577962742597,open,0.19,0.1,0.1785,0.211,0.19467849,156.99,0.2405,0.0,BTC-3JAN20-5750-C,7137.69,0.0,0.183,4.0,0.197,0.1,266.61,0.02381,-1.86855,0.13757,1e-05,0.99784
7148.7,SYN.BTC-10JAN20,1577962742587,open,0.01,162.1,0.0005,0.0205,0.00625173,60.79,0.006,0.0,BTC-10JAN20-6500-P,7137.69,59.99,0.006,9.7,0.0065,30.1,61.57,2.26272,-8.73308,-0.21559,0.00034,-0.13352
7512.58,SYN.BTC-25SEP20,1577962742586,open,0.05,52.3,0.0225,0.1,0.05098984,87.05,0.0495,0.0,BTC-25SEP20-20000-C,7137.69,85.66,0.048,19.7,0.0535,29.0,88.18,16.42378,-2.67847,6.68851,5e-05,0.17276
7176.11,SYN.BTC-31JAN20,1577962742591,open,0.34,4.8,0.3,0.3635,0.32950782,64.98,0.3445,0.0,BTC-31JAN20-9500-P,7137.69,0.0,0.002,0.1,0.0,0.0,0.0,2.84051,-3.19596,-7.12525,0.00011,-0.92557
7148.7,SYN.BTC-10JAN20,1577962742587,open,0.0,175.4,0.0005,0.017,0.00298153,54.13,0.0025,0.0,BTC-10JAN20-8000-C,7137.69,51.92,0.0025,11.0,0.0035,30.0,56.32,1.62705,-5.59116,0.12577,0.00027,0.08452
7148.7,SYN.BTC-10JAN20,1577962742587,open,0.01,184.4,0.001,0.0325,0.01055145,53.94,0.011,0.0,BTC-10JAN20-6750-P,7137.69,52.67,0.01,15.0,0.011,24.0,54.96,3.12916,-10.71614,-0.35943,0.00053,-0.22247
7139.56,SYN.BTC-3JAN20,1577962742587,open,0.0,133.7,0.0005,0.0105,1.1e-07,110.03,0.0005,0.0,BTC-3JAN20-9000-C,7137.69,0.0,0.0,0.0,0.0005,1.7,210.76,0.00015,-0.00079,0.0,0.0,1e-05
7139.56,SYN.BTC-3JAN20,1577962742589,open,0.0,396.5,0.0005,0.011,0.00069719,106.1,0.0005,0.0,BTC-3JAN20-6500-P,7137.69,100.15,0.0005,58.7,0.001,75.5,113.54,0.26055,-4.97762,-0.00585,0.0002,-0.03348
7139.56,SYN.BTC-3JAN20,1577962742588,open,0.1,15.2,0.0645,0.11,0.08576398,79.76,0.09,0.0,BTC-3JAN20-7750-P,7137.69,0.0,0.0755,3.0,0.103,3.0,239.71,0.16027,-6.39185,-0.18277,0.00016,-0.98125
7139.56,SYN.BTC-3JAN20,1577962742592,open,0.06,134.6,0.03,0.0745,0.0511554,61.7,0.0575,0.0,BTC-3JAN20-7500-P,7137.69,0.0,0.05,6.0,0.052,0.5,74.31,0.3789,-11.68902,-0.17094,0.0005,-0.9468
7139.56,SYN.BTC-3JAN20,1577962742592,open,0.17,0.0,0.133,0.1805,0.15552686,0.0,None,0.0,BTC-3JAN20-8250-P,7137.69,0.0,0.1455,3.0,0.17,3.0,307.04,0.0,0.0,-0.19793,0.0,-1.0
7176.11,SYN.BTC-31JAN20,1577962742591,open,0.01,634.1,0.0005,0.023,0.00855195,61.36,0.009,0.0,BTC-31JAN20-9000-C,7137.69,59.31,0.0075,40.0,0.0095,65.2,63.11,3.79828,-4.03566,0.57661,0.00015,0.11012
7176.11,SYN.BTC-31JAN20,1577962742596,open,0.0,395.3,0.0005,0.012,0.00229337,76.24,0.002,0.0,BTC-31JAN20-11000-C,7137.69,71.49,0.0015,72.0,0.003,39.1,79.65,1.3634,-1.79989,0.15581,4e-05,0.02974
7176.11,SYN.BTC-31JAN20,1577962742591,open,0.48,0.0,0.4355,0.5025,0.46659393,74.3,None,0.0,BTC-31JAN20-10500-P,7137.69,0.0,0.002,0.1,0.0,0.0,0.0,1.84454,-2.37307,-8.08189,6e-05,-0.95699
7139.56,SYN.BTC-3JAN20,1577962742595,open,0.0,312.3,0.0005,0.0105,6.511e-05,110.04,0.0005,0.0,BTC-3JAN20-8250-C,7137.69,0.0,0.0,0.0,0.0005,0.1,141.46,0.0411,-0.46485,0.00067,3e-05,0.00396
7176.11,SYN.BTC-31JAN20,1577962742597,open,0.0,646.1,0.0005,0.014,0.00399769,68.74,0.004,0.0,BTC-31JAN20-10000-C,7137.69,67.03,0.0035,39.0,0.0045,7.0,70.35,2.16947,-2.58231,0.27629,8e-05,0.05266
7248.47,BTC-27MAR20,1577962742615,open,4.56,1.0,4.41,4.6325,4.51808089,0.0,4.54,0.0,BTC-27MAR20-40000-P,7137.69,0.0,0.0015,10.0,0.0,0.0,0.0,0.0,0.0,-93.01446,0.0,-1.0
7176.11,SYN.BTC-31JAN20,1577962742616,open,0.04,715.5,0.024,0.0695,0.0440129,55.9,0.0405,0.0,BTC-31JAN20-7500-C,7137.69,54.52,0.0425,5.0,0.0435,0.5,55.44,7.88943,-7.63676,2.13396,0.00035,0.4199
7148.7,SYN.BTC-10JAN20,1577962742618,open,0.04,106.2,0.021,0.07,0.03520629,46.68,0.036,0.0,BTC-10JAN20-7250-P,7137.69,45.46,0.0345,20.0,0.036,12.4,48.05,4.12849,-12.23489,-0.93022,0.0008,-0.56786
7248.47,BTC-27MAR20,1577962742613,open,0.12,388.8,0.0795,0.155,0.11316222,68.85,0.1135,0.0,BTC-27MAR20-7000-P,7137.69,67.96,0.1115,18.0,0.1145,0.2,69.58,13.44146,-5.45207,-8.53439,0.00016,-0.39317
7176.11,SYN.BTC-31JAN20,1577962742620,open,0.1,202.4,0.063,0.12,0.08908499,55.84,0.0925,0.0,BTC-31JAN20-7500-P,7137.69,54.4,0.0875,14.4,0.0925,42.4,58.95,7.88884,-7.62842,-3.79986,0.00035,-0.58024
133.32,ETH-26JUN20,1577962742624,open,0.45,0.0,0.415,0.487,0.450821,87.3,None,0.0,ETH-26JUN20-80-C,129.37,64.02,0.421,48.0,0.474,48.0,102.73,0.19151,-0.04753,0.27189,0.00256,0.87406
133.32,ETH-26JUN20,1577962742639,open,0.35,1.0,0.305,0.397,0.351898,85.56,0.38,0.0,ETH-26JUN20-100-C,129.37,66.53,0.314,48.0,0.381,48.0,99.69,0.27211,-0.06619,0.27672,0.00371,0.78265
133.32,ETH-26JUN20,1577962742643,open,0.35,1.0,0.305,0.397,0.351898,85.56,0.38,0.0,ETH-26JUN20-100-C,129.37,66.53,0.314,48.0,0.382,48.0,100.17,0.27211,-0.06619,0.27672,0.00371,0.78265
131.22,ETH-27MAR20,1577962742881,open,0.29,1100.0,0.252,0.328,0.290339,83.96,0.303,0.0,ETH-27MAR20-100-C,129.37,64.21,0.266,43.0,0.322,43.0,107.06,0.17237,-0.08526,0.1582,0.00513,0.80881
129.39,SYN.ETH-3JAN20,1577962743014,open,0.0,12.0,0.001,0.011,0.0,120.06,0.001,0.0,ETH-3JAN20-170-C,129.37,0.0,0.0,0.0,0.001,10.0,266.9,0.0,0.0,0.0,0.0,0.0
129.69,SYN.ETH-17JAN20,1577962743014,open,0.0,0.274,0.358,0.313917,77.99,None,0.0,ETH-17JAN20-170-P,129.37,0.0,0.0,0.0,0.0,0.0,0.0,0.02722,-0.07135,-0.06678,0.00509,-0.9495
129.39,SYN.ETH-3JAN20,1577962743014,open,0.32,0.0,0.276,0.354,0.313664,0.0,None,0.0,ETH-3JAN20-170-P,129.37,0.0,0.0,0.0,0.0,0.0,0.0,0.0,0.0,-0.00408,0.0,-1.0
129.69,SYN.ETH-17JAN20,1577962743014,open,0.0,0.001,0.013,0.003343,78.94,None,0.0,ETH-17JAN20-170-C,129.37,0.0,0.0,0.0,0.0,0.0,0.0,0.02819,-0.07479,0.00261,0.00521,0.05278
129.54,SYN.ETH-10JAN20,1577962743018,open,0.32,0.0,0.275,0.357,0.313588,91.95,None,0.0,ETH-10JAN20-170-P,129.37,0.0,0.0,0.0,0.0,0.0,0.0,0.01145,-0.06687,-0.03599,0.00344,-0.9741
129.54,SYN.ETH-10JAN20,1577962743018,open,0.0,208.0,0.001,0.011,0.001471,94.13,0.002,0.0,ETH-10JAN20-170-C,129.37,88.68,0.001,650.0,0.002,950.0,99.08,0.01257,-0.07511,0.00077,0.00369,0.02895
129.54,SYN.ETH-10JAN20,1577962743160,open,0.01,417.0,0.002,0.032,0.011835,66.91,0.013,0.0,ETH-10JAN20-120-P,129.37,64.97,0.011,650.0,0.012,1.0,67.39,0.0539,-0.22896,-0.00603,0.02225,-0.20395
130.0,SYN.ETH-31JAN20,1577962743162,open,0.17,0.0,0.144,0.208,0.176677,74.0,None,0.0,ETH-31JAN20-110-C,129.37,68.94,0.173,48.0,0.181,48.0,79.68,0.09671,-0.12391,0.06593,0.00978,0.81771
130.0,SYN.ETH-31JAN20,1577962743162,open,0.01,108.0,0.001,0.019,0.007023,90.59,0.006,0.0,ETH-31JAN20-90-P,129.37,87.34,0.006,890.0,0.008,801.0,93.48,0.0425,-0.06666,-0.0067,0.00351,-0.05814
130.0,SYN.ETH-31JAN20,1577962743162,open,0.19,192.0,0.143,0.229,0.184981,72.52,0.176,0.0,ETH-31JAN20-150-P,129.37,54.02,0.169,240.0,1.147,1.0,500.0,0.12187,-0.15304,-0.09365,0.01257,-0.72561
130.0,SYN.ETH-31JAN20,1577962743164,open,0.31,0.0,0.289,0.34,0.314712,90.59,None,0.0,ETH-31JAN20-90-C,129.37,0.0,0.307,1.0,0.329,37.0,123.52,0.0425,-0.06666,0.0645,0.00351,0.94186
130.0,SYN.ETH-31JAN20,1577962743164,open,0.03,718.0,0.012,0.057,0.03113,72.52,0.032,0.0,ETH-31JAN20-150-C,129.37,72.38,0.031,1.0,0.032,650.0,73.45,0.12187,-0.15304,0.02502,0.01257,0.27439
130.0,SYN.ETH-31JAN20,1577962743164,open,0.33,0.0,0.277,0.369,0.321113,78.07,None,0.0,ETH-31JAN20-170-P,129.37,0.0,0.299,240.0,1.3,1.0,500.0,0.07861,-0.10626,-0.12218,0.00753,-0.86693
130.0,SYN.ETH-31JAN20,1577962743164,open,0.01,273.0,0.003,0.032,0.013414,78.07,0.016,0.0,ETH-31JAN20-170-C,129.37,75.67,0.012,240.0,0.015,1430.0,80.63,0.07861,-0.10626,0.01231,0.00753,0.13307
130.61,SYN.ETH-28FEB20,1577962743176,open,0.03,336.0,0.013,0.057,0.031174,80.81,0.031,0.0,ETH-28FEB20-100-P,129.37,78.52,0.029,1395.0,0.033,192.0,82.7,0.12517,-0.08893,-0.0388,0.00583,-0.15947
130.61,SYN.ETH-28FEB20,1577962743176,open,0.16,0.0,0.121,0.2,0.161308,77.26,None,0.0,ETH-28FEB20-120-C,129.37,74.25,0.157,384.0,0.164,240.0,79.13,0.1875,-0.12734,0.10282,0.00913,0.66651
130.61,SYN.ETH-28FEB20,1577962743176,open,0.02,725.0,0.006,0.038,0.018554,84.98,0.017,0.0,ETH-28FEB20-90-P,129.37,82.71,0.017,1450.0,0.02,290.0,87.03,0.09091,-0.06791,-0.02426,0.00402,-0.10064
130.61,SYN.ETH-28FEB20,1577962743176,open,0.05,34.0,0.025,0.083,0.051355,78.53,0.047,0.0,ETH-28FEB20-110-P,129.37,76.6,0.049,910.0,0.054,473.0,80.68,0.15998,-0.11045,-0.05913,0.00766,-0.23917
130.61,SYN.ETH-28FEB20,1577962743178,open,0.21,4.0,0.171,0.246,0.209151,78.53,0.211,0.0,ETH-28FEB20-110-C,129.37,74.29,0.204,48.0,0.212,1.0,80.85,0.15998,-0.11045,0.11228,0.00766,0.76083
130.61,SYN.ETH-28FEB20,1577962743178,open,0.12,462.0,0.077,0.161,0.117695,76.68,0.123,0.0,ETH-28FEB20-130-P,129.37,74.94,0.115,650.0,0.122,379.0,79.45,0.20284,-0.13674,-0.11223,0.00995,-0.43376
130.61,SYN.ETH-28FEB20,1577962743178,open,0.09,55.0,0.056,0.13,0.092091,76.79,0.095,0.0,ETH-28FEB20-140-C,129.37,74.83,0.089,410.0,0.095,870.0,78.65,0.20507,-0.13844,0.07674,0.01005,0.46913
130.61,SYN.ETH-28FEB20,1577962743178,open,0.26,21.0,0.231,0.299,0.265534,80.81,0.267,0.0,ETH-28FEB20-100-C,129.37,47.41,0.24,40.0,0.289,40.0,103.56,0.12517,-0.08893,0.11702,0.00583,0.84053
130.61,SYN.ETH-28FEB20,1577962743180,open,0.33,20.0,0.3,0.359,0.329478,84.98,0.328,0.0,ETH-28FEB20-90-C,129.37,45.77,0.312,40.0,0.348,40.0,108.33,0.09091,-0.06791,0.11598,0.00402,0.89936
130.61,SYN.ETH-28FEB20,1577962743180,open,0.22,0.0,0.169,0.27,0.218399,77.87,None,0.0,ETH-28FEB20-150-P,129.37,0.0,0.001,15.0,0.0,0.0,0.0,0.19683,-0.13474,-0.16995,0.00951,-0.61663
130.61,SYN.ETH-28FEB20,1577962743183,open,0.07,73.0,0.037,0.106,0.069939,77.87,0.072,0.0,ETH-28FEB20-150-C,129.37,75.91,0.067,467.0,0.073,1145.0,79.89,0.19683,-0.13474,0.06379,0.00951,0.38337
130.61,SYN.ETH-28FEB20,1577962743183,open,0.49,0.0,0.426,0.541,0.480891,84.58,None,0.0,ETH-28FEB20-190-P,129.37,0.0,0.001,5.0,0.0,0.0,0.0,0.13028,-0.09686,-0.26687,0.00579,-0.83039
130.61,SYN.ETH-28FEB20,1577962743183,open,0.35,0.0,0.29,0.399,0.343146,80.9,None,0.0,ETH-28FEB20-170-P,129.37,0.0,0.001,5.0,0.0,0.0,0.0,0.16481,-0.11722,-0.22191,0.00766,-0.74719
130.61,SYN.ETH-28FEB20,1577962743183,open,0.03,461.0,0.012,0.062,0.03287,82.82,0.034,0.0,ETH-28FEB20-180-C,129.37,81.15,0.031,192.0,0.035,667.0,84.69,0.14725,-0.10721,0.0354,0.00669,0.2068
130.61,SYN.ETH-28FEB20,1577962743183,open,0.03,198.0,0.009,0.052,0.026175,84.58,0.025,0.0,ETH-28FEB20-190-C,129.37,82.36,0.024,842.0,0.028,479.0,86.38,0.13028,-0.09686,0.02919,0.00579,0.16961
130.61,SYN.ETH-28FEB20,1577962743183,open,0.42,0.0,0.357,0.469,0.411022,82.82,None,0.0,ETH-28FEB20-180-P,129.37,0.0,0.001,5.0,0.0,0.0,0.0,0.14725,-0.10721,-0.24508,0.00669,-0.7932
7139.56,SYN.BTC-3JAN20,1577962743208,open,0.02,160.6,0.0045,0.0455,0.02324693,55.95,0.022,0.0,BTC-3JAN20-7000-C,7137.69,46.84,0.022,6.0,0.024,20.5,60.59,1.06562,-29.81104,0.12765,0.00156,0.76854
7139.56,SYN.BTC-3JAN20,1577962743243,open,0.02,160.6,0.0045,0.0455,0.02324693,55.95,0.022,0.0,BTC-3JAN20-7000-C,7137.69,46.84,0.022,6.0,0.024,20.6,60.59,1.06562,-29.81104,0.12765,0.00156,0.76854
135.31,SYN.ETH-25SEP20,1577962743488,open,0.4,0.0,0.351,0.452,0.402605,87.18,None,0.0,ETH-25SEP20-100-C,129.37,73.77,0.369,52.0,0.434,52.0,99.64,0.34094,-0.05569,0.37521,0.00292,0.78184
135.31,SYN.ETH-25SEP20,1577962743488,open,0.53,0.0,0.446,0.615,0.529204,87.84,0.58,0.0,ETH-25SEP20-180-P,129.37,0.0,0.0,0.0,0.605,1.0,110.16,0.46159,-0.07596,-1.02,0.00393,-0.50175
135.31,SYN.ETH-25SEP20,1577962743490,open,0.59,0.0,0.566,0.626,0.595605,92.07,None,0.0,ETH-25SEP20-60-C,129.37,73.24,0.575,56.0,0.61,56.0,103.2,0.16684,-0.02878,0.32407,0.00135,0.92316
135.31,SYN.ETH-25SEP20,1577962743490,open,0.49,0.0,0.447,0.529,0.488883,88.24,None,0.0,ETH-25SEP20-80-C,129.37,73.12,0.461,53.0,0.513,53.0,100.58,0.25934,-0.04287,0.36574,0.0022,0.85855
135.31,SYN.ETH-25SEP20,1577962743490,open,0.33,0.0,0.275,0.39,0.334166,87.18,None,0.0,ETH-25SEP20-120-C,129.37,80.39,0.314,160.0,0.354,160.0,93.91,0.40029,-0.06538,0.36519,0.00343,0.70327
7248.5,BTC-27MAR20,1577962743594,open,4.56,1.0,4.411,4.6315,4.51861363,110.9,4.54,0.0,BTC-27MAR20-40000-P,7137.73,0.0,0.0015,10.0,0.0,0.0,0.0,0.19248,-0.12574,-92.98948,0.0,-0.99829
7147.97,SYN.BTC-10JAN20,1577962743594,open,0.04,98.7,0.024,0.071,0.04014747,49.35,0.04,0.0,BTC-10JAN20-7000-C,7137.73,46.38,0.0385,20.0,0.0405,20.0,49.98,3.97357,-12.44945,0.90565,0.00073,0.62734
7138.83,SYN.BTC-3JAN20,1577962743622,open,0.05,6.5,0.0355,0.0775,0.05575281,79.65,0.055,0.0,BTC-3JAN20-6750-C,7137.73,44.28,0.0545,0.1,0.0565,0.5,89.47,0.48397,-19.27426,0.14925,0.0005,0.92717
7147.97,SYN.BTC-10JAN20,1577962743628,open,0.04,106.2,0.021,0.07,0.03520636,46.57,0.036,0.0,BTC-10JAN20-7250-P,7137.73,45.35,0.0345,20.0,0.0365,13.4,48.81,4.12662,-12.20154,-0.93136,0.0008,-0.56866
7138.83,SYN.BTC-3JAN20,1577962743634,open,0.05,6.5,0.0355,0.0775,0.05575281,79.65,0.055,0.0,BTC-3JAN20-6750-C,7137.73,0.0,0.054,0.2,0.0565,0.5,89.47,0.48397,-19.27426,0.14925,0.0005,0.92717
130.61,SYN.ETH-28FEB20,1577962743635,open,0.56,0.0,0.497,0.613,0.552185,86.1,None,0.0,ETH-28FEB20-200-P,129.37,0.0,0.001,5.0,0.0,0.0,0.0,0.11433,-0.08654,-0.28756,0.005,-0.86076
130.61,SYN.ETH-28FEB20,1577962743635,open,0.01,522.0,0.002,0.026,0.011037,91.05,0.01,0.0,ETH-28FEB20-80-P,129.37,88.83,0.01,1150.0,0.012,100.0,93.02,0.06249,-0.05002,-0.01473,0.00258,-0.06134
130.61,SYN.ETH-28FEB20,1577962743635,open,0.02,29.0,0.006,0.045,0.020905,86.1,0.02,0.0,ETH-28FEB20-200-C,129.37,85.06,0.02,240.0,0.022,5.0,87.34,0.11433,-0.08654,0.02408,0.005,0.13924
130.61,SYN.ETH-28FEB20,1577962743634,open,0.4,0.0,0.374,0.424,0.398525,91.05,None,0.0,ETH-28FEB20-80-C,129.37,52.82,0.388,41.0,0.413,41.0,115.84,0.06249,-0.05002,0.10993,0.00258,0.93866
131.22,ETH-27MAR20,1577962743817,open,0.09,1560.0,0.051,0.133,0.090465,84.8,0.085,0.0,ETH-27MAR20-160-C,129.36,83.46,0.088,276.0,0.093,650.0,86.16,0.2427,-0.12124,0.09126,0.00715,0.38955
133.33,ETH-26JUN20,1577962743817,open,0.11,646.0,0.062,0.146,0.101908,85.54,0.119,0.0,ETH-26JUN20-100-P,129.36,82.63,0.096,1127.0,0.107,277.0,88.03,0.2721,-0.06617,-0.20507,0.00371,-0.2173
131.22,ETH-27MAR20,1577962743817,open,0.06,2826.0,0.031,0.104,0.064234,87.59,0.06,0.0,ETH-27MAR20-180-C,129.36,86.24,0.062,300.0,0.067,650.0,89.24,0.21852,-0.11275,0.07059,0.00623,0.29556
133.33,ETH-26JUN20,1577962743817,open,3.54,0.0,3.374,3.676,3.516433,112.73,None,0.0,ETH-26JUN20-600-P,129.36,0.0,0.01,50.0,0.0,0.0,0.0,0.11439,-0.03666,-2.86118,0.00118,-0.9371
133.33,ETH-26JUN20,1577962743817,open,0.11,1600.0,0.066,0.168,0.115027,89.66,0.113,0.0,ETH-26JUN20-200-C,129.36,88.88,0.113,12.0,0.117,423.0,90.41,0.34845,-0.08882,0.16175,0.00454,0.3668
131.21,ETH-27MAR20,1577962743817,open,0.02,1012.0,0.008,0.043,0.022062,91.19,0.022,0.0,ETH-27MAR20-80-P,129.36,88.5,0.02,320.0,0.024,300.0,93.64,0.10217,-0.05489,-0.03398,0.0028,-0.08932
131.21,ETH-27MAR20,1577962743817,open,3.9,0.0,3.737,4.031,3.878458,115.55,None,0.0,ETH-27MAR20-640-P,129.36,0.0,0.01,50.0,0.0,0.0,0.0,0.0094,-0.0064,-1.4869,0.0002,-0.99485
135.31,SYN.ETH-25SEP20,1577962743817,open,0.14,18.0,0.094,0.193,0.141625,87.18,0.128,0.0,ETH-25SEP20-100-P,129.36,84.55,0.135,820.0,0.145,272.0,88.52,0.34094,-0.05569,-0.35596,0.00292,-0.21816
129.39,SYN.ETH-3JAN20,1577962743820,open,0.15,2.0,0.124,0.176,0.149898,120.0,0.157,0.0,ETH-3JAN20-110-C,129.36,0.0,0.148,60.0,0.154,60.0,240.15,0.00051,-0.03083,0.00263,0.00107,0.99738
135.31,SYN.ETH-25SEP20,1577962743816,open,1.46,0.0,1.347,1.572,1.454454,95.58,None,0.0,ETH-25SEP20-320-P,129.36,0.0,0.0,0.0,0.0,0.0,0.0,0.37502,-0.06716,-2.17151,0.00293,-0.74038
135.31,SYN.ETH-25SEP20,1577962743817,open,0.08,20.0,0.046,0.119,0.0801,88.24,0.081,0.0,ETH-25SEP20-80-P,129.36,86.09,0.076,820.0,0.084,290.0,90.26,0.25934,-0.04287,-0.21919,0.0022,-0.14145
135.31,SYN.ETH-25SEP20,1577962743816,open,1.19,0.0,1.076,1.288,1.178038,93.74,None,0.0,ETH-25SEP20-280-P,129.36,0.0,0.0,0.0,1.198,1.0,100.25,0.40603,-0.07131,-1.85189,0.00324,-0.69374
130.0,SYN.ETH-31JAN20,1577962743818,open,0.24,1.0,0.214,0.271,0.242815,80.47,0.245,0.0,ETH-31JAN20-100-C,129.36,48.45,0.232,37.0,0.263,36.0,113.64,0.06493,-0.09047,0.06742,0.00604,0.89838
135.31,SYN.ETH-25SEP20,1577962743817,open,1.75,0.0,1.624,1.863,1.737048,97.74,None,0.0,ETH-25SEP20-360-P,129.36,0.0,0.0,0.0,0.0,0.0,0.0,0.34765,-0.06366,-2.48463,0.00266,-0.77427
135.31,SYN.ETH-25SEP20,1577962743836,open,0.66,0.0,0.563,0.743,0.65098,89.07,None,0.0,ETH-25SEP20-200-P,129.36,0.0,0.0,0.0,0.689,1.0,100.26,0.45758,-0.07636,-1.19076,0.00384,-0.55257
130.61,SYN.ETH-28FEB20,1577962743843,open,0.28,0.0,0.226,0.332,0.277883,78.76,None,0.0,ETH-28FEB20-160-P,129.36,0.0,0.225,1.0,0.0,0.0,0.0,0.18175,-0.12584,-0.19709,0.00868,-0.69054
130.61,SYN.ETH-28FEB20,1577962743846,open,0.21,4.0,0.171,0.246,0.209151,78.53,0.211,0.0,ETH-28FEB20-110-C,129.36,74.29,0.204,48.0,0.211,1.0,80.04,0.15998,-0.11045,0.11228,0.00766,0.76083
131.21,ETH-27MAR20,1577962743934,open,0.29,1100.0,0.252,0.328,0.290339,83.99,0.303,0.0,ETH-27MAR20-100-C,129.36,63.36,0.265,43.0,0.322,43.0,107.08,0.17241,-0.08531,0.15816,0.00513,0.80871
7248.5,BTC-27MAR20,1577962744342,open,0.06,993.1,0.035,0.099,0.0617702,71.69,0.067,0.0,BTC-27MAR20-9000-C,7137.73,70.96,0.0605,25.1,0.063,0.7,72.4,12.58385,-5.31482,4.44057,0.00014,0.32522
7401.32,BTC-26JUN20,1577962744603,open,0.11,359.0,0.0685,0.1465,0.10208528,73.34,0.098,0.0,BTC-26JUN20-6000-P,7137.76,72.17,0.0995,0.7,0.1045,29.8,74.43,16.41015,-3.42141,-12.64334,8e-05,-0.25243
7175.44,SYN.BTC-31JAN20,1577962744602,open,0.17,52.5,0.1555,0.203,0.17787559,64.35,0.183,0.0,BTC-31JAN20-6000-C,7137.76,42.38,0.167,4.0,0.1965,4.0,90.17,4.49901,-5.01335,3.87034,0.00017,0.85968
133.31,ETH-26JUN20,1577962744824,open,0.09,830.0,0.049,0.144,0.09343,90.0,0.096,0.0,ETH-26JUN20-220-C,129.35,88.18,0.089,427.0,0.098,427.0,91.85,0.32749,-0.08379,0.14055,0.00425,0.31224
133.31,ETH-26JUN20,1577962744825,open,0.04,778.0,0.013,0.076,0.037446,100.03,0.032,0.0,ETH-26JUN20-360-C,129.35,97.74,0.034,790.0,0.04,440.0,101.66,0.20524,-0.05837,0.06541,0.0024,0.13928
133.31,ETH-26JUN20,1577962744825,open,0.21,695.0,0.158,0.267,0.2131,84.84,0.205,0.0,ETH-26JUN20-140-C,129.35,82.95,0.208,265.0,0.218,445.0,86.65,0.36102,-0.08707,0.23804,0.00497,0.58367
133.31,ETH-26JUN20,1577962744827,open,0.02,379.0,0.006,0.054,0.022982,106.96,0.024,0.0,ETH-26JUN20-480-C,129.35,105.12,0.021,120.0,0.025,740.0,108.74,0.14756,-0.04487,0.04165,0.00161,0.08783
129.99,SYN.ETH-31JAN20,1577962744824,open,0.02,1130.0,0.008,0.045,0.022835,73.98,0.021,0.0,ETH-31JAN20-110-P,129.35,72.85,0.022,260.0,0.024,5.0,75.53,0.09671,-0.12389,-0.0211,0.00978,-0.18233
135.31,SYN.ETH-25SEP20,1577962744824,open,0.11,1.0,0.058,0.168,0.108781,93.74,0.097,0.0,ETH-25SEP20-280-C,129.35,92.13,0.104,650.0,0.113,290.0,95.14,0.40603,-0.07131,0.19538,0.00324,0.30626
135.31,SYN.ETH-25SEP20,1577962744824,open,0.42,0.0,0.339,0.495,0.415962,87.18,None,0.0,ETH-25SEP20-160-P,129.35,19.78,0.198,1.0,0.446,1.0,96.12,0.45657,-0.07457,-0.84806,0.00391,-0.44121
130.6,SYN.ETH-28FEB20,1577962744824,open,0.04,3.0,0.017,0.073,0.041558,80.92,0.043,0.0,ETH-28FEB20-170-C,129.35,78.87,0.039,192.0,0.044,1120.0,82.84,0.16479,-0.11722,0.04299,0.00766,0.25279
135.31,SYN.ETH-25SEP20,1577962744823,open,0.28,20.0,0.216,0.338,0.278652,87.18,0.292,0.0,ETH-25SEP20-140-C,129.35,85.74,0.274,522.0,0.289,160.0,90.38,0.43756,-0.07147,0.34582,0.00375,0.62818
129.53,SYN.ETH-10JAN20,1577962744824,open,0.03,809.0,0.011,0.062,0.034865,62.44,0.037,0.0,ETH-10JAN20-130-C,129.35,59.26,0.033,180.0,0.037,670.0,66.08,0.07591,-0.3009,0.01307,0.03358,0.5026
135.31,SYN.ETH-25SEP20,1577962744823,open,0.32,1.0,0.243,0.385,0.31328,87.18,0.293,0.0,ETH-25SEP20-140-P,129.35,84.31,0.304,471.0,0.317,160.0,88.33,0.43756,-0.07147,-0.67782,0.00375,-0.37182
130.6,SYN.ETH-28FEB20,1577962744824,open,0.17,0.0,0.118,0.212,0.163987,76.76,None,0.0,ETH-28FEB20-140-P,129.35,75.5,0.162,650.0,0.169,144.0,79.95,0.20505,-0.13837,-0.14144,0.01005,-0.53104
7401.32,BTC-26JUN20,1577962745100,open,0.17,241.3,0.131,0.226,0.17388403,74.39,0.173,0.0,BTC-26JUN20-8000-C,7137.76,73.89,0.1725,0.7,0.176,4.9,75.16,20.3781,-4.30961,13.15784,0.0001,0.54283
129.53,SYN.ETH-10JAN20,1577962745209,open,0.15,0.0,0.126,0.184,0.155469,83.26,None,0.0,ETH-10JAN20-110-C,129.35,0.0,0.15,1.0,0.173,31.0,138.19,0.02859,-0.15112,0.02133,0.00948,0.91887
129.53,SYN.ETH-10JAN20,1577962745209,open,0.1,285.0,0.057,0.128,0.09134,62.26,0.092,0.0,ETH-10JAN20-140-P,129.35,54.13,0.088,650.0,0.098,650.0,77.06,0.05494,-0.21719,-0.02461,0.02437,-0.7893
129.53,SYN.ETH-10JAN20,1577962745209,open,0.0,365.0,0.001,0.012,0.00201,99.84,0.002,0.0,ETH-10JAN20-100-P,129.35,88.59,0.001,735.0,0.003,26.0,107.98,0.01403,-0.0889,-0.00098,0.00388,-0.03305
129.53,SYN.ETH-10JAN20,1577962745209,open,0.08,102.0,0.054,0.115,0.085437,67.12,0.102,0.0,ETH-10JAN20-120-C,129.35,0.0,0.062,34.0,0.109,34.0,116.7,0.05403,-0.23026,0.01984,0.02224,0.79518
129.53,SYN.ETH-10JAN20,1577962745209,open,0.0,353.0,0.001,0.011,0.001469,76.67,0.002,0.0,ETH-10JAN20-160-C,129.35,71.96,0.001,684.0,0.002,20.0,80.96,0.0145,-0.07058,0.00092,0.00522,0.03442
129.53,SYN.ETH-10JAN20,1577962745209,open,0.03,809.0,0.011,0.062,0.034829,62.44,0.037,0.0,ETH-10JAN20-130-C,129.35,57.55,0.032,650.0,0.037,670.0,66.08,0.07591,-0.3009,0.01307,0.03358,0.5026
129.53,SYN.ETH-10JAN20,1577962745209,open,0.01,80.0,0.001,0.018,0.004682,82.97,0.004,0.0,ETH-10JAN20-110-P,129.35,79.77,0.004,1247.0,0.006,1.0,88.66,0.02841,-0.14962,-0.00238,0.00946,-0.08044
129.53,SYN.ETH-10JAN20,1577962745209,open,0.01,1646.0,0.001,0.029,0.010523,62.46,0.011,0.0,ETH-10JAN20-140-C,129.35,61.18,0.01,50.0,0.011,88.0,63.54,0.05507,-0.21837,0.00562,0.02435,0.21151
131.21,ETH-27MAR20,1577962745209,open,0.24,0.0,0.198,0.282,0.24137,83.7,None,0.0,ETH-27MAR20-110-C,129.35,64.5,0.212,44.0,0.274,44.0,104.2,0.20585,-0.1015,0.15166,0.00614,0.73848
129.53,SYN.ETH-10JAN20,1577962745209,open,0.0,2364.0,0.001,0.016,0.003918,70.46,0.004,0.0,ETH-10JAN20-150-C,129.35,66.18,0.003,651.0,0.005,315.0,74.85,0.02987,-0.1336,0.00229,0.01171,0.086
131.2,ETH-27MAR20,1577962745209,open,0.05,1620.0,0.026,0.085,0.052436,83.95,0.046,0.0,ETH-27MAR20-100-P,129.35,82.08,0.05,607.0,0.055,200.0,85.89,0.17239,-0.08525,-0.07435,0.00513,-0.19127
131.2,ETH-27MAR20,1577962745209,open,0.31,4564.0,0.251,0.371,0.309932,84.8,0.375,0.0,ETH-27MAR20-160-P,129.35,74.97,0.292,327.0,0.351,27.0,106.6,0.24264,-0.12121,-0.28084,0.00715,-0.6106
131.2,ETH-27MAR20,1577962745209,open,0.11,1687.0,0.07,0.156,0.111553,82.21,0.11,0.0,ETH-27MAR20-120-P,129.35,79.66,0.107,1230.0,0.115,650.0,84.21,0.23077,-0.11177,-0.13653,0.00701,-0.33604
131.21,ETH-27MAR20,1577962745209,open,0.08,130.0,0.045,0.119,0.079721,83.66,0.085,0.0,ETH-27MAR20-110-P,129.35,81.3,0.076,594.0,0.083,274.0,85.76,0.20584,-0.10144,-0.1041,0.00615,-0.26149
131.21,ETH-27MAR20,1577962745209,open,0.0,1747.0,0.001,0.017,0.004645,120.0,0.005,0.0,ETH-27MAR20-480-C,129.35,117.63,0.004,1170.0,0.006,650.0,124.34,0.03756,-0.02655,0.00635,0.00078,0.02547
131.2,ETH-27MAR20,1577962745209,open,0.02,2243.0,0.005,0.042,0.017927,101.02,0.017,0.0,ETH-27MAR20-280-C,129.35,98.57,0.016,1260.0,0.02,910.0,103.49,0.10665,-0.06346,0.02341,0.00264,0.09465
131.21,ETH-27MAR20,1577962745209,open,0.01,2.0,0.005,0.03,0.014048,97.24,0.01,0.0,ETH-27MAR20-70-P,129.35,91.47,0.011,738.0,0.016,300.0,100.65,0.07309,-0.04187,-0.02189,0.00188,-0.0577
130.6,SYN.ETH-28FEB20,1577962745209,open,0.03,336.0,0.013,0.057,0.031188,80.8,0.031,0.0,ETH-28FEB20-100-P,129.35,78.51,0.029,1203.0,0.035,260.0,84.73,0.12518,-0.08891,-0.0388,0.00583,-0.1595
129.53,SYN.ETH-10JAN20,1577962745209,open,0.04,271.0,0.013,0.069,0.038444,62.31,0.025,0.0,ETH-10JAN20-130-P,129.35,58.21,0.036,650.0,0.041,891.0,66.74,0.07591,-0.30026,-0.01498,0.03365,-0.49747
131.2,ETH-27MAR20,1577962745209,open,0.19,118.0,0.152,0.24,0.196955,82.27,0.19,0.0,ETH-27MAR20-120-C,129.35,64.05,0.165,46.0,0.232,46.0,102.2,0.23077,-0.11185,0.14248,0.00701,0.66395
130.6,SYN.ETH-28FEB20,1577962745209,open,0.12,7.0,0.083,0.161,0.122329,76.7,0.117,0.0,ETH-28FEB20-130-C,129.35,73.89,0.118,476.0,0.125,870.0,78.4,0.20284,-0.13677,0.09031,0.00995,0.56615
131.2,ETH-27MAR20,1577962745209,open,0.2,647.0,0.147,0.253,0.198854,82.59,0.194,0.0,ETH-27MAR20-140-P,129.35,79.57,0.193,650.0,0.203,650.0,84.77,0.25224,-0.12272,-0.2088,0.00763,-0.48559
130.6,SYN.ETH-28FEB20,1577962745209,open,0.16,0.0,0.121,0.2,0.16127,77.28,None,0.0,ETH-28FEB20-120-C,129.35,74.28,0.157,240.0,0.164,240.0,79.16,0.18751,-0.12739,0.10279,0.00913,0.6664
131.21,ETH-27MAR20,1577962745209,open,0.15,21.0,0.105,0.202,0.151905,82.23,0.157,0.0,ETH-27MAR20-130-P,129.35,79.64,0.147,1201.0,0.156,650.0,84.43,0.2463,-0.1193,-0.17213,0.00748,-0.4123
130.6,SYN.ETH-28FEB20,1577962745210,open,0.02,725.0,0.006,0.038,0.018563,84.96,0.017,0.0,ETH-28FEB20-90-P,129.35,82.7,0.017,1210.0,0.02,50.0,87.01,0.09091,-0.0679,-0.02426,0.00403,-0.10066
129.99,SYN.ETH-31JAN20,1577962745210,open,0.08,96.0,0.047,0.111,0.078167,69.84,0.079,0.0,ETH-31JAN20-130-C,129.35,63.39,0.071,650.0,0.08,650.0,71.45,0.14516,-0.17555,0.04738,0.01555,0.53895
129.98,SYN.ETH-31JAN20,1577962745210,open,0.01,4142.0,0.003,0.028,0.012059,80.45,0.012,0.0,ETH-31JAN20-100-P,129.35,78.29,0.011,910.0,0.013,1.0,82.31,0.06496,-0.09049,-0.0117,0.00604,-0.1017
129.38,SYN.ETH-3JAN20,1577962745210,open,0.07,976.0,0.044,0.106,0.074934,117.79,0.07,0.0,ETH-3JAN20-120-C,129.35,0.0,0.059,28.0,0.075,80.0,117.81,0.0104,-0.61224,0.00259,0.02198,0.90877
131.2,ETH-27MAR20,1577962745209,open,0.03,1242.0,0.012,0.065,0.033834,91.83,0.032,0.0,ETH-27MAR20-220-C,129.35,91.15,0.033,298.0,0.035,3.0,92.77,0.16137,-0.0873,0.04219,0.00439,0.17212
130.6,SYN.ETH-28FEB20,1577962745209,open,0.08,56.0,0.046,0.118,0.080108,77.23,0.075,0.0,ETH-28FEB20-120-P,129.35,75.09,0.077,890.0,0.083,504.0,79.27,0.1875,-0.12731,-0.08418,0.00913,-0.33357
130.6,SYN.ETH-28FEB20,1577962745209,open,0.05,34.0,0.025,0.083,0.051377,78.51,0.047,0.0,ETH-28FEB20-110-P,129.35,76.59,0.049,910.0,0.054,281.0,80.67,0.15998,-0.11042,-0.05913,0.00767,-0.23922
130.6,SYN.ETH-28FEB20,1577962745210,open,0.17,0.0,0.118,0.212,0.16404,76.76,None,0.0,ETH-28FEB20-140-P,129.35,75.5,0.162,650.0,0.17,650.0,80.59,0.20505,-0.13837,-0.14144,0.01005,-0.53104
130.6,SYN.ETH-28FEB20,1577962745210,open,0.03,461.0,0.012,0.062,0.032857,82.83,0.034,0.0,ETH-28FEB20-180-C,129.35,80.25,0.03,830.0,0.035,475.0,84.7,0.14723,-0.10721,0.03539,0.00669,0.20678
130.6,SYN.ETH-28FEB20,1577962745210,open,0.12,462.0,0.077,0.161,0.117737,76.65,0.123,0.0,ETH-28FEB20-130-P,129.35,74.92,0.115,650.0,0.122,235.0,79.43,0.20284,-0.13668,-0.11225,0.00996,-0.43388
129.99,SYN.ETH-31JAN20,1577962745210,open,0.0,825.0,0.001,0.011,0.001983,100.17,0.001,0.0,ETH-31JAN20-240-C,129.35,91.55,0.001,1052.0,0.004,746.0,111.33,0.01837,-0.03187,0.00195,0.00137,0.0209
129.99,SYN.ETH-31JAN20,1577962745210,open,0.05,1529.0,0.02,0.074,0.044469,71.36,0.045,0.0,ETH-31JAN20-120-P,129.35,66.86,0.04,650.0,0.047,926.0,73.94,0.1288,-0.15916,-0.03635,0.0135,-0.30898
129.37,SYN.ETH-3JAN20,1577962745210,open,0.02,1198.0,0.001,0.044,0.01556,66.25,0.015,0.0,ETH-3JAN20-130-P,129.35,58.18,0.014,650.0,0.034,40.0,160.86,0.02505,-0.82991,-0.00177,0.09419,-0.55318
130.6,SYN.ETH-28FEB20,1577962745209,open,0.21,4.0,0.171,0.246,0.209109,78.57,0.211,0.0,ETH-28FEB20-110-C,129.35,51.11,0.178,41.0,0.211,1.0,80.07,0.16001,-0.11052,0.11224,0.00766,0.7607
129.37,SYN.ETH-3JAN20,1577962745210,open,0.0,1888.0,0.001,0.02,0.002441,116.89,0.002,0.0,ETH-3JAN20-120-P,129.35,111.09,0.002,333.0,0.003,300.0,123.6,0.01028,-0.31581,-0.00029,0.0219,-0.08985
130.6,SYN.ETH-28FEB20,1577962745210,open,0.07,73.0,0.037,0.106,0.069916,77.88,0.072,0.0,ETH-28FEB20-150-C,129.35,75.93,0.067,275.0,0.073,1145.0,79.91,0.19681,-0.13475,0.06378,0.00951,0.38333
129.37,SYN.ETH-3JAN20,1577962745210,open,0.01,2765.0,0.001,0.036,0.010761,66.65,0.014,0.0,ETH-3JAN20-130-C,129.35,57.54,0.009,651.0,0.015,100.0,88.47,0.02506,-0.83505,0.00135,0.09363,0.44721
129.99,SYN.ETH-31JAN20,1577962745210,open,0.0,1986.0,0.001,0.012,0.002975,94.0,0.002,0.0,ETH-31JAN20-220-C,129.35,88.48,0.002,1170.0,0.005,650.0,102.55,0.02596,-0.04225,0.00294,0.00207,0.03158
130.6,SYN.ETH-28FEB20,1577962745210,open,0.02,29.0,0.006,0.045,0.020896,86.11,0.02,0.0,ETH-28FEB20-200-C,129.35,83.89,0.019,830.0,0.022,5.0,87.35,0.11431,-0.08654,0.02408,0.00499,0.13923
129.98,SYN.ETH-31JAN20,1577962745210,open,0.02,1570.0,0.006,0.041,0.019823,74.78,0.02,0.0,ETH-31JAN20-160-C,129.35,70.97,0.017,240.0,0.021,948.0,76.31,0.09878,-0.12791,0.01736,0.00988,0.18868
129.99,SYN.ETH-31JAN20,1577962745210,open,0.12,350.0,0.087,0.154,0.121317,71.43,0.125,0.0,ETH-31JAN20-120-C,129.35,36.32,0.089,40.0,0.126,55.0,76.09,0.12882,-0.15934,0.05857,0.01349,0.69091
130.6,SYN.ETH-28FEB20,1577962745210,open,0.09,55.0,0.056,0.13,0.092062,76.81,0.095,0.0,ETH-28FEB20-140-C,129.35,74.84,0.089,266.0,0.095,870.0,78.67,0.20505,-0.13847,0.07672,0.01004,0.46907
129.99,SYN.ETH-31JAN20,1577962745210,open,0.01,108.0,0.001,0.019,0.007028,90.57,0.006,0.0,ETH-31JAN20-90-P,129.35,87.32,0.006,650.0,0.008,561.0,93.47,0.0425,-0.06665,-0.0067,0.00351,-0.05815
129.99,SYN.ETH-31JAN20,1577962745210,open,0.01,273.0,0.003,0.032,0.013405,78.08,0.016,0.0,ETH-31JAN20-170-C,129.35,73.92,0.011,240.0,0.015,1190.0,80.64,0.07859,-0.10626,0.0123,0.00753,0.13305
130.6,SYN.ETH-28FEB20,1577962745210,open,0.04,3.0,0.017,0.073,0.041542,80.92,0.043,0.0,ETH-28FEB20-170-C,129.35,78.06,0.038,830.0,0.044,1120.0,82.84,0.16479,-0.11722,0.04299,0.00766,0.25279
129.99,SYN.ETH-31JAN20,1577962745210,open,0.17,0.0,0.144,0.208,0.176628,74.06,None,0.0,ETH-31JAN20-110-C,129.35,37.08,0.156,37.0,0.201,37.0,103.9,0.09679,-0.12413,0.06589,0.00978,0.81745
129.98,SYN.ETH-31JAN20,1577962745210,open,0.01,1864.0,0.001,0.025,0.009427,81.53,0.009,0.0,ETH-31JAN20-180-C,129.35,76.09,0.007,870.0,0.011,1170.0,84.69,0.06223,-0.08785,0.00889,0.00571,0.09592
129.37,SYN.ETH-3JAN20,1577962745210,open,0.15,2.0,0.124,0.176,0.149832,131.53,0.157,0.0,ETH-3JAN20-110-C,129.35,0.0,0.139,29.0,0.163,29.0,338.81,0.00098,-0.06444,0.00262,0.00186,0.99461
130.6,SYN.ETH-28FEB20,1577962745210,open,0.01,522.0,0.002,0.026,0.011042,91.04,0.01,0.0,ETH-28FEB20-80-P,129.35,88.82,0.01,910.0,0.012,100.0,93.01,0.06249,-0.05001,-0.01473,0.00258,-0.06135
130.6,SYN.ETH-28FEB20,1577962745210,open,0.03,198.0,0.009,0.052,0.026164,84.59,0.025,0.0,ETH-28FEB20-190-C,129.35,82.37,0.024,650.0,0.028,479.0,86.39,0.13026,-0.09686,0.02919,0.00579,0.16959
129.99,SYN.ETH-31JAN20,1577962745210,open,0.08,5.0,0.046,0.115,0.078248,69.77,0.083,0.0,ETH-31JAN20-130-P,129.35,66.9,0.075,260.0,0.082,1148.0,73.17,0.14517,-0.17538,-0.05546,0.01556,-0.46108
129.99,SYN.ETH-31JAN20,1577962745210,open,0.05,2322.0,0.023,0.078,0.049031,70.4,0.047,0.0,ETH-31JAN20-140-C,129.35,67.56,0.046,240.0,0.051,650.0,72.19,0.14042,-0.17117,0.03521,0.01492,0.3914
129.38,SYN.ETH-3JAN20,1577962745210,open,0.09,136.0,0.051,0.117,0.082568,82.18,0.05,0.0,ETH-3JAN20-140-P,129.35,0.0,0.065,23.0,0.088,106.0,153.37,0.00385,-0.15829,-0.00328,0.01167,-0.9738
129.98,SYN.ETH-31JAN20,1577962745210,open,0.0,1514.0,0.001,0.016,0.004978,87.77,0.004,0.0,ETH-31JAN20-200-C,129.35,84.32,0.004,520.0,0.007,870.0,93.85,0.03913,-0.05947,0.00487,0.00334,0.05238
129.98,SYN.ETH-31JAN20,1577962745210,open,0.13,425.0,0.087,0.167,0.126042,70.32,0.125,0.0,ETH-31JAN20-140-P,129.35,66.57,0.122,240.0,0.129,650.0,73.05,0.14038,-0.17093,-0.07558,0.01494,-0.60895
130.6,SYN.ETH-28FEB20,1577962745210,open,0.05,12.0,0.025,0.086,0.05284,78.77,0.055,0.0,ETH-28FEB20-160-C,129.35,76.71,0.05,180.0,0.055,351.0,80.3,0.18173,-0.12585,0.05221,0.00868,0.30942
131.21,ETH-27MAR20,1577962745220,open,0.01,2.0,0.005,0.03,0.014048,97.24,0.01,0.0,ETH-27MAR20-70-P,129.35,91.47,0.011,1038.0,0.016,300.0,100.65,0.07309,-0.04187,-0.02189,0.00188,-0.0577
130.6,SYN.ETH-28FEB20,1577962745233,open,0.03,336.0,0.013,0.057,0.031188,80.8,0.031,0.0,ETH-28FEB20-100-P,129.35,78.51,0.029,1203.0,0.034,293.0,83.71,0.12518,-0.08891,-0.0388,0.00583,-0.1595
129.99,SYN.ETH-31JAN20,1577962745239,open,0.08,96.0,0.047,0.111,0.078167,69.84,0.079,0.0,ETH-31JAN20-130-C,129.35,64.29,0.072,254.0,0.08,650.0,71.45,0.14516,-0.17555,0.04738,0.01555,0.53895
129.98,SYN.ETH-31JAN20,1577962745241,open,0.0,825.0,0.001,0.011,0.001983,100.17,0.001,0.0,ETH-31JAN20-240-C,129.35,91.56,0.001,1052.0,0.004,1046.0,111.34,0.01836,-0.03185,0.00194,0.00137,0.02088
129.98,SYN.ETH-31JAN20,1577962745253,open,0.05,1529.0,0.02,0.074,0.044469,71.36,0.045,0.0,ETH-31JAN20-120-P,129.35,67.85,0.041,272.0,0.047,926.0,73.91,0.12882,-0.15918,-0.03636,0.01351,-0.30912
129.98,SYN.ETH-31JAN20,1577962745255,open,0.05,1529.0,0.02,0.074,0.044469,71.36,0.045,0.0,ETH-31JAN20-120-P,129.35,67.85,0.041,272.0,0.047,654.0,73.91,0.12882,-0.15918,-0.03636,0.01351,-0.30912
129.37,SYN.ETH-3JAN20,1577962745256,open,0.02,1198.0,0.001,0.044,0.01556,66.25,0.015,0.0,ETH-3JAN20-130-P,129.35,58.18,0.014,650.0,0.023,230.0,104.51,0.02505,-0.82991,-0.00177,0.09419,-0.55318
129.37,SYN.ETH-3JAN20,1577962745258,open,0.01,2765.0,0.001,0.036,0.010761,66.65,0.014,0.0,ETH-3JAN20-130-C,129.35,57.54,0.009,651.0,0.014,256.0,83.33,0.02506,-0.83505,0.00135,0.09363,0.44721
129.98,SYN.ETH-31JAN20,1577962745260,open,0.0,1986.0,0.001,0.012,0.002975,94.0,0.002,0.0,ETH-31JAN20-220-C,129.35,88.49,0.002,1170.0,0.005,950.0,102.57,0.02594,-0.04223,0.00294,0.00207,0.03156
129.98,SYN.ETH-31JAN20,1577962745261,open,0.02,1570.0,0.006,0.041,0.019823,74.78,0.02,0.0,ETH-31JAN20-160-C,129.35,70.97,0.017,536.0,0.021,948.0,76.31,0.09878,-0.12791,0.01736,0.00988,0.18868
129.37,SYN.ETH-3JAN20,1577962745261,open,0.15,2.0,0.124,0.176,0.149832,131.53,0.157,0.0,ETH-3JAN20-110-C,129.35,0.0,0.147,60.0,0.163,29.0,338.81,0.00098,-0.06444,0.00262,0.00186,0.99461
129.99,SYN.ETH-31JAN20,1577962745263,open,0.01,273.0,0.003,0.032,0.013405,78.08,0.016,0.0,ETH-31JAN20-170-C,129.35,73.92,0.011,540.0,0.015,1190.0,80.64,0.07859,-0.10626,0.0123,0.00753,0.13305
129.37,SYN.ETH-3JAN20,1577962745263,open,0.15,2.0,0.124,0.176,0.149832,131.53,0.157,0.0,ETH-3JAN20-110-C,129.35,0.0,0.147,60.0,0.153,60.0,226.76,0.00098,-0.06444,0.00262,0.00186,0.99461
130.6,SYN.ETH-28FEB20,1577962745264,open,0.04,3.0,0.017,0.073,0.041542,80.92,0.043,0.0,ETH-28FEB20-170-C,129.35,78.06,0.038,1120.0,0.044,1120.0,82.84,0.16479,-0.11722,0.04299,0.00766,0.25279
129.98,SYN.ETH-31JAN20,1577962745266,open,0.01,1864.0,0.001,0.025,0.009427,81.53,0.009,0.0,ETH-31JAN20-180-C,129.35,76.09,0.007,1170.0,0.011,1170.0,84.69,0.06223,-0.08785,0.00889,0.00571,0.09592
130.6,SYN.ETH-28FEB20,1577962745266,open,0.08,56.0,0.046,0.118,0.080108,77.23,0.075,0.0,ETH-28FEB20-120-P,129.35,75.09,0.077,1082.0,0.083,504.0,79.27,0.1875,-0.12731,-0.08418,0.00913,-0.33357
129.98,SYN.ETH-31JAN20,1577962745267,open,0.05,2322.0,0.023,0.078,0.049031,70.4,0.047,0.0,ETH-31JAN20-140-C,129.35,67.58,0.046,511.0,0.051,650.0,72.22,0.1404,-0.17114,0.03519,0.01492,0.39125
129.99,SYN.ETH-31JAN20,1577962745267,open,0.02,1130.0,0.008,0.045,0.022851,73.98,0.021,0.0,ETH-31JAN20-110-P,129.35,72.85,0.022,452.0,0.024,5.0,75.53,0.09671,-0.12389,-0.0211,0.00978,-0.18233
129.98,SYN.ETH-31JAN20,1577962745269,open,0.0,1514.0,0.001,0.016,0.004978,87.77,0.004,0.0,ETH-31JAN20-200-C,129.35,84.32,0.004,520.0,0.007,1170.0,93.85,0.03913,-0.05947,0.00487,0.00334,0.05238
130.6,SYN.ETH-28FEB20,1577962745269,open,0.03,198.0,0.009,0.052,0.026164,84.59,0.025,0.0,ETH-28FEB20-190-C,129.35,82.37,0.024,650.0,0.028,671.0,86.39,0.13026,-0.09686,0.02919,0.00579,0.16959
130.6,SYN.ETH-28FEB20,1577962745270,open,0.05,12.0,0.025,0.086,0.05284,78.77,0.055,0.0,ETH-28FEB20-160-C,129.35,76.71,0.05,463.0,0.055,351.0,80.3,0.18173,-0.12585,0.05221,0.00868,0.30942
131.2,ETH-27MAR20,1577962745285,open,0.02,1012.0,0.008,0.043,0.022079,91.21,0.022,0.0,ETH-27MAR20-80-P,129.35,88.49,0.02,560.0,0.024,300.0,93.63,0.1022,-0.05491,-0.034,0.0028,-0.08936
129.37,SYN.ETH-3JAN20,1577962745288,open,0.02,1198.0,0.001,0.044,0.01556,66.25,0.015,0.0,ETH-3JAN20-130-P,129.35,58.18,0.014,650.0,0.018,180.0,78.82,0.02505,-0.82991,-0.00177,0.09419,-0.55318
129.99,SYN.ETH-31JAN20,1577962745291,open,0.08,96.0,0.047,0.111,0.078167,69.84,0.079,0.0,ETH-31JAN20-130-C,129.35,66.97,0.075,144.0,0.08,650.0,71.45,0.14516,-0.17555,0.04738,0.01555,0.53895
129.99,SYN.ETH-31JAN20,1577962745294,open,0.08,96.0,0.047,0.111,0.078167,69.84,0.079,0.0,ETH-31JAN20-130-C,129.35,66.97,0.075,398.0,0.08,650.0,71.45,0.14516,-0.17555,0.04738,0.01555,0.53895
130.6,SYN.ETH-28FEB20,1577962745302,open,0.17,0.0,0.118,0.212,0.16404,76.76,None,0.0,ETH-28FEB20-140-P,129.35,75.5,0.162,650.0,0.17,794.0,80.59,0.20505,-0.13837,-0.14144,0.01005,-0.53104
129.99,SYN.ETH-31JAN20,1577962745303,open,0.17,0.0,0.144,0.208,0.176628,74.06,None,0.0,ETH-31JAN20-110-C,129.35,37.08,0.156,37.0,0.18,48.0,78.45,0.09679,-0.12413,0.06589,0.00978,0.81745
129.53,SYN.ETH-10JAN20,1577962745339,open,0.15,0.0,0.126,0.184,0.155469,83.26,None,0.0,ETH-10JAN20-110-C,129.35,47.66,0.151,60.0,0.173,31.0,138.19,0.02859,-0.15112,0.02133,0.00948,0.91887
129.53,SYN.ETH-10JAN20,1577962745340,open,0.15,0.0,0.126,0.184,0.155469,83.26,None,0.0,ETH-10JAN20-110-C,129.35,47.66,0.151,60.0,0.158,60.0,93.42,0.02859,-0.15112,0.02133,0.00948,0.91887
129.53,SYN.ETH-10JAN20,1577962745341,open,0.04,271.0,0.013,0.069,0.038444,62.31,0.025,0.0,ETH-10JAN20-130-P,129.35,58.21,0.036,830.0,0.041,891.0,66.74,0.07591,-0.30026,-0.01498,0.03365,-0.49747
129.98,SYN.ETH-31JAN20,1577962745357,open,0.01,1864.0,0.001,0.025,0.009427,81.53,0.009,0.0,ETH-31JAN20-180-C,129.35,78.43,0.008,240.0,0.011,1170.0,84.69,0.06223,-0.08785,0.00889,0.00571,0.09592
129.98,SYN.ETH-31JAN20,1577962745364,open,0.01,1864.0,0.001,0.025,0.009427,81.53,0.009,0.0,ETH-31JAN20-180-C,129.35,78.43,0.008,240.0,0.011,1410.0,84.69,0.06223,-0.08785,0.00889,0.00571,0.09592
130.6,SYN.ETH-28FEB20,1577962745375,open,0.02,29.0,0.006,0.045,0.020896,86.11,0.02,0.0,ETH-28FEB20-200-C,129.35,85.07,0.02,240.0,0.022,5.0,87.35,0.11431,-0.08654,0.02408,0.00499,0.13923
130.6,SYN.ETH-28FEB20,1577962745386,open,0.09,55.0,0.056,0.13,0.092062,76.81,0.095,0.0,ETH-28FEB20-140-C,129.35,74.84,0.089,410.0,0.095,870.0,78.67,0.20505,-0.13847,0.07672,0.01004,0.46907
