underlying_price,underlying_index,timestamp,state,settlement_price,open_interest,min_price,max_price,mark_price,mark_iv,last_price,interest_rate,instrument_name,index_price,bid_iv,best_bid_price,best_bid_amount,best_ask_price,best_ask_amount,ask_iv,vega,theta,rho,gamma,delta
5290.69,SYN.BTC-20MAR20,1584442739989,open,0.58,295.9,0.516,0.7095,0.6071629,217.82,0.673,0.0,BTC-20MAR20-8500-P,5306.9,0.0,0.3075,2.5,0.968,2.5,500.0,0.11689,-4.42706,-0.66606,2e-05,-0.99075
5290.69,SYN.BTC-20MAR20,1584442739991,open,1.0,0.0,0.917,1.1615,1.03199337,265.11,None,0.0,BTC-20MAR20-10750-P,5306.9,0.0,0.7325,2.5,1.393,2.5,500.0,0.02835,-1.30681,-0.84621,0.0,-0.99811
5290.69,SYN.BTC-20MAR20,1584442739993,open,0.72,15.3,0.6495,0.86,0.74857435,226.86,0.2805,0.0,BTC-20MAR20-9250-P,5306.9,0.0,0.449,2.5,1.1095,2.5,500.0,0.0525,-2.07092,-0.7273,1e-05,-0.99625
5290.69,SYN.BTC-20MAR20,1584442739995,open,0.4,151.3,0.3375,0.5105,0.41915754,193.18,0.4746,0.0,BTC-20MAR20-7500-P,5306.9,0.0,0.1255,1.0,0.78,2.5,500.0,0.28024,-9.41295,-0.58087,7e-05,-0.97437
5290.69,SYN.BTC-20MAR20,1584442739998,open,0.31,258.2,0.2485,0.4135,0.32635772,183.66,0.3812,0.0,BTC-20MAR20-7000-P,5306.9,0.0,0.1,0.1,0.687,2.5,500.0,0.49154,-15.6964,-0.53164,0.00012,-0.94906
5290.69,SYN.BTC-20MAR20,1584442739999,open,0.63,865.5,0.5605,0.7595,0.65424548,220.11,0.72,0.0,BTC-20MAR20-8750-P,5306.9,0.0,0.3545,2.5,1.015,2.5,500.0,0.08708,-3.33281,-0.68679,2e-05,-0.99338
5250.57,BTC-27MAR20,1584442740029,open,0.97,0.1,0.887,1.131,1.00188965,190.91,0.1395,0.0,BTC-27MAR20-10500-P,5306.9,0.0,0.1985,1.2,1.199,4.9,500.0,0.42147,-4.07385,-2.81527,3e-05,-0.97981
5250.57,BTC-27MAR20,1584442740054,open,0.88,647.5,0.797,1.031,0.90726083,186.43,1.2375,0.0,BTC-27MAR20-10000-P,5306.9,0.0,0.104,1.2,1.1045,4.9,500.0,0.51721,-4.88192,-2.67295,4e-05,-0.97426
5250.57,BTC-27MAR20,1584442740086,open,2.75,3.0,2.594,3.052,2.8091124,195.45,2.33,0.0,BTC-27MAR20-20000-P,5306.9,0.0,2.4665,2.9,3.279,2.1,500.0,0.00116,-0.01148,-5.4113,0.0,-0.99997
5250.57,BTC-27MAR20,1584442740089,open,3.13,5.6,2.953,3.457,3.19002183,195.47,2.888,0.0,BTC-27MAR20-22000-P,5306.9,0.0,2.7835,2.5,3.5835,2.5,500.0,0.00034,-0.00336,-5.95246,0.0,-0.99999
5250.57,BTC-27MAR20,1584442740091,open,2.38,0.0,2.2345,2.647,2.42820793,195.42,1.23,0.0,BTC-27MAR20-18000-P,5306.9,0.0,2.023,2.5,2.823,2.5,500.0,0.00406,-0.04022,-4.87005,0.0,-0.99988
5250.57,BTC-27MAR20,1584442740093,open,1.63,69.5,1.5155,1.8365,1.66669181,206.78,2.8715,0.0,BTC-27MAR20-14000-P,5306.9,0.0,1.2625,2.5,2.063,2.5,500.0,0.08682,-0.90896,-3.78365,1e-05,-0.99667
5250.57,BTC-27MAR20,1584442740094,open,1.82,2.0,1.6955,2.039,1.85707288,214.1,0.4565,0.0,BTC-27MAR20-15000-P,5306.9,0.0,1.4525,2.5,2.253,2.5,500.0,0.06747,-0.73139,-4.05527,0.0,-0.99748
5250.57,BTC-27MAR20,1584442740096,open,1.44,12.0,1.336,1.6345,1.47640889,201.53,1.485,0.0,BTC-27MAR20-13000-P,5306.9,0.0,1.0725,2.5,1.873,2.5,500.0,0.12703,-1.29607,-3.51082,1e-05,-0.9949
5250.57,BTC-27MAR20,1584442740102,open,2.0,21.1,1.875,2.2415,2.04732508,195.36,2.255,0.0,BTC-27MAR20-16000-P,5306.9,0.0,1.6425,2.5,2.443,2.5,500.0,0.01454,-0.14385,-4.32845,0.0,-0.99953
5250.3,BTC-27MAR20,1584442740103,open,1.07,251.7,0.977,1.231,1.09659726,192.24,1.07,0.0,BTC-27MAR20-11000-P,5306.9,0.0,0.693,2.5,1.4935,2.5,500.0,0.31947,-3.10932,-2.9576,2e-05,-0.9854
5250.57,BTC-27MAR20,1584442740105,open,1.25,145.6,1.1565,1.4325,1.28621161,194.71,1.367,0.0,BTC-27MAR20-12000-P,5306.9,0.0,0.8825,2.5,1.683,2.5,500.0,0.18404,-1.81435,-3.23686,1e-05,-0.99225
5250.57,BTC-27MAR20,1584442740107,open,1.16,0.1,1.0665,1.3315,1.19145571,197.01,0.6,0.0,BTC-27MAR20-11500-P,5306.9,0.0,0.7875,2.5,1.588,2.5,500.0,0.26963,-2.68945,-3.09621,2e-05,-0.98801
5250.57,BTC-27MAR20,1584442740108,open,0.79,33.1,0.7075,0.9315,0.81310923,183.7,1.108,0.0,BTC-27MAR20-9500-P,5306.9,0.0,0.41,2.5,1.21,2.5,500.0,0.6682,-6.21485,-2.52596,5e-05,-0.96495
5256.5,SYN.BTC-24APR20,1584442740122,open,0.16,176.1,0.095,0.22,0.16424138,143.11,0.165,0.0,BTC-24APR20-5500-C,5306.9,139.78,0.16,21.4,0.168,12.0,146.06,6.6964,-12.65087,2.11844,0.00016,0.55262
5250.57,BTC-27MAR20,1584442740124,open,0.03,963.6,0.002,0.0565,0.02276059,164.11,0.0225,0.0,BTC-27MAR20-7000-C,5306.9,159.91,0.021,60.8,0.024,21.4,166.99,2.23512,-18.57096,0.21783,0.00018,0.17609
5290.69,SYN.BTC-20MAR20,1584442740127,open,0.05,122.9,0.0075,0.1185,0.05809263,175.55,0.062,0.0,BTC-20MAR20-5250-P,5306.9,168.17,0.0555,26.9,0.0605,15.0,182.41,1.85832,-56.72174,-0.21149,0.00048,-0.44929
5290.69,SYN.BTC-20MAR20,1584442740126,open,0.03,233.9,0.001,0.071,0.0278909,167.64,0.0255,0.0,BTC-20MAR20-5750-C,5306.9,159.99,0.0255,40.1,0.0295,20.0,172.73,1.66552,-48.54619,0.11918,0.00045,0.31381
5269.57,BTC-26JUN20,1584442740130,open,0.2,200.8,0.1265,0.2635,0.20334633,121.22,0.2095,0.0,BTC-26JUN20-6000-C,5306.9,118.89,0.1985,37.4,0.2075,8.8,123.21,10.97903,-6.59657,4.98663,0.00012,0.54575
5290.69,SYN.BTC-20MAR20,1584442740132,open,0.03,194.6,0.002,0.0885,0.03958829,184.07,0.0455,0.0,BTC-20MAR20-5000-P,5306.9,174.48,0.0365,20.0,0.0435,43.9,196.13,1.70982,-54.72165,-0.15593,0.00042,-0.33448
5290.69,SYN.BTC-20MAR20,1584442740134,open,0.0,776.7,0.0005,0.0165,0.00160331,274.26,0.002,0.0,BTC-20MAR20-3250-P,5306.9,255.54,0.001,30.0,0.0025,23.1,295.15,0.19659,-8.48259,-0.0077,3e-05,-0.01686
5290.69,SYN.BTC-20MAR20,1584442740133,open,0.0,116.1,0.0005,0.016,0.00149232,191.64,0.001,0.0,BTC-20MAR20-7500-C,5306.9,180.77,0.001,3.9,0.002,2.1,200.65,0.27103,-7.89539,0.00964,6e-05,0.02463
5256.5,SYN.BTC-24APR20,1584442740136,open,4.25,2.0,4.0255,4.6685,4.32741801,178.66,4.2765,0.0,BTC-24APR20-28000-P,5306.9,0.0,3.9045,1.1,4.9195,0.8,500.0,0.21901,-0.51653,-29.03496,0.0,-0.99559
5256.5,SYN.BTC-24APR20,1584442740137,open,3.5,0.0,3.3075,3.861,3.56694984,173.73,None,0.0,BTC-24APR20-24000-P,5306.9,0.0,3.065,1.0,4.0645,1.0,500.0,0.3496,-0.8018,-24.8702,1e-05,-0.99253
5256.5,SYN.BTC-24APR20,1584442740139,open,2.75,0.0,2.59,3.0535,2.80686164,166.11,2.4195,0.0,BTC-24APR20-20000-P,5306.9,0.0,2.305,1.0,3.305,1.0,500.0,0.56247,-1.23341,-20.6947,1e-05,-0.98712
5269.57,BTC-26JUN20,1584442740140,open,2.02,2.9,1.8715,2.2675,2.05858217,126.98,1.776,0.0,BTC-26JUN20-16000-P,5306.9,0.0,1.5595,1.0,2.5595,1.0,398.35,4.56397,-2.87254,-43.20754,5e-05,-0.90823
5256.5,SYN.BTC-24APR20,1584442740142,open,2.0,0.0,1.8725,2.248,2.04827243,158.17,None,0.0,BTC-24APR20-16000-P,5306.9,0.0,1.547,1.0,2.5465,1.0,500.0,1.04937,-2.19116,-16.4809,2e-05,-0.97319
5269.57,BTC-26JUN20,1584442740144,open,1.65,12.5,1.518,1.8755,1.68828272,125.38,1.427,0.0,BTC-26JUN20-14000-P,5306.9,0.0,1.1895,1.0,2.1895,1.0,390.72,5.68678,-3.53422,-37.3379,6e-05,-0.8755
5256.5,SYN.BTC-24APR20,1584442740147,open,1.26,0.0,1.157,1.451,1.29586103,150.39,None,0.0,BTC-24APR20-12000-P,5306.9,0.0,0.7955,1.0,1.7955,1.0,500.0,2.32142,-4.6088,-12.13072,5e-05,-0.92807
5256.5,SYN.BTC-24APR20,1584442740149,open,1.45,0.5,1.3355,1.6505,1.48376215,155.14,0.869,0.0,BTC-24APR20-13000-P,5306.9,0.0,0.982,1.0,1.982,1.0,500.0,1.99468,-4.08521,-13.22533,4e-05,-0.94085
5269.57,BTC-26JUN20,1584442740146,open,1.29,124.0,1.1695,1.4895,1.32372377,123.81,1.2925,0.0,BTC-26JUN20-12000-P,5306.9,0.0,0.825,1.0,1.825,1.0,383.79,7.11205,-4.36448,-31.30945,7e-05,-0.82612
5290.69,SYN.BTC-20MAR20,1584442740151,open,0.02,173.1,0.0005,0.0425,0.01571314,198.42,0.0145,0.0,BTC-20MAR20-4500-P,5306.9,192.66,0.0145,51.0,0.017,20.0,204.39,1.12821,-38.92357,-0.07197,0.00026,-0.15694
5290.69,SYN.BTC-20MAR20,1584442740153,open,0.02,100.9,0.0005,0.063,0.02490532,188.82,0.026,0.0,BTC-20MAR20-4750-P,5306.9,185.48,0.024,0.2,0.0265,20.0,194.65,1.43838,-47.22341,-0.10776,0.00035,-0.23361
5269.57,BTC-26JUN20,1584442740167,open,0.33,570.6,0.2425,0.435,0.34194831,121.21,0.365,0.0,BTC-26JUN20-6000-P,5306.9,104.97,0.308,7.0,0.4,7.0,149.32,10.97905,-6.5963,-11.59565,0.00012,-0.45426
5250.57,BTC-27MAR20,1584442740179,open,0.19,1064.5,0.1165,0.28,0.19914057,162.62,0.186,0.0,BTC-27MAR20-6000-P,5306.9,110.75,0.169,8.0,0.2435,8.0,232.52,3.22342,-26.5393,-1.19561,0.00027,-0.64246
116.81,SYN.ETH-25SEP20,1584442740191,open,6.11,0.0,5.9835,6.4405,6.210389,134.75,None,0.0,ETH-25SEP20-840-P,116.99,0.0,0.0,0.0,0.0,0.0,0.0,0.10467,-0.03675,-4.38895,0.00108,-0.9371
5256.5,SYN.BTC-24APR20,1584442740198,open,0.03,25.5,0.0095,0.065,0.03419028,173.68,0.035,0.0,BTC-24APR20-3000-P,5306.9,170.66,0.0325,4.0,0.0365,43.0,177.72,2.96922,-6.80767,-0.73134,6e-05,-0.09989
5256.5,SYN.BTC-24APR20,1584442740209,open,4.25,2.0,4.0255,4.6685,4.32741801,178.66,4.2765,0.0,BTC-24APR20-28000-P,5306.9,0.0,3.9045,1.1,4.9215,0.8,500.0,0.21901,-0.51653,-29.03496,0.0,-0.99559
116.81,SYN.ETH-25SEP20,1584442740208,open,1.5,685.0,1.392,1.634,1.532548,132.06,1.372,0.0,ETH-25SEP20-280-P,116.99,0.0,0.0,0.0,0.0,0.0,0.0,0.30746,-0.10581,-1.35124,0.00325,-0.66797
5256.5,SYN.BTC-24APR20,1584442740211,open,0.33,32.3,0.246,0.4365,0.34300297,143.17,0.3525,0.0,BTC-24APR20-6500-P,5306.9,0.0,0.0005,1.0,1.0495,0.7,500.0,6.57923,-12.43515,-5.09392,0.00016,-0.59087
5256.5,SYN.BTC-24APR20,1584442740213,open,3.5,0.0,3.3075,3.861,3.56694984,173.73,None,0.0,BTC-24APR20-24000-P,5306.9,0.0,3.065,1.0,4.066,1.0,500.0,0.3496,-0.8018,-24.8702,1e-05,-0.99253
5256.5,SYN.BTC-24APR20,1584442740215,open,2.0,0.0,1.8725,2.248,2.04827243,158.17,None,0.0,BTC-24APR20-16000-P,5306.9,0.0,1.547,1.0,2.548,1.0,500.0,1.04937,-2.19116,-16.4809,2e-05,-0.97319
5256.5,SYN.BTC-24APR20,1584442740219,open,2.75,0.0,2.59,3.0535,2.80686164,166.11,2.4195,0.0,BTC-24APR20-20000-P,5306.9,0.0,2.305,1.0,3.306,1.0,500.0,0.56247,-1.23341,-20.6947,1e-05,-0.98712
116.81,SYN.ETH-25SEP20,1584442740215,open,3.77,0.0,3.6615,3.9905,3.838521,134.32,None,0.0,ETH-25SEP20-560-P,116.99,0.0,0.0,0.0,0.0,0.0,0.0,0.17994,-0.06298,-2.89079,0.00187,-0.86918
5269.57,BTC-26JUN20,1584442740217,open,2.02,2.9,1.8715,2.2675,2.05858217,126.98,1.776,0.0,BTC-26JUN20-16000-P,5306.9,0.0,1.5595,1.0,2.5605,1.0,398.89,4.56397,-2.87254,-43.20754,5e-05,-0.90823
116.81,SYN.ETH-25SEP20,1584442740257,open,1.81,112.0,1.7065,1.961,1.850413,132.08,1.3695,0.0,ETH-25SEP20-320-P,116.99,0.0,0.0,0.0,0.0,0.0,0.0,0.28663,-0.09865,-1.57645,0.00303,-0.71687
5290.69,SYN.BTC-20MAR20,1584442740259,open,0.02,282.2,0.0005,0.054,0.01754346,167.66,0.014,0.0,BTC-20MAR20-6000-C,5306.9,159.75,0.0155,16.0,0.019,42.8,173.13,1.39177,-40.57167,0.08454,0.00038,0.22035
5290.69,SYN.BTC-20MAR20,1584442740261,open,0.0,176.4,0.0005,0.017,0.00244771,191.16,0.0015,0.0,BTC-20MAR20-7250-C,5306.9,176.35,0.0015,11.5,0.0035,39.8,203.96,0.38979,-12.95005,0.0149,9e-05,0.0382
5294.13,BTC-25SEP20,1584442740269,open,0.28,173.8,0.1865,0.3355,0.27144462,111.3,0.271,0.0,BTC-25SEP20-6000-C,5306.9,108.48,0.2635,17.0,0.2795,28.0,114.18,14.84802,-4.30658,9.09077,9e-05,0.59809
116.81,SYN.ETH-25SEP20,1584442740273,open,3.11,0.0,3.0045,3.3115,3.168472,134.24,None,0.0,ETH-25SEP20-480-P,116.99,0.0,0.0,0.0,0.0,0.0,0.0,0.21204,-0.07418,-2.457,0.0022,-0.8328
116.81,SYN.ETH-25SEP20,1584442740333,open,4.43,0.0,4.3235,4.6855,4.513103,134.41,None,0.0,ETH-25SEP20-640-P,116.99,0.0,0.0,0.0,0.0,0.0,0.0,0.15312,-0.05363,-3.32138,0.00159,-0.89582
116.15,ETH-26JUN20,1584442740341,open,0.83,936.0,0.727,0.9045,0.854992,144.44,0.79,0.0,ETH-26JUN20-200-P,116.99,0.0,0.0,0.0,0.0,0.0,0.0,0.23023,-0.16483,-0.47719,0.00428,-0.63156
116.81,SYN.ETH-25SEP20,1584442740350,open,2.13,0.0,2.027,2.2935,2.17859,134.16,None,0.0,ETH-25SEP20-360-P,116.99,0.0,0.0,0.0,0.0,0.0,0.0,0.26982,-0.09433,-1.79758,0.0028,-0.7488
116.81,SYN.ETH-25SEP20,1584442740355,open,2.78,0.0,2.677,2.9695,2.835946,134.21,None,0.0,ETH-25SEP20-440-P,116.99,0.0,0.0,0.0,0.0,0.0,0.0,0.23014,-0.08049,-2.23855,0.00239,-0.80957
116.81,SYN.ETH-25SEP20,1584442740363,open,5.1,0.0,4.988,5.391,5.19062,134.52,None,0.0,ETH-25SEP20-720-P,116.99,0.0,0.0,0.0,0.0,0.0,0.0,0.13093,-0.0459,-3.74964,0.00136,-0.91574
116.81,SYN.ETH-25SEP20,1584442740580,open,5.77,0.0,5.6515,6.09,5.870106,134.66,None,0.0,ETH-25SEP20-800-P,116.99,0.0,0.0,0.0,0.0,0.0,0.0,0.1126,-0.03951,-4.17618,0.00117,-0.93089
116.15,ETH-26JUN20,1584442740593,open,4.78,0.0,4.685,5.0415,4.864322,154.94,None,0.0,ETH-26JUN20-680-P,116.99,0.0,0.0,0.0,0.0,0.0,0.0,0.05156,-0.0396,-1.86996,0.00089,-0.96099
116.15,ETH-26JUN20,1584442740708,open,2.76,0.0,2.68,2.927,2.816233,150.91,None,0.0,ETH-26JUN20-440-P,116.99,0.0,0.01,50.0,0.0,0.0,0.0,0.10707,-0.08009,-1.19297,0.0019,-0.90012
116.81,SYN.ETH-25SEP20,1584442740743,open,6.44,0.0,6.3155,6.791,6.550955,134.83,None,0.0,ETH-25SEP20-880-P,116.99,0.0,0.0,0.0,0.0,0.0,0.0,0.09746,-0.03424,-4.60144,0.00101,-0.94258
116.15,ETH-26JUN20,1584442740768,open,4.1,0.0,4.016,4.3345,4.178119,151.82,None,0.0,ETH-26JUN20-600-P,116.99,0.0,0.01,50.0,0.0,0.0,0.0,0.06159,-0.04635,-1.6466,0.00109,-0.95137
116.81,SYN.ETH-25SEP20,1584442740799,open,3.44,0.0,3.331,3.6445,3.502793,134.28,None,0.0,ETH-25SEP20-520-P,116.99,0.0,0.0,0.0,0.0,0.0,0.0,0.1953,-0.06834,-2.67436,0.00203,-0.85245
5269.6,BTC-26JUN20,1584442740875,open,0.02,619.8,0.001,0.0385,0.0157303,127.7,0.0205,0.0,BTC-26JUN20-18000-C,5306.93,125.86,0.0145,18.5,0.017,3.1,129.5,3.61934,-2.29085,0.75487,4e-05,0.06756
5250.31,BTC-27MAR20,1584442740876,open,0.2,39.3,0.123,0.2475,0.19308943,176.18,0.1995,0.0,BTC-27MAR20-4500-C,5306.93,109.5,0.161,20.0,0.215,23.5,217.17,2.73967,-24.4375,0.79227,0.00021,0.75081
5293.87,BTC-25SEP20,1584442740876,open,0.68,185.3,0.5625,0.825,0.69715456,111.7,0.83,0.0,BTC-25SEP20-8000-P,5306.93,0.0,0.043,4.5,0.0,0.0,0.0,15.2285,-4.43252,-34.4784,9e-05,-0.54178
5269.63,BTC-26JUN20,1584442740877,open,0.08,954.2,0.026,0.1205,0.07262233,122.73,0.081,0.0,BTC-26JUN20-10000-C,5306.93,120.55,0.069,44.7,0.076,5.5,124.73,8.82793,-5.37004,2.60249,9e-05,0.25132
5293.87,BTC-25SEP20,1584442740877,open,1.17,196.6,1.0295,1.356,1.19190288,112.92,1.2005,0.0,BTC-25SEP20-11000-P,5306.93,0.0,0.0,0.0,0.0,0.0,0.0,13.6208,-4.00807,-52.254,8e-05,-0.68577
5250.34,BTC-27MAR20,1584442740877,open,4.25,0.0,4.031,4.6725,4.33275436,0.0,None,0.0,BTC-27MAR20-28000-P,5306.93,0.0,0.0,0.0,0.0,0.0,0.0,0.0,0.0,-7.57588,0.0,-1.0
5269.63,BTC-26JUN20,1584442740877,open,0.12,470.6,0.0555,0.1745,0.11870226,121.76,0.13,0.0,BTC-26JUN20-8000-C,5306.93,119.64,0.1145,40.7,0.1225,6.4,123.67,10.45885,-6.31226,3.65835,0.00011,0.3699
5293.87,BTC-25SEP20,1584442740878,open,0.84,293.5,0.712,0.9975,0.8568435,112.16,0.83,0.0,BTC-25SEP20-9000-P,5306.93,0.0,0.1,1.0,0.988,0.5,157.82,14.85643,-4.34232,-40.46283,9e-05,-0.59713
5256.25,SYN.BTC-24APR20,1584442740875,open,0.07,20.2,0.0335,0.13,0.08053138,156.94,0.0795,0.0,BTC-24APR20-4000-P,5306.93,153.17,0.077,22.9,0.085,45.5,161.69,4.93242,-10.21892,-1.60584,0.00011,-0.21388
5250.34,BTC-27MAR20,1584442740878,open,3.88,0.0,3.6715,4.2675,3.95184337,0.0,None,0.0,BTC-27MAR20-26000-P,5306.93,0.0,0.001,2.0,0.0,0.0,0.0,0.0,0.0,-7.03474,0.0,-1.0
5250.34,BTC-27MAR20,1584442740878,open,4.63,0.0,4.39,5.078,4.71366538,0.0,None,0.0,BTC-27MAR20-30000-P,5306.93,0.0,0.0,0.0,0.0,0.0,0.0,0.0,0.0,-8.11701,0.0,-1.0
5296.15,SYN.BTC-19MAR20,1584442740874,open,0.0,0.0325,0.152,0.10363439,200.44,None,0.0,BTC-19MAR20-4875-C,5306.93,0.0,0.07,8.0,0.1135,8.0,241.83,1.22738,-65.58006,0.17365,0.00042,0.74167
5269.63,BTC-26JUN20,1584442740879,open,0.09,1001.8,0.0435,0.14,0.09131209,130.06,0.088,0.0,BTC-26JUN20-3500-P,5306.93,126.47,0.0865,14.0,0.097,25.9,134.26,7.10271,-4.57867,-3.85695,7e-05,-0.17352
5301.88,SYN.BTC-18MAR20,1584442740874,open,0.02,19.1,0.0005,0.085,0.03162843,186.81,0.037,0.0,BTC-18MAR20-5250-P,5306.93,175.78,0.0295,20.0,0.036,20.0,209.43,1.02393,-95.63838,-0.05988,0.00081,-0.43911
5293.87,BTC-25SEP20,1584442740880,open,1.34,245.6,1.1945,1.541,1.36526384,113.34,1.5,0.0,BTC-25SEP20-12000-P,5306.93,0.0,0.15,0.1,1.55,0.1,180.18,12.90408,-3.81105,-58.05163,8e-05,-0.72073
5293.87,BTC-25SEP20,1584442740880,open,0.53,214.4,0.423,0.6595,0.54562883,111.4,0.5665,0.0,BTC-25SEP20-7000-P,5306.93,0.0,0.02,5.0,1.1,2.0,358.29,15.2868,-4.43771,-28.45555,9e-05,-0.47688
5301.88,SYN.BTC-18MAR20,1584442740874,open,0.08,25.0,0.0075,0.123,0.0737319,204.5,0.068,0.0,BTC-18MAR20-5000-C,5306.93,0.0,0.0475,7.0,0.0825,7.0,257.52,0.84668,-86.57398,0.08442,0.00061,0.7374
5250.34,BTC-27MAR20,1584442740881,open,0.0,2778.3,0.0005,0.0155,0.00016225,195.1,0.0005,0.0,BTC-27MAR20-14000-C,5306.93,0.0,0.0,0.0,0.0015,145.5,243.31,0.05207,-0.51435,0.00246,0.0,0.00189
5269.63,BTC-26JUN20,1584442740882,open,4.24,0.0,4.013,4.664,4.31800414,133.85,None,0.0,BTC-26JUN20-28000-P,5306.93,0.0,0.0005,1.0,0.0,0.0,0.0,1.43128,-0.94954,-77.1357,1e-05,-0.97841
5293.87,BTC-25SEP20,1584442740882,open,1.0,256.8,0.868,1.1745,1.02210869,112.54,1.17,0.0,BTC-25SEP20-10000-P,5306.93,83.48,0.95,0.5,1.125,0.3,148.99,14.29138,-4.19108,-46.39082,9e-05,-0.64488
5269.63,BTC-26JUN20,1584442740885,open,0.01,528.7,0.0005,0.019,0.00415391,136.67,0.005,0.0,BTC-26JUN20-30000-C,5306.93,131.53,0.003,0.1,0.0055,21.8,141.53,1.32026,-0.89437,0.2254,1e-05,0.01963
5296.15,SYN.BTC-19MAR20,1584442740875,open,0.0,0.0095,0.1205,0.07091015,189.23,None,0.0,BTC-19MAR20-5125-C,5306.93,167.47,0.065,17.7,0.074,26.7,200.55,1.44357,-72.81803,0.14991,0.00053,0.62172
5296.15,SYN.BTC-19MAR20,1584442740877,open,5.0,0.0005,0.0525,0.01615717,179.78,0.01,0.0,BTC-19MAR20-5875-C,5306.93,169.66,0.014,20.0,0.018,35.0,188.13,1.15149,-55.18225,0.05807,0.00044,0.22952
5296.15,SYN.BTC-19MAR20,1584442740876,open,0.0,0.0115,0.139,0.07352582,178.64,None,0.0,BTC-19MAR20-5500-P,5306.93,162.32,0.069,12.8,0.08,19.8,201.79,1.47479,-70.23093,-0.18094,0.00057,-0.5913
5301.88,SYN.BTC-18MAR20,1584442740876,open,0.01,0.2,0.0005,0.034,0.00608459,184.59,0.0055,0.0,BTC-18MAR20-5875-C,5306.93,174.15,0.005,20.0,0.0075,15.0,197.18,0.57195,-32.25978,0.01676,0.00046,0.13785
5290.42,SYN.BTC-20MAR20,1584442740875,open,0.14,145.2,0.057,0.1775,0.12709392,188.91,0.1005,0.0,BTC-20MAR20-4750-C,5306.93,0.0,0.095,8.0,0.148,8.0,261.58,1.43891,-47.26317,0.26639,0.00035,0.76622
5256.25,SYN.BTC-24APR20,1584442740929,open,0.21,241.5,0.1385,0.2685,0.21151137,149.92,0.21,0.0,BTC-24APR20-5000-C,5306.93,137.14,0.196,17.1,0.2125,11.0,150.74,6.36472,-12.59655,2.30952,0.00015,0.63494
5250.34,BTC-27MAR20,1584442740935,open,0.43,1139.4,0.3515,0.543,0.4433833,166.99,0.436,0.0,BTC-27MAR20-7500-P,5306.93,66.94,0.4285,5.0,0.496,5.0,278.87,1.7562,-14.84803,-1.87593,0.00014,-0.87716
5290.42,SYN.BTC-20MAR20,1584442740977,open,0.07,119.6,0.0105,0.1185,0.06575322,175.53,0.065,0.0,BTC-20MAR20-5250-C,5306.93,160.58,0.0605,0.3,0.0665,31.5,177.66,1.8583,-56.71611,0.20208,0.00048,0.55058
5290.42,SYN.BTC-20MAR20,1584442740981,open,0.02,282.2,0.0005,0.054,0.0175484,167.72,0.014,0.0,BTC-20MAR20-6000-C,5306.93,159.79,0.0155,16.4,0.019,42.8,173.17,1.39167,-40.5829,0.08453,0.00038,0.22035
5290.42,SYN.BTC-20MAR20,1584442740982,open,0.07,235.2,0.0195,0.1485,0.08170555,165.83,0.08,0.0,BTC-20MAR20-5500-P,5306.93,158.04,0.079,0.3,0.0865,15.0,179.58,1.83975,-53.045,-0.27392,0.0005,-0.57548
5290.42,SYN.BTC-20MAR20,1584442740985,open,0.05,184.1,0.0025,0.09,0.04214335,165.98,0.048,0.0,BTC-20MAR20-5500-C,5306.93,158.37,0.0395,12.3,0.045,31.5,174.18,1.83985,-53.09638,0.15943,0.0005,0.42464
115.68,SYN.ETH-24APR20,1584442740991,open,0.26,22.0,0.187,0.3085,0.282319,159.33,0.376,0.0,ETH-24APR20-130-P,116.99,0.0,0.001,17.0,0.3855,12.0,240.51,0.1486,-0.31255,-0.09251,0.00672,-0.48832
5290.42,SYN.BTC-20MAR20,1584442740996,open,0.0,176.4,0.0005,0.017,0.00244823,191.19,0.0015,0.0,BTC-20MAR20-7250-C,5306.93,176.37,0.0015,1.1,0.0035,39.8,203.98,0.38979,-12.95216,0.0149,9e-05,0.0382
116.54,SYN.ETH-20MAR20,1584442741005,open,0.07,1700.0,0.029,0.1185,0.079537,177.35,0.098,0.0,ETH-20MAR20-120-P,116.99,0.0,0.021,21.0,0.1,1.0,235.14,0.04103,-1.26527,-0.00571,0.02162,-0.5426
5290.42,SYN.BTC-20MAR20,1584442741023,open,0.02,282.2,0.0005,0.054,0.0175484,167.72,0.014,0.0,BTC-20MAR20-6000-C,5306.93,159.79,0.0155,16.4,0.019,42.3,173.17,1.39167,-40.5829,0.08453,0.00038,0.22035
115.49,ETH-27MAR20,1584442741025,open,3.78,0.0,3.708,3.9985,3.848908,232.87,None,0.0,ETH-27MAR20-560-P,116.99,0.0,2.638,12.0,4.237,12.0,500.0,3e-05,-0.0004,-0.15152,0.0,-0.99996
115.49,ETH-27MAR20,1584442741028,open,3.44,0.0,3.3715,3.6415,3.502562,232.87,None,0.0,ETH-27MAR20-520-P,116.99,0.0,2.2925,12.0,3.8915,12.0,500.0,7e-05,-0.00083,-0.14069,1e-05,-0.99991
5256.25,SYN.BTC-24APR20,1584442741031,open,0.13,214.5,0.0675,0.187,0.13231274,143.14,0.1275,0.0,BTC-24APR20-6000-C,5306.93,139.38,0.1275,28.0,0.136,30.5,146.01,6.74414,-12.74339,1.88266,0.00016,0.47748
115.49,ETH-27MAR20,1584442741033,open,3.1,0.0,3.0355,3.2845,3.156222,232.86,None,0.0,ETH-27MAR20-480-P,116.99,0.0,1.9465,12.0,3.546,12.0,500.0,0.00015,-0.00177,-0.12987,2e-05,-0.99979
5250.34,BTC-27MAR20,1584442741036,open,0.12,816.7,0.062,0.206,0.13428781,162.56,0.138,0.0,BTC-27MAR20-5500-P,5306.93,123.11,0.1085,18.0,0.14,37.5,171.26,3.4426,-28.3328,-0.92374,0.00028,-0.51597
115.48,ETH-27MAR20,1584442741040,open,2.24,0.0,2.1955,2.3925,2.290789,0.0,None,0.0,ETH-27MAR20-380-P,116.99,0.0,1.083,12.0,2.6825,12.0,500.0,0.0,0.0,-0.10282,0.0,-1.0
5256.25,SYN.BTC-24APR20,1584442741042,open,4.25,2.0,4.0255,4.6675,4.32711094,154.69,4.2765,0.0,BTC-24APR20-28000-P,5306.93,0.0,3.906,1.1,4.9215,0.8,500.0,0.05401,-0.11029,-29.05081,0.0,-0.99906
115.49,ETH-27MAR20,1584442741044,open,1.73,981.0,1.6905,1.8565,1.771543,232.34,1.452,0.0,ETH-27MAR20-320-P,116.99,0.0,0.565,12.0,2.1645,12.0,500.0,0.00354,-0.04162,-0.0864,0.00042,-0.99335
5269.6,BTC-26JUN20,1584442741045,open,1.47,0.1,1.343,1.6815,1.50505851,124.6,1.729,0.0,BTC-26JUN20-13000-P,5306.93,0.0,1.0065,1.0,1.792,0.1,277.51,6.36136,-3.92867,-34.34759,7e-05,-0.85338
115.49,ETH-27MAR20,1584442741047,open,2.07,6.0,2.0265,2.2135,2.117435,232.67,1.8335,0.0,ETH-27MAR20-360-P,116.99,0.0,0.91,12.0,2.51,12.0,500.0,0.00159,-0.01877,-0.09733,0.00019,-0.99728
5256.25,SYN.BTC-24APR20,1584442741048,open,1.63,0.0,1.5145,1.849,1.67136391,156.31,None,0.0,BTC-24APR20-14000-P,5306.93,0.0,1.17,1.0,2.1695,1.0,500.0,1.6092,-3.32049,-14.32431,4e-05,-0.95485
115.49,ETH-27MAR20,1584442741050,open,2.76,0.0,2.699,2.9275,2.809898,232.84,2.3815,0.0,ETH-27MAR20-440-P,116.99,0.0,1.601,12.0,3.201,12.0,500.0,0.00033,-0.00385,-0.11904,4e-05,-0.99952
5269.6,BTC-26JUN20,1584442741052,open,1.12,0.5,0.9985,1.3005,1.1457236,123.58,1.05,0.0,BTC-26JUN20-11000-P,5306.93,0.0,0.6465,1.0,1.646,1.0,381.05,7.97419,-4.8845,-28.19766,8e-05,-0.79044
115.49,ETH-27MAR20,1584442741053,open,2.41,4.0,2.363,2.5705,2.463614,232.82,1.862,0.0,ETH-27MAR20-400-P,116.99,0.0,1.2555,12.0,2.8555,12.0,500.0,0.00072,-0.00847,-0.10819,9e-05,-0.99887
5256.25,SYN.BTC-24APR20,1584442741055,open,0.9,14.5,0.8045,1.062,0.92785476,146.45,0.9535,0.0,BTC-24APR20-10000-P,5306.93,0.0,0.4285,1.0,1.428,1.0,500.0,3.57774,-6.91697,-9.80732,9e-05,-0.87022
115.49,ETH-27MAR20,1584442741057,open,1.9,0.0,1.8585,2.035,1.944433,232.53,None,0.0,ETH-27MAR20-340-P,116.99,0.0,0.7375,12.0,2.3375,12.0,500.0,0.00237,-0.02795,-0.09187,0.00028,-0.99575
5256.25,SYN.BTC-24APR20,1584442741059,open,1.45,0.5,1.3355,1.6505,1.48362022,154.45,0.869,0.0,BTC-24APR20-13000-P,5306.93,0.0,0.9825,1.0,1.982,1.0,500.0,1.96583,-4.00827,-13.22983,4e-05,-0.94193
5269.63,BTC-26JUN20,1584442741062,open,1.65,12.5,1.518,1.8755,1.68840569,125.53,1.427,0.0,BTC-26JUN20-14000-P,5306.93,0.0,1.1895,1.0,2.19,1.0,391.01,5.70029,-3.54659,-37.33398,6e-05,-0.87508
116.55,SYN.ETH-20MAR20,1584442741064,open,0.28,138.0,0.25,0.3355,0.293536,196.81,0.2,0.0,ETH-20MAR20-150-P,116.99,0.0,0.0005,19.0,0.7,12.0,500.0,0.01644,-0.56254,-0.01108,0.0078,-0.91259
5256.25,SYN.BTC-24APR20,1584442741065,open,1.08,0.1,0.98,1.256,1.11099694,149.02,0.93,0.0,BTC-24APR20-11000-P,5306.93,0.0,0.6105,1.0,1.6105,1.0,500.0,2.90773,-5.72004,-10.98463,7e-05,-0.90292
115.48,ETH-27MAR20,1584442741067,open,1.22,7.0,1.1865,1.321,1.253487,213.15,1.163,0.0,ETH-27MAR20-260-P,116.99,0.0,0.048,12.0,1.648,12.0,500.0,0.00768,-0.08293,-0.0699,0.001,-0.9838
5269.63,BTC-26JUN20,1584442741069,open,0.95,678.9,0.8305,1.114,0.97022231,122.69,1.3,0.0,BTC-26JUN20-10000-P,5306.93,0.0,0.471,1.0,1.3,0.1,286.65,8.82541,-5.36677,-25.03569,9e-05,-0.74882
115.48,ETH-27MAR20,1584442741072,open,1.56,0.0,1.5225,1.678,1.599067,226.86,None,0.0,ETH-27MAR20-300-P,116.99,0.0,0.3925,12.0,1.9925,12.0,500.0,0.00455,-0.05227,-0.08092,0.00056,-0.99115
5256.25,SYN.BTC-24APR20,1584442741073,open,1.26,0.0,1.157,1.451,1.29573022,149.85,None,0.0,BTC-24APR20-12000-P,5306.93,0.0,0.7955,1.0,1.796,1.0,500.0,2.29715,-4.54418,-12.13473,5e-05,-0.92905
115.49,ETH-27MAR20,1584442741075,open,0.25,2001.0,0.185,0.2815,0.263589,181.76,0.377,0.0,ETH-27MAR20-140-P,116.99,0.0,0.1,16.0,0.5,10.0,500.0,0.06707,-0.61723,-0.02978,0.01023,-0.68943
5269.63,BTC-26JUN20,1584442741077,open,0.78,626.3,0.668,0.933,0.80033334,122.29,0.912,0.0,BTC-26JUN20-9000-P,5306.93,0.0,0.301,1.0,1.301,1.0,380.48,9.69854,-5.87876,-21.78308,0.0001,-0.69537
5290.42,SYN.BTC-20MAR20,1584442741081,open,0.1,128.6,0.027,0.146,0.09451886,184.12,0.0995,0.0,BTC-20MAR20-5000-C,5306.93,70.59,0.061,17.0,0.1025,9.0,208.65,1.71001,-54.74244,0.23794,0.00042,0.66538
5269.6,BTC-26JUN20,1584442741081,open,1.29,124.0,1.1695,1.4895,1.32382722,123.9,1.2925,0.0,BTC-26JUN20-12000-P,5306.93,0.0,0.825,1.0,1.8255,1.0,384.08,7.11949,-4.37207,-31.30699,7e-05,-0.82583
115.68,SYN.ETH-24APR20,1584442741079,open,0.26,22.0,0.187,0.3085,0.282319,159.33,0.376,0.0,ETH-24APR20-130-P,116.99,0.0,0.001,17.0,0.386,12.0,240.91,0.1486,-0.31255,-0.09251,0.00672,-0.48832
115.69,SYN.ETH-24APR20,1584442741083,open,1.57,0.0,1.518,1.6825,1.606609,168.45,None,0.0,ETH-24APR20-300-P,116.99,0.0,0.111,12.0,2.1105,12.0,500.0,0.04939,-0.10982,-0.30467,0.00211,-0.93119
5256.25,SYN.BTC-24APR20,1584442741085,open,0.55,486.0,0.467,0.689,0.5770063,143.06,0.6628,0.0,BTC-24APR20-8000-P,5306.93,0.0,0.0775,1.0,1.0775,1.0,500.0,5.35689,-10.11673,-7.24924,0.00013,-0.75207
115.68,SYN.ETH-24APR20,1584442741087,open,2.75,0.0,2.693,2.922,2.806995,177.84,None,0.0,ETH-24APR20-440-P,116.99,0.0,1.314,12.0,3.314,12.0,500.0,0.01835,-0.04308,-0.45457,0.00074,-0.9796
5269.63,BTC-26JUN20,1584442741089,open,0.61,381.1,0.513,0.7575,0.63678778,121.74,0.729,0.0,BTC-26JUN20-8000-P,5306.93,0.0,0.138,1.0,1.05,1.0,330.33,10.45819,-6.31062,-18.45175,0.00011,-0.63018
115.68,SYN.ETH-24APR20,1584442741090,open,2.07,0.0,2.0215,2.2115,2.119757,175.01,None,0.0,ETH-24APR20-360-P,116.99,0.0,0.6245,12.0,2.6245,12.0,500.0,0.03319,-0.07668,-0.36951,0.00137,-0.95834
5256.25,SYN.BTC-24APR20,1584442741094,open,0.47,216.2,0.389,0.602,0.495394,143.07,0.5588,0.0,BTC-24APR20-7500-P,5306.93,0.0,0.011,1.0,0.9955,1.0,500.0,5.83567,-11.02176,-6.55123,0.00014,-0.70571
115.68,SYN.ETH-24APR20,1584442741097,open,2.41,0.0,2.357,2.5665,2.462618,175.18,None,0.0,ETH-24APR20-400-P,116.99,0.0,0.969,12.0,2.969,12.0,500.0,0.0237,-0.05481,-0.41235,0.00097,-0.97234
5256.25,SYN.BTC-24APR20,1584442741100,open,0.4,1123.2,0.315,0.5175,0.41711546,143.08,0.517,0.0,BTC-24APR20-7000-P,5306.93,0.0,0.0005,1.0,0.9165,1.0,500.0,6.25747,-11.81914,-5.83216,0.00015,-0.65215
115.68,SYN.ETH-24APR20,1584442741102,open,1.74,0.0,1.686,1.8585,1.778894,174.91,None,0.0,ETH-24APR20-320-P,116.99,0.0,0.2815,12.0,2.2815,12.0,500.0,0.04654,-0.10745,-0.32594,0.00192,-0.93626
5256.25,SYN.BTC-24APR20,1584442741104,open,0.72,220.8,0.6325,0.872,0.74892646,144.41,0.8785,0.0,BTC-24APR20-9000-P,5306.93,0.0,0.25,1.0,1.25,1.0,500.0,4.40994,-8.40712,-8.56905,0.00011,-0.82212
5256.25,SYN.BTC-24APR20,1584442741106,open,3.5,0.0,3.308,3.86,3.56668665,164.97,None,0.0,BTC-24APR20-24000-P,5306.93,0.0,3.0655,1.0,4.066,1.0,500.0,0.2348,-0.51134,-24.88231,0.0,-0.99523
5269.63,BTC-26JUN20,1584442741108,open,2.02,2.9,1.8715,2.268,2.05872902,127.19,1.776,0.0,BTC-26JUN20-16000-P,5306.93,0.0,1.56,1.0,2.5605,1.0,398.91,4.58398,-2.88987,-43.20227,5e-05,-0.90769
5256.25,SYN.BTC-24APR20,1584442741110,open,2.75,0.0,2.59,3.0525,2.80664239,162.05,2.4195,0.0,BTC-24APR20-20000-P,5306.93,0.0,2.3055,1.0,3.306,1.0,500.0,0.48087,-1.02871,-20.70411,1e-05,-0.98924
5256.25,SYN.BTC-24APR20,1584442741111,open,2.0,0.0,1.8725,2.2475,2.04809735,156.53,None,0.0,BTC-24APR20-16000-P,5306.93,0.0,1.5475,1.0,2.548,1.0,500.0,0.9981,-2.06239,-16.48765,2e-05,-0.97474
5290.42,SYN.BTC-20MAR20,1584442741113,open,0.82,0.0,0.739,0.9605,0.8429069,0.0,None,0.0,BTC-20MAR20-9750-P,5306.93,0.0,0.244,1.2,1.024,4.9,500.0,0.0,0.0,-0.76816,0.0,-1.0
5290.42,SYN.BTC-20MAR20,1584442741114,open,0.91,0.0,0.828,1.061,0.93738353,0.0,None,0.0,BTC-20MAR20-10250-P,5306.93,0.0,0.3385,1.2,1.1185,4.9,500.0,0.0,0.0,-0.80756,0.0,-1.0
5290.42,SYN.BTC-20MAR20,1584442741116,open,0.86,0.0,0.7835,1.0105,0.89014181,0.0,None,0.0,BTC-20MAR20-10000-P,5306.93,0.0,0.291,1.2,1.071,4.9,500.0,0.0,0.0,-0.78786,0.0,-1.0
5290.42,SYN.BTC-20MAR20,1584442741117,open,0.96,0.0,0.8725,1.111,0.98462951,0.0,None,0.0,BTC-20MAR20-10500-P,5306.93,0.0,0.386,1.2,1.1655,4.9,500.0,0.0,0.0,-0.82725,0.0,-1.0
5290.42,SYN.BTC-20MAR20,1584442741119,open,1.1,0.0,1.0065,1.262,1.12637966,0.0,None,0.0,BTC-20MAR20-11250-P,5306.93,0.0,0.828,2.5,1.488,2.5,500.0,0.0,0.0,-0.88634,0.0,-1.0
5290.42,SYN.BTC-20MAR20,1584442741131,open,0.49,160.9,0.427,0.6095,0.51302879,204.31,0.55,0.0,BTC-20MAR20-8000-P,5306.93,0.0,0.2135,2.5,0.874,2.5,500.0,0.17041,-6.05382,-0.6247,4e-05,-0.98573
5290.42,SYN.BTC-20MAR20,1584442741135,open,0.45,368.8,0.382,0.56,0.46600927,197.43,0.7,0.0,BTC-20MAR20-7750-P,5306.93,0.0,0.1665,2.5,0.827,2.5,500.0,0.21044,-7.22367,-0.60344,5e-05,-0.98174
5290.42,SYN.BTC-20MAR20,1584442741136,open,0.54,157.8,0.4715,0.6595,0.56008677,210.08,0.5575,0.0,BTC-20MAR20-8250-P,5306.93,0.0,0.261,2.5,0.9205,2.5,500.0,0.13625,-4.97676,-0.64567,3e-05,-0.98898
5290.42,SYN.BTC-20MAR20,1584442741137,open,0.68,299.7,0.605,0.81,0.70129366,202.81,0.7275,0.0,BTC-20MAR20-9000-P,5306.93,0.0,0.4025,2.5,1.062,2.5,500.0,0.03123,-1.10118,-0.70824,1e-05,-0.99789
5290.42,SYN.BTC-20MAR20,1584442741140,open,1.14,0.0,1.051,1.312,1.17363153,0.0,None,0.0,BTC-20MAR20-11500-P,5306.93,0.0,0.875,2.5,1.5345,2.5,500.0,0.0,0.0,-0.90604,0.0,-1.0
5290.42,SYN.BTC-20MAR20,1584442741142,open,0.58,295.9,0.516,0.7095,0.60707204,209.03,0.673,0.0,BTC-20MAR20-8500-P,5306.93,0.0,0.308,2.5,0.968,2.5,500.0,0.09026,-3.28065,-0.66697,2e-05,-0.99311
5290.42,SYN.BTC-20MAR20,1584442741146,open,0.72,15.3,0.6495,0.86,0.74847528,192.63,0.2805,0.0,BTC-20MAR20-9250-P,5306.93,0.0,0.4495,2.5,1.1095,2.5,500.0,0.01185,-0.39688,-0.72848,0.0,-0.99927
5290.42,SYN.BTC-20MAR20,1584442741147,open,1.0,0.0,0.917,1.1615,1.03187814,0.0,None,0.0,BTC-20MAR20-10750-P,5306.93,0.0,0.733,2.5,1.393,2.5,500.0,0.0,0.0,-0.84695,0.0,-1.0
5290.42,SYN.BTC-20MAR20,1584442741149,open,0.63,865.5,0.5605,0.7595,0.65415186,206.95,0.72,0.0,BTC-20MAR20-8750-P,5306.93,0.0,0.355,2.5,1.015,2.5,500.0,0.05634,-2.0273,-0.68778,1e-05,-0.99594
5290.42,SYN.BTC-20MAR20,1584442741150,open,0.77,0.0,0.6945,0.91,0.79568272,0.0,None,0.0,BTC-20MAR20-9500-P,5306.93,0.0,0.4965,2.5,1.1565,2.5,500.0,0.0,0.0,-0.74847,0.0,-1.0
5290.42,SYN.BTC-20MAR20,1584442741152,open,1.05,0.0,0.962,1.2115,1.07912839,0.0,None,0.0,BTC-20MAR20-11000-P,5306.93,0.0,0.7805,2.5,1.44,2.5,500.0,0.0,0.0,-0.86665,0.0,-1.0
5290.42,SYN.BTC-20MAR20,1584442741154,open,0.26,160.0,0.204,0.366,0.28026783,174.97,0.455,0.0,BTC-20MAR20-6750-P,5306.93,0.0,0.0,0.0,0.6415,2.5,500.0,0.6163,-18.74915,-0.5053,0.00016,-0.93204
5250.31,BTC-27MAR20,1584442741155,open,0.97,0.1,0.887,1.131,1.00177566,188.17,0.1395,0.0,BTC-27MAR20-10500-P,5306.93,0.0,0.199,1.2,1.199,4.9,500.0,0.39243,-3.73868,-2.81728,3e-05,-0.98144
5250.31,BTC-27MAR20,1584442741157,open,0.88,647.5,0.797,1.031,0.90726037,185.47,1.2375,0.0,BTC-27MAR20-10000-P,5306.93,0.0,0.1045,1.2,1.1045,4.9,500.0,0.50535,-4.7454,-2.67381,4e-05,-0.97496
5250.34,BTC-27MAR20,1584442741160,open,2.75,3.0,2.594,3.052,2.8091124,0.0,2.33,0.0,BTC-27MAR20-20000-P,5306.93,0.0,2.468,2.9,3.279,2.1,500.0,0.0,0.0,-5.41134,0.0,-1.0
5250.34,BTC-27MAR20,1584442741161,open,3.13,5.6,2.9535,3.4575,3.19002183,0.0,2.888,0.0,BTC-27MAR20-22000-P,5306.93,0.0,2.7845,2.5,3.5835,2.5,500.0,0.0,0.0,-5.95247,0.0,-1.0
5250.34,BTC-27MAR20,1584442741163,open,2.38,0.0,2.2345,2.647,2.42820793,0.0,1.23,0.0,BTC-27MAR20-18000-P,5306.93,0.0,2.024,2.5,2.823,2.5,500.0,0.0,0.0,-4.87021,0.0,-1.0
5250.31,BTC-27MAR20,1584442741165,open,2.0,21.1,1.875,2.2415,2.04732508,0.0,2.255,0.0,BTC-27MAR20-16000-P,5306.93,0.0,1.6435,2.5,2.443,2.5,500.0,0.0,0.0,-4.32907,0.0,-1.0
5250.31,BTC-27MAR20,1584442741166,open,1.16,0.1,1.0665,1.332,1.19133072,192.13,0.6,0.0,BTC-27MAR20-11500-P,5306.93,0.0,0.7885,2.5,1.588,2.5,500.0,0.23199,-2.25663,-3.09858,2e-05,-0.98991
5250.31,BTC-27MAR20,1584442741168,open,0.79,33.1,0.7075,0.932,0.81300632,182.18,1.108,0.0,BTC-27MAR20-9500-P,5306.93,0.0,0.4105,2.5,1.21,2.5,500.0,0.64681,-5.96596,-2.52762,5e-05,-0.9663
5250.34,BTC-27MAR20,1584442741170,open,1.82,2.0,1.6955,2.039,1.85690968,0.0,0.4565,0.0,BTC-27MAR20-15000-P,5306.93,0.0,1.4535,2.5,2.253,2.5,500.0,0.0,0.0,-4.0585,0.0,-1.0
5250.34,BTC-27MAR20,1584442741172,open,1.25,145.6,1.1565,1.4325,1.28621145,191.71,1.367,0.0,BTC-27MAR20-12000-P,5306.93,0.0,0.883,2.5,1.683,2.5,500.0,0.16567,-1.60804,-3.23795,1e-05,-0.99312
5250.34,BTC-27MAR20,1584442741176,open,1.63,69.5,1.516,1.837,1.66653951,176.85,2.8715,0.0,BTC-27MAR20-14000-P,5306.93,0.0,1.263,2.5,2.063,2.5,500.0,0.01893,-0.16952,-3.78711,0.0,-0.99937
5250.31,BTC-27MAR20,1584442741178,open,1.44,12.0,1.336,1.6345,1.47626754,187.24,1.485,0.0,BTC-27MAR20-13000-P,5306.93,0.0,1.073,2.5,1.873,2.5,500.0,0.07034,-0.66677,-3.51394,1e-05,-0.99736
5250.34,BTC-27MAR20,1584442741180,open,1.07,251.7,0.977,1.231,1.09658483,192.29,1.07,0.0,BTC-27MAR20-11000-P,5306.93,0.0,0.6935,2.5,1.4935,2.5,500.0,0.31999,-3.11537,-2.95757,2e-05,-0.98538
115.49,ETH-27MAR20,1584442741206,open,3.78,0.0,3.708,3.9985,3.848908,232.87,None,0.0,ETH-27MAR20-560-P,116.99,0.0,2.638,12.0,4.238,12.0,500.0,3e-05,-0.0004,-0.15152,0.0,-0.99996
5290.42,SYN.BTC-20MAR20,1584442741209,open,0.07,119.6,0.0105,0.1185,0.06575322,175.53,0.065,0.0,BTC-20MAR20-5250-C,5306.93,160.58,0.0605,0.3,0.0665,31.4,177.66,1.8583,-56.71611,0.20208,0.00048,0.55058
115.49,ETH-27MAR20,1584442741222,open,3.44,0.0,3.3715,3.6415,3.502562,232.87,None,0.0,ETH-27MAR20-520-P,116.99,0.0,2.2925,12.0,3.8925,12.0,500.0,7e-05,-0.00083,-0.14069,1e-05,-0.99991
115.68,SYN.ETH-24APR20,1584442741347,open,0.26,22.0,0.187,0.3085,0.282313,159.33,0.376,0.0,ETH-24APR20-130-P,116.99,0.0,0.001,5.0,0.386,12.0,240.91,0.1486,-0.31255,-0.09251,0.00672,-0.48832
115.49,ETH-27MAR20,1584442741353,open,3.1,0.0,3.0355,3.2845,3.156222,232.86,None,0.0,ETH-27MAR20-480-P,116.99,0.0,1.9465,12.0,3.547,12.0,500.0,0.00015,-0.00177,-0.12987,2e-05,-0.99979
116.54,SYN.ETH-20MAR20,1584442741365,open,0.07,1700.0,0.029,0.1185,0.079524,177.35,0.098,0.0,ETH-20MAR20-120-P,116.99,0.0,0.021,6.0,0.1,1.0,235.14,0.04103,-1.26527,-0.00571,0.02162,-0.5426
115.49,ETH-27MAR20,1584442741367,open,2.24,0.0,2.1945,2.392,2.290789,253.16,None,0.0,ETH-27MAR20-380-P,116.99,0.0,1.083,12.0,2.6835,12.0,500.0,0.00225,-0.02886,-0.1027,0.00025,-0.996
115.49,ETH-27MAR20,1584442741369,open,1.73,981.0,1.6905,1.8565,1.771543,232.34,1.452,0.0,ETH-27MAR20-320-P,116.99,0.0,0.565,12.0,2.1655,12.0,500.0,0.00354,-0.04162,-0.0864,0.00042,-0.99335
115.49,ETH-27MAR20,1584442741373,open,2.07,6.0,2.0265,2.2135,2.117435,232.67,1.8335,0.0,ETH-27MAR20-360-P,116.99,0.0,0.91,12.0,2.5105,12.0,500.0,0.00159,-0.01877,-0.09733,0.00019,-0.99728
5256.25,SYN.BTC-24APR20,1584442741374,open,1.63,0.0,1.5145,1.849,1.67136391,156.31,None,0.0,BTC-24APR20-14000-P,5306.93,0.0,1.17,1.0,2.1705,1.0,500.0,1.6092,-3.32049,-14.32431,4e-05,-0.95485
115.49,ETH-27MAR20,1584442741376,open,2.76,0.0,2.699,2.9275,2.809898,232.84,2.3815,0.0,ETH-27MAR20-440-P,116.99,0.0,1.601,12.0,3.2015,12.0,500.0,0.00033,-0.00385,-0.11904,4e-05,-0.99952
5269.6,BTC-26JUN20,1584442741381,open,1.12,0.5,0.9985,1.3005,1.1457236,123.58,1.05,0.0,BTC-26JUN20-11000-P,5306.93,0.0,0.6465,1.0,1.647,1.0,381.63,7.97419,-4.8845,-28.19766,8e-05,-0.79044
115.49,ETH-27MAR20,1584442741383,open,2.41,4.0,2.363,2.5705,2.463614,232.82,1.862,0.0,ETH-27MAR20-400-P,116.99,0.0,1.2555,12.0,2.856,12.0,500.0,0.00072,-0.00847,-0.10819,9e-05,-0.99887
5256.25,SYN.BTC-24APR20,1584442741385,open,0.9,14.5,0.8045,1.062,0.92785476,146.45,0.9535,0.0,BTC-24APR20-10000-P,5306.93,0.0,0.4285,1.0,1.429,1.0,500.0,3.57774,-6.91697,-9.80732,9e-05,-0.87022
5256.25,SYN.BTC-24APR20,1584442741388,open,1.45,0.5,1.3355,1.6505,1.48362022,154.45,0.869,0.0,BTC-24APR20-13000-P,5306.93,0.0,0.9825,1.0,1.983,1.0,500.0,1.96583,-4.00827,-13.22983,4e-05,-0.94193
115.49,ETH-27MAR20,1584442741389,open,1.39,1219.0,1.354,1.499,1.426464,231.93,1.77,0.0,ETH-27MAR20-280-P,116.99,0.0,1.3,1.0,1.8205,12.0,500.0,0.00783,-0.09195,-0.0753,0.00094,-0.98344
116.55,SYN.ETH-20MAR20,1584442741392,open,0.28,138.0,0.2495,0.3355,0.293429,196.81,0.2,0.0,ETH-20MAR20-150-P,116.99,0.0,0.0005,19.0,0.7005,12.0,500.0,0.01644,-0.56254,-0.01108,0.0078,-0.91259
115.49,ETH-27MAR20,1584442741386,open,1.9,0.0,1.8585,2.035,1.944433,232.52,None,0.0,ETH-27MAR20-340-P,116.99,0.0,0.7375,12.0,2.338,12.0,500.0,0.00237,-0.02795,-0.09187,0.00028,-0.99575
5256.25,SYN.BTC-24APR20,1584442741394,open,1.08,0.1,0.98,1.256,1.11099694,149.02,0.93,0.0,BTC-24APR20-11000-P,5306.93,0.0,0.6105,1.0,1.611,1.0,500.0,2.90773,-5.72004,-10.98463,7e-05,-0.90292
115.49,ETH-27MAR20,1584442741397,open,1.22,7.0,1.186,1.3205,1.253487,218.58,1.163,0.0,ETH-27MAR20-260-P,116.99,0.0,0.048,12.0,1.6485,12.0,500.0,0.00876,-0.09697,-0.06983,0.00111,-0.98111
115.49,ETH-27MAR20,1584442741401,open,1.56,0.0,1.522,1.6775,1.599066,236.75,None,0.0,ETH-27MAR20-300-P,116.99,0.0,0.3925,12.0,1.993,12.0,500.0,0.00594,-0.07122,-0.08084,0.0007,-0.98798
116.55,SYN.ETH-20MAR20,1584442741404,open,0.28,138.0,0.2495,0.3355,0.293429,196.81,0.2,0.0,ETH-20MAR20-150-P,116.99,0.0,0.0005,4.0,0.7005,12.0,500.0,0.01644,-0.56254,-0.01108,0.0078,-0.91259
5269.63,BTC-26JUN20,1584442741405,open,0.78,626.3,0.668,0.933,0.80033334,122.29,0.912,0.0,BTC-26JUN20-9000-P,5306.93,0.0,0.301,1.0,1.3015,1.0,380.79,9.69854,-5.87876,-21.78308,0.0001,-0.69537
115.69,SYN.ETH-24APR20,1584442741408,open,1.57,0.0,1.518,1.682,1.606388,168.45,None,0.0,ETH-24APR20-300-P,116.99,0.0,0.111,12.0,2.1115,12.0,500.0,0.04939,-0.10982,-0.30467,0.00211,-0.93119
5256.25,SYN.BTC-24APR20,1584442741411,open,0.55,486.0,0.467,0.689,0.5770063,143.06,0.6628,0.0,BTC-24APR20-8000-P,5306.93,0.0,0.0775,1.0,1.078,1.0,500.0,5.35689,-10.11673,-7.24924,0.00013,-0.75207
115.68,SYN.ETH-24APR20,1584442741413,open,2.75,0.0,2.693,2.922,2.806994,177.84,None,0.0,ETH-24APR20-440-P,116.99,0.0,1.314,12.0,3.3145,12.0,500.0,0.01835,-0.04308,-0.45457,0.00074,-0.9796
115.68,SYN.ETH-24APR20,1584442741460,open,2.07,0.0,2.0215,2.2115,2.119756,175.01,None,0.0,ETH-24APR20-360-P,116.99,0.0,0.6245,12.0,2.625,12.0,500.0,0.03319,-0.07668,-0.36951,0.00137,-0.95834
115.49,ETH-27MAR20,1584442741465,open,0.25,2001.0,0.185,0.2815,0.26358,181.76,0.377,0.0,ETH-27MAR20-140-P,116.99,0.0,0.1,4.0,0.5,10.0,500.0,0.06707,-0.61723,-0.02978,0.01023,-0.68943
115.68,SYN.ETH-24APR20,1584442741467,open,2.41,0.0,2.357,2.5665,2.462617,175.18,None,0.0,ETH-24APR20-400-P,116.99,0.0,0.969,12.0,2.9695,12.0,500.0,0.0237,-0.05481,-0.41235,0.00097,-0.97234
115.68,SYN.ETH-24APR20,1584442741482,open,1.74,0.0,1.686,1.8585,1.778892,174.91,None,0.0,ETH-24APR20-320-P,116.99,0.0,0.2815,12.0,2.282,12.0,500.0,0.04654,-0.10745,-0.32594,0.00192,-0.93626
5256.25,SYN.BTC-24APR20,1584442741486,open,0.72,220.8,0.6325,0.872,0.74892646,144.41,0.8785,0.0,BTC-24APR20-9000-P,5306.93,0.0,0.25,1.0,1.2505,1.0,500.0,4.40994,-8.40712,-8.56905,0.00011,-0.82212
5290.42,SYN.BTC-20MAR20,1584442741488,open,0.82,0.0,0.739,0.9605,0.8429069,0.0,None,0.0,BTC-20MAR20-9750-P,5306.93,0.0,0.244,1.2,1.0245,4.9,500.0,0.0,0.0,-0.76816,0.0,-1.0
5290.42,SYN.BTC-20MAR20,1584442741490,open,0.91,0.0,0.828,1.061,0.93738353,0.0,None,0.0,BTC-20MAR20-10250-P,5306.93,0.0,0.3385,1.2,1.119,4.9,500.0,0.0,0.0,-0.80756,0.0,-1.0
5290.42,SYN.BTC-20MAR20,1584442741492,open,0.86,0.0,0.7835,1.0105,0.89014181,0.0,None,0.0,BTC-20MAR20-10000-P,5306.93,0.0,0.291,1.2,1.0715,4.9,500.0,0.0,0.0,-0.78786,0.0,-1.0
116.15,ETH-26JUN20,1584442741500,open,0.16,0.0,0.0805,0.1795,0.164673,144.96,None,0.0,ETH-26JUN20-90-P,116.99,133.16,0.1455,268.0,0.1845,268.0,157.2,0.18855,-0.13548,-0.12896,0.00349,-0.23707
116.15,ETH-26JUN20,1584442741500,open,0.24,0.0,0.158,0.284,0.258959,142.73,None,0.0,ETH-26JUN20-110-P,116.99,131.21,0.237,236.0,0.2815,236.0,154.68,0.22037,-0.1559,-0.18816,0.00414,-0.3272
5290.42,SYN.BTC-20MAR20,1584442741505,open,0.96,0.0,0.8725,1.111,0.98462951,0.0,None,0.0,BTC-20MAR20-10500-P,5306.93,0.0,0.386,1.2,1.1665,4.9,500.0,0.0,0.0,-0.82725,0.0,-1.0
5290.42,SYN.BTC-20MAR20,1584442741513,open,1.1,0.0,1.0065,1.262,1.12637966,0.0,None,0.0,BTC-20MAR20-11250-P,5306.93,0.0,0.828,2.5,1.4885,2.5,500.0,0.0,0.0,-0.88634,0.0,-1.0
5290.42,SYN.BTC-20MAR20,1584442741515,open,0.54,157.8,0.4715,0.6595,0.56008677,210.08,0.5575,0.0,BTC-20MAR20-8250-P,5306.93,0.0,0.261,2.5,0.9215,2.5,500.0,0.13625,-4.97676,-0.64567,3e-05,-0.98898
5290.42,SYN.BTC-20MAR20,1584442741519,open,0.68,299.7,0.605,0.81,0.70129366,202.81,0.7275,0.0,BTC-20MAR20-9000-P,5306.93,0.0,0.4025,2.5,1.063,2.5,500.0,0.03123,-1.10118,-0.70824,1e-05,-0.99789
5290.42,SYN.BTC-20MAR20,1584442741520,open,0.4,151.3,0.3375,0.5105,0.41907748,190.25,0.4746,0.0,BTC-20MAR20-7500-P,5306.93,0.0,0.1255,1.0,0.7805,2.5,500.0,0.26264,-8.68787,-0.5816,6e-05,-0.97628
5290.42,SYN.BTC-20MAR20,1584442741522,open,1.14,0.0,1.051,1.312,1.17363153,0.0,None,0.0,BTC-20MAR20-11500-P,5306.93,0.0,0.875,2.5,1.5355,2.5,500.0,0.0,0.0,-0.90604,0.0,-1.0
5290.42,SYN.BTC-20MAR20,1584442741536,open,0.31,258.2,0.2485,0.4135,0.32628336,182.15,0.3812,0.0,BTC-20MAR20-7000-P,5306.93,0.0,0.1,0.1,0.6875,2.5,500.0,0.47936,-15.18124,-0.53224,0.00012,-0.95064
5290.42,SYN.BTC-20MAR20,1584442741537,open,0.72,15.3,0.6495,0.86,0.74847528,192.63,0.2805,0.0,BTC-20MAR20-9250-P,5306.93,0.0,0.4495,2.5,1.11,2.5,500.0,0.01185,-0.39688,-0.72848,0.0,-0.99927
5290.42,SYN.BTC-20MAR20,1584442741534,open,0.58,295.9,0.516,0.7095,0.60707204,209.03,0.673,0.0,BTC-20MAR20-8500-P,5306.93,0.0,0.308,2.5,0.9685,2.5,500.0,0.09026,-3.28065,-0.66697,2e-05,-0.99311
5290.42,SYN.BTC-20MAR20,1584442741539,open,1.0,0.0,0.917,1.1615,1.03187814,0.0,None,0.0,BTC-20MAR20-10750-P,5306.93,0.0,0.733,2.5,1.3935,2.5,500.0,0.0,0.0,-0.84695,0.0,-1.0
5290.42,SYN.BTC-20MAR20,1584442741544,open,0.63,865.5,0.5605,0.7595,0.65415186,206.95,0.72,0.0,BTC-20MAR20-8750-P,5306.93,0.0,0.355,2.5,1.0155,2.5,500.0,0.05634,-2.0273,-0.68778,1e-05,-0.99594
5290.42,SYN.BTC-20MAR20,1584442741547,open,0.77,0.0,0.6945,0.91,0.79568272,0.0,None,0.0,BTC-20MAR20-9500-P,5306.93,0.0,0.4965,2.5,1.157,2.5,500.0,0.0,0.0,-0.74847,0.0,-1.0
5290.42,SYN.BTC-20MAR20,1584442741549,open,1.05,0.0,0.962,1.2115,1.07912839,0.0,None,0.0,BTC-20MAR20-11000-P,5306.93,0.0,0.7805,2.5,1.441,2.5,500.0,0.0,0.0,-0.86665,0.0,-1.0
5250.35,BTC-27MAR20,1584442741550,open,0.97,0.1,0.887,1.131,1.00177566,188.38,0.1395,0.0,BTC-27MAR20-10500-P,5306.93,0.0,0.199,1.2,1.1995,4.9,500.0,0.39455,-3.76294,-2.81713,3e-05,-0.98132
5250.31,BTC-27MAR20,1584442741552,open,0.88,647.5,0.797,1.031,0.90726037,185.47,1.2375,0.0,BTC-27MAR20-10000-P,5306.93,0.0,0.1045,1.2,1.105,4.9,500.0,0.50535,-4.7454,-2.67381,4e-05,-0.97496
5250.34,BTC-27MAR20,1584442741553,open,2.75,3.0,2.594,3.052,2.8091124,0.0,2.33,0.0,BTC-27MAR20-20000-P,5306.93,0.0,2.468,2.9,3.2805,2.1,500.0,0.0,0.0,-5.41134,0.0,-1.0
5250.34,BTC-27MAR20,1584442741554,open,3.13,5.6,2.9535,3.4575,3.19002183,0.0,2.888,0.0,BTC-27MAR20-22000-P,5306.93,0.0,2.7845,2.5,3.585,2.5,500.0,0.0,0.0,-5.95247,0.0,-1.0
5250.34,BTC-27MAR20,1584442741556,open,2.38,0.0,2.2345,2.647,2.42820793,0.0,1.23,0.0,BTC-27MAR20-18000-P,5306.93,0.0,2.024,2.5,2.8245,2.5,500.0,0.0,0.0,-4.87021,0.0,-1.0
5250.31,BTC-27MAR20,1584442741557,open,2.0,21.1,1.875,2.2415,2.04732508,0.0,2.255,0.0,BTC-27MAR20-16000-P,5306.93,0.0,1.6435,2.5,2.444,2.5,500.0,0.0,0.0,-4.32907,0.0,-1.0
5250.35,BTC-27MAR20,1584442741561,open,1.16,0.1,1.0665,1.332,1.19133072,192.5,0.6,0.0,BTC-27MAR20-11500-P,5306.93,0.0,0.7885,2.5,1.589,2.5,500.0,0.23478,-2.28821,-3.09841,2e-05,-0.98977
115.69,SYN.ETH-24APR20,1584442741565,open,0.15,26.0,0.076,0.1735,0.158553,159.28,0.175,0.0,ETH-24APR20-130-C,116.99,149.51,0.146,329.0,0.1705,329.0,168.58,0.14862,-0.31248,0.04239,0.00672,0.51169
115.69,SYN.ETH-24APR20,1584442741565,open,0.08,151.0,0.02,0.095,0.08004,159.28,0.087,0.0,ETH-24APR20-170-C,116.99,146.67,0.066,343.0,0.0895,345.0,167.5,0.13163,-0.27679,0.02771,0.00595,0.31083
5250.35,BTC-27MAR20,1584442741573,open,0.79,33.1,0.7075,0.932,0.81300632,182.29,1.108,0.0,BTC-27MAR20-9500-P,5306.93,0.0,0.4105,2.5,1.211,2.5,500.0,0.64837,-5.98391,-2.5275,5e-05,-0.96621
5250.34,BTC-27MAR20,1584442741575,open,1.82,2.0,1.6955,2.039,1.85690968,0.0,0.4565,0.0,BTC-27MAR20-15000-P,5306.93,0.0,1.4535,2.5,2.254,2.5,500.0,0.0,0.0,-4.0585,0.0,-1.0
5250.34,BTC-27MAR20,1584442741576,open,1.25,145.6,1.1565,1.4325,1.28621145,191.71,1.367,0.0,BTC-27MAR20-12000-P,5306.93,0.0,0.883,2.5,1.6835,2.5,500.0,0.16567,-1.60804,-3.23795,1e-05,-0.99312
5250.34,BTC-27MAR20,1584442741578,open,1.63,69.5,1.516,1.837,1.66653951,176.85,2.8715,0.0,BTC-27MAR20-14000-P,5306.93,0.0,1.263,2.5,2.0635,2.5,500.0,0.01893,-0.16952,-3.78711,0.0,-0.99937
5250.35,BTC-27MAR20,1584442741580,open,1.44,12.0,1.336,1.6345,1.47626754,188.6,1.485,0.0,BTC-27MAR20-13000-P,5306.93,0.0,1.073,2.5,1.8735,2.5,500.0,0.07486,-0.71481,-3.5137,1e-05,-0.99717
5250.34,BTC-27MAR20,1584442741581,open,1.07,251.7,0.977,1.231,1.09658483,192.29,1.07,0.0,BTC-27MAR20-11000-P,5306.93,0.0,0.6935,2.5,1.494,2.5,500.0,0.31999,-3.11537,-2.95757,2e-05,-0.98538
5269.63,BTC-26JUN20,1584442741589,open,0.22,367.9,0.142,0.3015,0.22462095,124.22,0.2145,0.0,BTC-26JUN20-5000-P,5306.93,120.54,0.2175,15.2,0.2335,30.3,128.83,10.17361,-6.26416,-8.25244,0.00011,-0.34202
5256.25,SYN.BTC-24APR20,1584442741591,open,0.21,241.5,0.1385,0.2685,0.21151137,149.92,0.21,0.0,BTC-24APR20-5000-C,5306.93,137.14,0.196,17.1,0.2125,19.5,150.74,6.36472,-12.59655,2.30952,0.00015,0.63494
5256.25,SYN.BTC-24APR20,1584442741597,open,4.25,2.0,4.0255,4.6675,4.32711094,154.69,4.2765,0.0,BTC-24APR20-28000-P,5306.93,0.0,3.9055,1.1,4.9215,0.8,500.0,0.05401,-0.11029,-29.05081,0.0,-0.99906
5290.42,SYN.BTC-20MAR20,1584442741607,open,0.35,7.0,0.2965,0.3765,0.34108302,258.66,0.284,0.0,BTC-20MAR20-3500-C,5306.93,0.0,0.318,8.0,0.3555,8.0,398.66,0.29986,-13.48535,0.26306,5e-05,0.97221
5290.42,SYN.BTC-20MAR20,1584442741610,open,0.18,13.9,0.098,0.2125,0.16515307,198.54,0.1385,0.0,BTC-20MAR20-4500-C,5306.93,0.0,0.1345,8.0,0.1855,8.0,282.65,1.12904,-38.97515,0.28248,0.00026,0.84288
5290.42,SYN.BTC-20MAR20,1584442741612,open,0.22,11.0,0.146,0.2505,0.20671584,211.35,0.1605,0.0,BTC-20MAR20-4250-C,5306.93,0.0,0.1785,8.0,0.2265,8.0,310.61,0.84585,-31.08305,0.28745,0.00018,0.89636
5290.42,SYN.BTC-20MAR20,1584442741614,open,0.07,235.2,0.0195,0.1485,0.08170555,165.83,0.08,0.0,BTC-20MAR20-5500-P,5306.93,158.04,0.079,0.3,0.0865,26.5,179.58,1.83975,-53.045,-0.27392,0.0005,-0.57548
5256.25,SYN.BTC-24APR20,1584442741616,open,2.0,0.0,1.8725,2.2475,2.04809735,156.53,None,0.0,BTC-24APR20-16000-P,5306.93,0.0,1.547,1.0,2.548,1.0,500.0,0.9981,-2.06239,-16.48765,2e-05,-0.97474
5250.34,BTC-27MAR20,1584442741617,open,2.38,0.0,2.2345,2.647,2.42820793,0.0,1.23,0.0,BTC-27MAR20-18000-P,5306.93,0.0,2.0235,2.5,2.8245,2.5,500.0,0.0,0.0,-4.87021,0.0,-1.0
5250.34,BTC-27MAR20,1584442741619,open,1.82,2.0,1.6955,2.039,1.85690968,0.0,0.4565,0.0,BTC-27MAR20-15000-P,5306.93,0.0,1.453,2.5,2.254,2.5,500.0,0.0,0.0,-4.0585,0.0,-1.0
5250.34,BTC-27MAR20,1584442741620,open,2.38,0.0,2.2345,2.647,2.42820793,0.0,1.23,0.0,BTC-27MAR20-18000-P,5306.93,0.0,2.0235,2.5,2.824,2.5,500.0,0.0,0.0,-4.87021,0.0,-1.0
5256.25,SYN.BTC-24APR20,1584442741625,open,0.21,241.5,0.1385,0.2685,0.21151137,149.92,0.21,0.0,BTC-24APR20-5000-C,5306.93,137.14,0.196,17.1,0.2125,11.0,150.74,6.36472,-12.59655,2.30952,0.00015,0.63494
5256.25,SYN.BTC-24APR20,1584442741626,open,4.25,2.0,4.0255,4.6675,4.32711094,154.69,4.2765,0.0,BTC-24APR20-28000-P,5306.93,0.0,3.906,1.1,4.9215,0.8,500.0,0.05401,-0.11029,-29.05081,0.0,-0.99906
5290.42,SYN.BTC-20MAR20,1584442741629,open,0.07,235.2,0.0195,0.1485,0.08170555,165.83,0.08,0.0,BTC-20MAR20-5500-P,5306.93,158.04,0.079,0.3,0.0865,15.0,179.58,1.83975,-53.045,-0.27392,0.0005,-0.57548
5256.25,SYN.BTC-24APR20,1584442741630,open,2.0,0.0,1.8725,2.2475,2.04809735,156.53,None,0.0,BTC-24APR20-16000-P,5306.93,0.0,1.5475,1.0,2.548,1.0,500.0,0.9981,-2.06239,-16.48765,2e-05,-0.97474
5250.34,BTC-27MAR20,1584442741639,open,2.38,0.0,2.2345,2.647,2.42820793,0.0,1.23,0.0,BTC-27MAR20-18000-P,5306.93,0.0,2.024,2.5,2.824,2.5,500.0,0.0,0.0,-4.87021,0.0,-1.0
5250.34,BTC-27MAR20,1584442741641,open,1.82,2.0,1.6955,2.039,1.85690968,0.0,0.4565,0.0,BTC-27MAR20-15000-P,5306.93,0.0,1.4535,2.5,2.254,2.5,500.0,0.0,0.0,-4.0585,0.0,-1.0
5250.34,BTC-27MAR20,1584442741642,open,2.38,0.0,2.2345,2.647,2.42820793,0.0,1.23,0.0,BTC-27MAR20-18000-P,5306.93,0.0,2.024,2.5,2.8245,2.5,500.0,0.0,0.0,-4.87021,0.0,-1.0
5250.34,BTC-27MAR20,1584442741680,open,0.06,476.3,0.012,0.1035,0.05638775,162.63,0.0585,0.0,BTC-27MAR20-6000-C,5306.93,156.24,0.0525,47.8,0.0595,20.0,167.66,3.22316,-26.53974,0.42773,0.00027,0.3575
115.49,ETH-27MAR20,1584442741689,open,0.03,3429.0,0.0005,0.0395,0.024686,182.37,0.0225,0.0,ETH-27MAR20-160-C,116.99,175.88,0.022,50.0,0.027,370.0,187.74,0.04887,-0.45126,0.00468,0.00743,0.17445
115.69,SYN.ETH-24APR20,1584442741733,open,0.33,688.0,0.2465,0.3735,0.343782,159.36,0.4455,0.0,ETH-24APR20-140-P,116.99,0.0,0.0455,12.0,0.446,12.0,239.12,0.1477,-0.31073,-0.10679,0.00667,-0.5457
115.69,SYN.ETH-24APR20,1584442741733,open,0.07,563.0,0.0145,0.0825,0.06759,159.28,0.075,0.0,ETH-24APR20-180-C,116.99,146.19,0.054,346.0,0.077,349.0,167.93,0.12382,-0.26036,0.02461,0.0056,0.27262
5256.25,SYN.BTC-24APR20,1584442741825,open,4.25,2.0,4.026,4.6675,4.32736803,154.69,4.2765,0.0,BTC-24APR20-28000-P,5306.93,0.0,3.9055,1.1,4.9215,0.8,500.0,0.05401,-0.11029,-29.05081,0.0,-0.99906
5256.25,SYN.BTC-24APR20,1584442741829,open,2.0,0.0,1.8725,2.248,2.04824252,156.53,None,0.0,BTC-24APR20-16000-P,5306.93,0.0,1.547,1.0,2.548,1.0,500.0,0.9981,-2.06239,-16.48765,2e-05,-0.97474
5250.34,BTC-27MAR20,1584442741831,open,2.38,0.0,2.2345,2.647,2.4283581,0.0,1.23,0.0,BTC-27MAR20-18000-P,5306.93,0.0,2.0235,2.5,2.8245,2.5,500.0,0.0,0.0,-4.87021,0.0,-1.0
5296.15,SYN.BTC-19MAR20,1584442741837,open,12.0,0.0015,0.0935,0.04436226,178.83,0.042,0.0,BTC-19MAR20-5375-C,5306.93,166.97,0.041,20.0,0.0465,1.0,186.23,1.51264,-72.10951,0.11845,0.00059,0.47959
5250.35,BTC-27MAR20,1584442741846,open,1.82,2.0,1.6955,2.0395,1.85703477,196.26,0.4565,0.0,BTC-27MAR20-15000-P,5306.93,0.0,1.453,2.5,2.254,2.5,500.0,0.02907,-0.28885,-4.0572,0.0,-0.999
5293.84,BTC-25SEP20,1584442741853,open,0.39,175.8,0.297,0.504,0.4048156,111.3,0.4555,0.0,BTC-25SEP20-6000-P,5306.93,0.0,0.0,0.0,0.8,0.3,278.04,14.84748,-4.30637,-22.45114,9e-05,-0.40194
5256.25,SYN.BTC-24APR20,1584442741861,open,4.25,2.0,4.026,4.6675,4.32736803,154.69,4.2765,0.0,BTC-24APR20-28000-P,5306.93,0.0,3.9055,1.1,4.921,0.8,500.0,0.05401,-0.11029,-29.05081,0.0,-0.99906
5290.42,SYN.BTC-20MAR20,1584442741866,open,0.07,235.2,0.0195,0.1485,0.08174113,165.83,0.08,0.0,BTC-20MAR20-5500-P,5306.93,158.04,0.079,0.3,0.0865,26.5,179.58,1.83975,-53.045,-0.27392,0.0005,-0.57548
5256.25,SYN.BTC-24APR20,1584442741869,open,2.0,0.0,1.8725,2.248,2.04824252,156.53,None,0.0,BTC-24APR20-16000-P,5306.93,0.0,1.547,1.0,2.5475,1.0,500.0,0.9981,-2.06239,-16.48765,2e-05,-0.97474
5250.34,BTC-27MAR20,1584442741870,open,2.38,0.0,2.2345,2.647,2.4283581,0.0,1.23,0.0,BTC-27MAR20-18000-P,5306.93,0.0,2.0235,2.5,2.824,2.5,500.0,0.0,0.0,-4.87021,0.0,-1.0
5293.84,BTC-25SEP20,1584442741871,open,0.08,548.5,0.027,0.1255,0.07527084,114.25,0.0715,0.0,BTC-25SEP20-14000-C,5306.93,111.32,0.069,19.6,0.0815,15.0,117.09,11.4735,-3.41603,4.13052,7e-05,0.2237
5250.35,BTC-27MAR20,1584442741874,open,1.82,2.0,1.6955,2.0395,1.85703477,196.26,0.4565,0.0,BTC-27MAR20-15000-P,5306.93,0.0,1.453,2.5,2.2535,2.5,500.0,0.02907,-0.28885,-4.0572,0.0,-0.999
5293.84,BTC-25SEP20,1584442741881,open,0.13,0.7,0.073,0.1865,0.13127221,116.15,0.123,0.0,BTC-25SEP20-3500-P,5306.88,112.59,0.1245,28.8,0.139,28.8,120.19,10.09877,-3.05654,-8.68396,6e-05,-0.18077
5269.65,BTC-26JUN20,1584442741881,open,0.04,26.0,0.013,0.067,0.03813288,138.36,0.0335,0.0,BTC-26JUN20-2500-P,5306.88,136.3,0.0365,18.0,0.0395,1.0,140.06,4.21287,-2.88911,-1.75597,4e-05,-0.08244
5269.65,BTC-26JUN20,1584442741881,open,0.32,0.3,0.2425,0.3765,0.31917569,125.47,0.321,0.0,BTC-26JUN20-4500-C,5306.88,113.9,0.2985,19.5,0.343,19.5,138.87,9.39925,-5.84545,5.77024,0.0001,0.71538
5293.84,BTC-25SEP20,1584442741882,open,0.23,136.8,0.14,0.288,0.22333906,111.4,0.23,0.0,BTC-25SEP20-7000-C,5306.88,108.86,0.216,17.5,0.23,21.0,113.71,15.28673,-4.43763,8.34246,9e-05,0.52311
5250.35,BTC-27MAR20,1584442741882,open,0.45,0.1,0.3925,0.4655,0.43550281,218.47,0.391,0.0,BTC-27MAR20-3000-C,5306.88,0.0,0.416,20.0,0.4475,23.5,281.28,0.76205,-8.42906,0.7434,5e-05,0.95882
5269.6,BTC-26JUN20,1584442741882,open,0.5,25.9,0.4355,0.537,0.49266864,134.31,0.5075,0.0,BTC-26JUN20-3000-C,5306.88,108.53,0.4665,19.5,0.51,19.5,149.93,5.6992,-3.79403,5.56977,6e-05,0.87511
5269.6,BTC-26JUN20,1584442741882,open,0.43,0.0,0.3615,0.477,0.42714748,130.07,None,0.0,BTC-26JUN20-3500-C,5306.88,109.82,0.4005,19.5,0.4495,19.5,146.45,7.10293,-4.57935,5.81561,7e-05,0.82647
5293.79,BTC-25SEP20,1584442741882,open,0.22,2.1,0.1445,0.2995,0.22532717,113.32,0.202,0.0,BTC-25SEP20-4500-P,5306.88,109.65,0.2165,15.4,0.2355,23.4,117.56,12.7241,-3.75735,-13.82374,8e-05,-0.27142
5269.6,BTC-26JUN20,1584442741882,open,3.13,0.0,2.9405,3.461,3.1844622,131.58,None,0.0,BTC-26JUN20-22000-P,5306.88,0.0,0.0,0.0,0.0,0.0,0.0,2.51716,-1.64162,-60.3193,2e-05,-0.9573
5269.6,BTC-26JUN20,1584442741882,open,0.37,35.5,0.2955,0.4215,0.3674461,126.07,0.385,0.0,BTC-26JUN20-4000-C,5306.88,112.48,0.346,19.5,0.3955,19.5,143.7,8.35918,-5.22326,5.89998,9e-05,0.77256
5293.79,BTC-25SEP20,1584442741882,open,3.5,16.1,3.2855,3.87,3.56075201,118.64,3.1855,0.0,BTC-25SEP20-24000-P,5306.88,0.0,0.0,0.0,0.0,0.0,0.0,6.3483,-1.96271,-124.35275,4e-05,-0.90775
5293.79,BTC-25SEP20,1584442741883,open,0.17,918.7,0.1055,0.2405,0.17549544,114.58,0.1695,0.0,BTC-25SEP20-4000-P,5306.88,110.92,0.1675,26.6,0.1845,26.6,118.72,11.53481,-3.44411,-11.16789,7e-05,-0.22581
5250.35,BTC-27MAR20,1584442741883,open,0.36,3.6,0.293,0.3845,0.34785195,202.08,0.314,0.0,BTC-27MAR20-3500-C,5306.88,0.0,0.324,20.0,0.3655,23.5,261.5,1.31812,-13.48556,0.80875,9e-05,0.91716
5269.6,BTC-26JUN20,1584442741883,open,0.06,526.4,0.0255,0.101,0.06196857,134.31,0.0685,0.0,BTC-26JUN20-3000-P,5306.88,130.61,0.058,16.0,0.0665,25.4,138.46,5.69913,-3.79391,-2.72131,6e-05,-0.12489
5269.6,BTC-26JUN20,1584442741883,open,2.39,1.0,2.227,2.662,2.43152769,127.67,0.9,0.0,BTC-26JUN20-18000-P,5306.88,0.0,0.0005,1.0,0.0,0.0,0.0,3.61645,-2.28845,-48.99275,4e-05,-0.93251
5293.79,BTC-25SEP20,1584442741884,open,0.09,1.1,0.0475,0.1395,0.09392361,118.6,0.0995,0.0,BTC-25SEP20-3000-P,5306.88,114.87,0.088,18.8,0.1005,31.8,122.7,8.44996,-2.61143,-6.44766,5e-05,-0.13777
5301.91,SYN.BTC-18MAR20,1584442741881,open,0.03,2.1,0.0005,0.1025,0.04258042,179.27,0.041,0.0,BTC-18MAR20-5375-P,5306.88,145.29,0.036,1.0,0.0545,1.0,240.48,1.02955,-92.28318,-0.07469,0.00085,-0.54459
5256.29,SYN.BTC-24APR20,1584442741884,open,0.47,0.0,0.4115,0.5055,0.46345099,173.68,None,0.0,BTC-24APR20-3000-C,5306.88,114.66,0.437,11.0,0.4735,11.0,190.75,2.96938,-6.80805,2.38166,6e-05,0.9001
5301.91,SYN.BTC-18MAR20,1584442741881,open,0.21,4.0,0.1475,0.244,0.20028587,259.47,0.138,0.0,BTC-18MAR20-4250-C,5306.88,0.0,0.1735,6.0,0.2065,6.0,362.52,0.2037,-26.42749,0.09719,0.00012,0.96435
5290.45,SYN.BTC-20MAR20,1584442741881,open,0.26,11.5,0.196,0.291,0.25144884,234.87,0.2,0.0,BTC-20MAR20-4000-C,5306.88,0.0,0.224,8.0,0.269,8.0,340.79,0.65909,-26.91575,0.28109,0.00013,0.92583
5256.29,SYN.BTC-24APR20,1584442741881,open,0.26,92.6,0.1875,0.315,0.25964372,151.5,0.265,0.0,BTC-24APR20-4500-C,5306.88,126.17,0.232,17.0,0.2655,19.5,156.84,5.7671,-11.53408,2.47308,0.00013,0.71305
5301.91,SYN.BTC-18MAR20,1584442741881,open,0.14,6.6,0.072,0.1805,0.13407877,237.36,0.131,0.0,BTC-18MAR20-4625-C,5306.88,0.0,0.1045,6.0,0.1405,6.0,298.27,0.48445,-57.49362,0.09631,0.0003,0.89121
5256.29,SYN.BTC-24APR20,1584442741881,open,0.14,172.4,0.091,0.232,0.16275541,149.92,0.158,0.0,BTC-24APR20-5000-P,5306.88,145.58,0.1575,19.3,0.1695,37.8,155.5,6.36474,-12.59652,-2.87889,0.00015,-0.36506
5256.29,SYN.BTC-24APR20,1584442741881,open,0.32,0.0,0.2515,0.372,0.31955487,156.96,None,0.0,BTC-24APR20-4000-C,5306.88,132.95,0.2975,11.0,0.3375,11.0,175.86,4.93254,-10.2205,2.54478,0.00011,0.78611
5301.91,SYN.BTC-18MAR20,1584442741881,open,0.23,4.0,0.1725,0.266,0.22355861,279.45,0.158,0.0,BTC-18MAR20-4125-C,5306.88,0.0,0.1975,6.0,0.229,6.0,384.38,0.16969,-23.71085,0.09513,9e-05,0.97143
5301.91,SYN.BTC-18MAR20,1584442741881,open,0.06,18.2,0.001,0.106,0.05660639,195.72,0.05,0.0,BTC-18MAR20-5125-C,5306.88,0.0,0.03,7.0,0.0605,7.0,217.2,0.95564,-93.52048,0.07626,0.00072,0.65613
5301.91,SYN.BTC-18MAR20,1584442741881,open,0.12,16.2,0.047,0.1605,0.11298329,226.43,0.105,0.0,BTC-18MAR20-4750-C,5306.88,0.0,0.082,6.0,0.122,6.0,297.32,0.59914,-67.83073,0.09405,0.00039,0.85235
5301.91,SYN.BTC-18MAR20,1584442741881,open,0.17,5.0,0.0975,0.2015,0.15595606,249.86,0.1025,0.0,BTC-18MAR20-4500-C,5306.88,0.0,0.127,6.0,0.1755,6.0,430.84,0.38821,-48.49979,0.09711,0.00023,0.91941
5256.29,SYN.BTC-24APR20,1584442741881,open,0.19,81.2,0.13,0.288,0.2106094,143.12,0.239,0.0,BTC-24APR20-5500-P,5306.88,56.77,0.1,0.5,0.3355,1.0,243.22,6.69618,-12.65169,-3.58907,0.00016,-0.44741
5296.18,SYN.BTC-19MAR20,1584442741881,open,1.0,0.0025,0.104,0.04739844,181.49,0.038,0.0,BTC-19MAR20-5250-P,5306.88,174.8,0.0455,19.9,0.053,28.9,201.25,1.50142,-72.63917,-0.13465,0.00057,-0.44735
5290.45,SYN.BTC-20MAR20,1584442741882,open,0.01,260.4,0.0005,0.033,0.00726529,174.12,0.006,0.0,BTC-20MAR20-6500-C,5306.88,169.25,0.0065,33.0,0.0085,25.0,181.51,0.85242,-25.80684,0.04063,0.00022,0.10475
5301.91,SYN.BTC-18MAR20,1584442741881,open,0.01,5.6,0.0005,0.0545,0.01676366,204.33,0.014,0.0,BTC-18MAR20-5000-P,5306.88,189.97,0.0145,20.0,0.0195,20.0,221.25,0.8464,-86.472,-0.03551,0.00061,-0.26244
5301.91,SYN.BTC-18MAR20,1584442741881,open,0.26,4.0,0.1975,0.288,0.24641391,279.38,0.1795,0.0,BTC-18MAR20-4000-C,5306.88,0.0,0.2215,6.0,0.252,6.0,411.81,0.10777,-15.05396,0.09373,6e-05,0.98331
5256.29,SYN.BTC-24APR20,1584442741881,open,0.39,0.2,0.3265,0.435,0.38736349,163.59,0.3785,0.0,BTC-24APR20-3500-C,5306.88,136.43,0.368,11.0,0.4055,11.0,186.94,3.953,-8.53667,2.52181,8e-05,0.84971
5301.91,SYN.BTC-18MAR20,1584442741881,open,0.19,5.0,0.1225,0.2225,0.17811556,259.51,0.12,0.0,BTC-18MAR20-4375-C,5306.88,0.0,0.15,6.0,0.185,6.0,349.44,0.29957,-38.87007,0.09722,0.00017,0.94241
5290.45,SYN.BTC-20MAR20,1584442741881,open,0.31,4.0,0.246,0.333,0.29550871,244.03,0.242,0.0,BTC-20MAR20-3750-C,5306.88,0.0,0.2705,8.0,0.3115,8.0,367.01,0.44379,-18.82986,0.27495,8e-05,0.95517
5256.29,SYN.BTC-24APR20,1584442742150,open,4.25,2.0,4.0255,4.6685,4.32736803,171.09,4.2765,0.0,BTC-24APR20-28000-P,5306.88,0.0,3.906,1.1,4.921,0.8,500.0,0.15,-0.33878,-29.04181,0.0,-0.99711
5256.29,SYN.BTC-24APR20,1584442742162,open,2.0,0.0,1.8725,2.248,2.04824252,157.41,None,0.0,BTC-24APR20-16000-P,5306.88,0.0,1.5475,1.0,2.5475,1.0,500.0,1.02536,-2.13066,-16.48407,2e-05,-0.97392
5256.29,SYN.BTC-24APR20,1584442742163,open,3.5,0.0,3.308,3.8605,3.56690669,170.06,None,0.0,BTC-24APR20-24000-P,5306.88,0.0,3.066,1.0,4.066,1.0,500.0,0.29812,-0.66926,-24.87569,1e-05,-0.99376
5269.6,BTC-26JUN20,1584442742165,open,1.65,12.5,1.518,1.8755,1.68837304,125.48,1.427,0.0,BTC-26JUN20-14000-P,5306.88,0.0,1.19,1.0,2.19,1.0,391.0,5.69606,-3.54273,-37.33521,6e-05,-0.87521
5256.29,SYN.BTC-24APR20,1584442742166,open,1.08,0.1,0.98,1.256,1.11109087,149.22,0.93,0.0,BTC-24APR20-11000-P,5306.88,0.0,0.611,1.0,1.611,1.0,500.0,2.91679,-5.74554,-10.98298,7e-05,-0.90251
5256.29,SYN.BTC-24APR20,1584442742168,open,2.75,0.0,2.59,3.053,2.80682525,164.29,2.4195,0.0,BTC-24APR20-20000-P,5306.88,0.0,2.306,1.0,3.306,1.0,500.0,0.52496,-1.13852,-20.69905,1e-05,-0.9881
5269.6,BTC-26JUN20,1584442742169,open,0.95,678.9,0.8305,1.1145,0.97028782,122.72,1.3,0.0,BTC-26JUN20-10000-P,5306.88,0.0,0.4715,1.0,1.3,0.1,286.65,8.82742,-5.36945,-25.03489,9e-05,-0.74871
5256.29,SYN.BTC-24APR20,1584442742173,open,1.26,0.0,1.157,1.451,1.29583519,150.13,None,0.0,BTC-24APR20-12000-P,5306.88,0.0,0.796,1.0,1.796,1.0,500.0,2.30958,-4.57733,-12.13268,5e-05,-0.92855
5269.6,BTC-26JUN20,1584442742176,open,2.02,2.9,1.8715,2.268,2.0586957,127.13,1.776,0.0,BTC-26JUN20-16000-P,5306.88,0.0,1.5605,1.0,2.5605,1.0,398.9,4.57839,-2.88504,-43.20374,5e-05,-0.90784
5290.45,SYN.BTC-20MAR20,1584442742178,open,0.86,0.0,0.7835,1.0105,0.89023719,220.39,None,0.0,BTC-20MAR20-10000-P,5306.88,0.0,0.2915,1.2,1.0715,4.9,500.0,0.01284,-0.49207,-0.78755,0.0,-0.9992
5290.45,SYN.BTC-20MAR20,1584442742179,open,0.49,160.9,0.427,0.6095,0.51310382,206.85,0.55,0.0,BTC-20MAR20-8000-P,5306.88,0.0,0.214,2.5,0.874,2.5,500.0,0.18156,-6.52978,-0.62428,4e-05,-0.98463
5290.45,SYN.BTC-20MAR20,1584442742191,open,0.45,368.8,0.382,0.56,0.46608379,199.48,0.7,0.0,BTC-20MAR20-7750-P,5306.88,0.0,0.167,2.5,0.827,2.5,500.0,0.2209,-7.66146,-0.60303,5e-05,-0.98067
5290.45,SYN.BTC-20MAR20,1584442742193,open,0.35,514.0,0.293,0.4615,0.37284615,191.26,0.3955,0.0,BTC-20MAR20-7250-P,5306.88,0.0,0.0735,2.5,0.3885,0.1,300.58,0.3903,-12.97903,-0.55627,9e-05,-0.96174
5290.45,SYN.BTC-20MAR20,1584442742194,open,0.77,0.0,0.6945,0.91,0.79577327,217.19,None,0.0,BTC-20MAR20-9500-P,5306.88,0.0,0.497,2.5,1.157,2.5,500.0,0.02486,-0.93887,-0.74782,1e-05,-0.99836
5250.3,BTC-27MAR20,1584442742196,open,2.38,0.0,2.2345,2.647,2.4283581,0.0,1.23,0.0,BTC-27MAR20-18000-P,5306.88,0.0,2.024,2.5,2.824,2.5,500.0,0.0,0.0,-4.87021,0.0,-1.0
5250.3,BTC-27MAR20,1584442742202,open,1.82,2.0,1.6955,2.0395,1.85703477,190.53,0.4565,0.0,BTC-27MAR20-15000-P,5306.88,0.0,1.4535,2.5,2.2535,2.5,500.0,0.02106,-0.20315,-4.05758,0.0,-0.9993
5250.35,BTC-27MAR20,1584442742205,open,1.25,145.6,1.1565,1.4325,1.2863111,194.83,1.367,0.0,BTC-27MAR20-12000-P,5306.88,0.0,0.8835,2.5,1.6835,2.5,500.0,0.1847,-1.82187,-3.23682,1e-05,-0.99222
5250.35,BTC-27MAR20,1584442742207,open,3.13,5.6,2.9535,3.4575,3.19020538,223.84,2.888,0.0,BTC-27MAR20-22000-P,5306.88,0.0,2.785,2.5,3.585,2.5,500.0,0.00357,-0.04048,-5.95234,0.0,-0.9999
5250.35,BTC-27MAR20,1584442742210,open,1.63,69.5,1.516,1.837,1.6666562,195.61,2.8715,0.0,BTC-27MAR20-14000-P,5306.88,0.0,1.2635,2.5,2.0635,2.5,500.0,0.05333,-0.52818,-3.78542,0.0,-0.99806
5250.35,BTC-27MAR20,1584442742212,open,1.44,12.0,1.336,1.6345,1.47637107,194.91,1.485,0.0,BTC-27MAR20-13000-P,5306.88,0.0,1.0735,2.5,1.8735,2.5,500.0,0.09817,-0.96874,-3.51244,1e-05,-0.99618
5256.29,SYN.BTC-24APR20,1584442742214,open,4.25,2.0,4.0255,4.6685,4.32736803,171.09,4.2765,0.0,BTC-24APR20-28000-P,5306.88,0.0,3.906,1.1,4.9215,0.8,500.0,0.15,-0.33878,-29.04181,0.0,-0.99711
5256.29,SYN.BTC-24APR20,1584442742215,open,2.0,0.0,1.8725,2.248,2.04824252,157.41,None,0.0,BTC-24APR20-16000-P,5306.88,0.0,1.5475,1.0,2.548,1.0,500.0,1.02536,-2.13066,-16.48407,2e-05,-0.97392
5256.29,SYN.BTC-24APR20,1584442742217,open,3.5,0.0,3.308,3.8605,3.56690669,170.06,None,0.0,BTC-24APR20-24000-P,5306.88,0.0,3.066,1.0,4.0665,1.0,500.0,0.29812,-0.66926,-24.87569,1e-05,-0.99376
5269.6,BTC-26JUN20,1584442742219,open,1.65,12.5,1.518,1.8755,1.68837304,125.48,1.427,0.0,BTC-26JUN20-14000-P,5306.88,0.0,1.19,1.0,2.1905,1.0,391.28,5.69606,-3.54273,-37.33521,6e-05,-0.87521
5256.29,SYN.BTC-24APR20,1584442742221,open,1.08,0.1,0.98,1.256,1.11109087,149.22,0.93,0.0,BTC-24APR20-11000-P,5306.88,0.0,0.611,1.0,1.6115,1.0,500.0,2.91679,-5.74554,-10.98298,7e-05,-0.90251
5256.29,SYN.BTC-24APR20,1584442742234,open,2.75,0.0,2.59,3.053,2.80682525,164.29,2.4195,0.0,BTC-24APR20-20000-P,5306.88,0.0,2.306,1.0,3.3065,1.0,500.0,0.52496,-1.13852,-20.69905,1e-05,-0.9881
5256.29,SYN.BTC-24APR20,1584442742237,open,1.26,0.0,1.157,1.451,1.29583519,150.13,None,0.0,BTC-24APR20-12000-P,5306.88,0.0,0.796,1.0,1.7965,1.0,500.0,2.30958,-4.57733,-12.13268,5e-05,-0.92855
116.86,SYN.ETH-18MAR20,1584442742238,open,0.03,210.0,0.0005,0.0415,0.020939,164.87,0.0335,0.0,ETH-18MAR20-120-C,116.99,135.52,0.0155,252.0,0.0325,252.0,225.67,0.02191,-1.80574,0.00103,0.04055,0.38656
5269.6,BTC-26JUN20,1584442742239,open,2.02,2.9,1.8715,2.268,2.0586957,127.13,1.776,0.0,BTC-26JUN20-16000-P,5306.88,0.0,1.5605,1.0,2.561,1.0,399.17,4.57839,-2.88504,-43.20374,5e-05,-0.90784
5290.45,SYN.BTC-20MAR20,1584442742241,open,0.86,0.0,0.7835,1.0105,0.89023719,220.39,None,0.0,BTC-20MAR20-10000-P,5306.88,0.0,0.2915,1.2,1.072,4.9,500.0,0.01284,-0.49207,-0.78755,0.0,-0.9992
5290.45,SYN.BTC-20MAR20,1584442742244,open,0.49,160.9,0.427,0.6095,0.51310382,206.85,0.55,0.0,BTC-20MAR20-8000-P,5306.88,0.0,0.214,2.5,0.8745,2.5,500.0,0.18156,-6.52978,-0.62428,4e-05,-0.98463
5290.45,SYN.BTC-20MAR20,1584442742246,open,0.45,368.8,0.382,0.56,0.46608379,199.48,0.7,0.0,BTC-20MAR20-7750-P,5306.88,0.0,0.167,2.5,0.8275,2.5,500.0,0.2209,-7.66146,-0.60303,5e-05,-0.98067
5290.45,SYN.BTC-20MAR20,1584442742250,open,0.77,0.0,0.6945,0.91,0.79577327,217.19,None,0.0,BTC-20MAR20-9500-P,5306.88,0.0,0.497,2.5,1.1575,2.5,500.0,0.02486,-0.93887,-0.74782,1e-05,-0.99836
5250.3,BTC-27MAR20,1584442742251,open,2.38,0.0,2.2345,2.647,2.4283581,0.0,1.23,0.0,BTC-27MAR20-18000-P,5306.88,0.0,2.024,2.5,2.8245,2.5,500.0,0.0,0.0,-4.87021,0.0,-1.0
5250.3,BTC-27MAR20,1584442742253,open,1.82,2.0,1.6955,2.0395,1.85703477,190.53,0.4565,0.0,BTC-27MAR20-15000-P,5306.88,0.0,1.4535,2.5,2.254,2.5,500.0,0.02106,-0.20315,-4.05758,0.0,-0.9993
5250.35,BTC-27MAR20,1584442742265,open,1.25,145.6,1.1565,1.4325,1.2863111,194.83,1.367,0.0,BTC-27MAR20-12000-P,5306.88,0.0,0.8835,2.5,1.684,2.5,500.0,0.1847,-1.82187,-3.23682,1e-05,-0.99222
5250.35,BTC-27MAR20,1584442742269,open,3.13,5.6,2.9535,3.4575,3.19020538,223.84,2.888,0.0,BTC-27MAR20-22000-P,5306.88,0.0,2.785,2.5,3.5855,2.5,500.0,0.00357,-0.04048,-5.95234,0.0,-0.9999
5250.35,BTC-27MAR20,1584442742278,open,1.63,69.5,1.516,1.837,1.6666562,195.61,2.8715,0.0,BTC-27MAR20-14000-P,5306.88,0.0,1.2635,2.5,2.064,2.5,500.0,0.05333,-0.52818,-3.78542,0.0,-0.99806
5250.35,BTC-27MAR20,1584442742280,open,1.44,12.0,1.336,1.6345,1.47637107,194.91,1.485,0.0,BTC-27MAR20-13000-P,5306.88,0.0,1.0735,2.5,1.874,2.5,500.0,0.09817,-0.96874,-3.51244,1e-05,-0.99618
116.55,SYN.ETH-20MAR20,1584442742310,open,0.61,249.0,0.583,0.681,0.630763,225.32,0.517,0.0,ETH-20MAR20-190-P,116.99,0.0,0.0005,32.0,1.039,12.0,500.0,0.00265,-0.10381,-0.01489,0.0011,-0.99045
116.55,SYN.ETH-20MAR20,1584442742316,open,0.78,185.0,0.7495,0.8575,0.801998,240.18,0.65,0.0,ETH-20MAR20-210-P,116.99,0.0,0.0005,20.0,0.0,0.0,0.0,0.00122,-0.05078,-0.01651,0.00047,-0.99604
116.55,SYN.ETH-20MAR20,1584442742316,open,0.94,126.0,0.916,1.034,0.973534,265.31,0.9,0.0,ETH-20MAR20-230-P,116.99,0.0,0.0005,40.0,0.0,0.0,0.0,0.00089,-0.04122,-0.0181,0.00031,-0.99719
116.55,SYN.ETH-20MAR20,1584442742316,open,0.86,170.0,0.833,0.946,0.887752,251.86,0.83,0.0,ETH-20MAR20-220-P,116.99,0.0,0.05,36.0,0.0,0.0,0.0,0.00099,-0.04352,-0.01731,0.00037,-0.99683
116.55,SYN.ETH-20MAR20,1584442742318,open,1.11,41.0,1.083,1.211,1.14513,293.77,1.08,0.0,ETH-20MAR20-250-P,116.99,0.0,0.0,0.0,0.0,0.0,0.0,0.00083,-0.04227,-0.01967,0.00026,-0.99741
116.55,SYN.ETH-20MAR20,1584442742318,open,1.03,283.0,0.9995,1.1225,1.059329,279.5,0.987,0.0,ETH-20MAR20-240-P,116.99,0.0,0.0005,50.0,0.0,0.0,0.0,0.00085,-0.04123,-0.01889,0.00028,-0.99734
5293.79,BTC-25SEP20,1584442742467,open,0.28,173.8,0.1865,0.3355,0.27142925,111.31,0.271,0.0,BTC-25SEP20-6000-C,5306.88,108.48,0.2635,17.0,0.2795,11.0,114.19,14.84732,-4.30645,9.08986,9e-05,0.59806
5293.79,BTC-25SEP20,1584442742498,open,0.28,173.8,0.1865,0.3355,0.27142925,111.31,0.271,0.0,BTC-25SEP20-6000-C,5306.88,108.48,0.2635,17.0,0.2795,28.0,114.19,14.84732,-4.30645,9.08986,9e-05,0.59806
5301.91,SYN.BTC-18MAR20,1584442742507,open,0.03,34.8,0.0005,0.076,0.02878949,179.24,0.022,0.0,BTC-18MAR20-5375-C,5306.88,162.28,0.0255,20.0,0.0315,29.0,193.19,1.02955,-92.26712,0.05426,0.00085,0.45539
5293.79,BTC-25SEP20,1584442742510,open,0.05,261.9,0.013,0.0885,0.04740074,116.1,0.0455,0.0,BTC-25SEP20-18000-C,5306.88,112.83,0.042,20.0,0.053,36.0,119.32,8.98158,-2.71736,2.87793,5e-05,0.15082
5256.29,SYN.BTC-24APR20,1584442742581,open,0.13,214.5,0.0675,0.1865,0.13228523,143.11,0.1275,0.0,BTC-24APR20-6000-C,5306.88,139.38,0.1275,28.0,0.1355,13.0,145.62,6.74417,-12.74133,1.88268,0.00016,0.47745
5256.29,SYN.BTC-24APR20,1584442742582,open,4.25,2.0,4.0255,4.6685,4.32736803,171.09,4.2765,0.0,BTC-24APR20-28000-P,5306.88,0.0,3.9065,1.1,4.9215,0.8,500.0,0.15,-0.33878,-29.04181,0.0,-0.99711
5269.6,BTC-26JUN20,1584442742584,open,1.29,124.0,1.1695,1.4895,1.32381238,123.88,1.2925,0.0,BTC-26JUN20-12000-P,5306.88,0.0,0.8255,1.0,1.8255,1.0,384.08,7.11855,-4.37111,-31.3073,7e-05,-0.82587
5269.6,BTC-26JUN20,1584442742586,open,0.78,626.3,0.668,0.933,0.80031265,122.28,0.912,0.0,BTC-26JUN20-9000-P,5306.88,0.0,0.3015,1.0,1.3015,1.0,380.79,9.6977,-5.87749,-21.78346,0.0001,-0.69543
5256.29,SYN.BTC-24APR20,1584442742587,open,1.63,0.0,1.5145,1.8495,1.67148914,156.78,None,0.0,BTC-24APR20-14000-P,5306.88,0.0,1.1705,1.0,2.1705,1.0,500.0,1.62754,-3.36857,-14.32162,4e-05,-0.95421
5269.65,BTC-26JUN20,1584442742599,open,1.47,0.1,1.343,1.6815,1.50516148,124.7,1.729,0.0,BTC-26JUN20-13000-P,5306.88,0.0,1.007,1.0,1.792,0.1,277.52,6.37101,-3.9379,-34.34462,7e-05,-0.85305
5256.29,SYN.BTC-24APR20,1584442742610,open,3.5,0.0,3.308,3.8605,3.56690669,170.06,None,0.0,BTC-24APR20-24000-P,5306.88,0.0,3.0665,1.0,4.0665,1.0,500.0,0.29812,-0.66926,-24.87569,1e-05,-0.99376
5290.45,SYN.BTC-20MAR20,1584442742614,open,0.91,0.0,0.828,1.061,0.9374813,222.91,None,0.0,BTC-20MAR20-10250-P,5306.88,0.0,0.339,1.2,1.119,4.9,500.0,0.00972,-0.37684,-0.80732,0.0,-0.99941
5256.29,SYN.BTC-24APR20,1584442742617,open,0.13,214.5,0.0675,0.1865,0.13228523,143.11,0.1275,0.0,BTC-24APR20-6000-C,5306.88,139.38,0.1275,28.0,0.136,43.5,146.01,6.74417,-12.74133,1.88268,0.00016,0.47745
5290.45,SYN.BTC-20MAR20,1584442742618,open,1.1,0.0,1.0065,1.262,1.12648699,240.36,None,0.0,BTC-20MAR20-11250-P,5306.88,0.0,0.8285,2.5,1.4885,2.5,500.0,0.00523,-0.21858,-0.88622,0.0,-0.9997
5290.45,SYN.BTC-20MAR20,1584442742620,open,0.63,865.5,0.5605,0.7595,0.65423498,214.6,0.72,0.0,BTC-20MAR20-8750-P,5306.88,0.0,0.3555,2.5,1.0155,2.5,500.0,0.07325,-2.73327,-0.68724,2e-05,-0.99455
5290.45,SYN.BTC-20MAR20,1584442742621,open,1.0,0.0,0.917,1.1615,1.03198069,230.28,None,0.0,BTC-20MAR20-10750-P,5306.88,0.0,0.7335,2.5,1.3935,2.5,500.0,0.00648,-0.25949,-0.8468,0.0,-0.99962
5290.45,SYN.BTC-20MAR20,1584442742623,open,0.14,56.8,0.077,0.2285,0.15165705,167.68,0.3045,0.0,BTC-20MAR20-6000-P,5306.88,0.0,0.0,0.0,0.6615,1.7,500.0,1.39149,-40.5677,-0.38821,0.00038,-0.77971
5290.45,SYN.BTC-20MAR20,1584442742624,open,0.26,160.0,0.204,0.366,0.28032874,175.56,0.455,0.0,BTC-20MAR20-6750-P,5306.88,0.0,0.0,0.0,0.642,2.5,500.0,0.6214,-18.96745,-0.50503,0.00016,-0.93131
5290.45,SYN.BTC-20MAR20,1584442742627,open,0.18,334.0,0.117,0.2725,0.19223602,168.71,0.356,0.0,BTC-20MAR20-6250-P,5306.88,0.0,0.0,0.0,0.5535,2.5,500.0,1.09289,-32.05799,-0.43459,0.00029,-0.85041
5250.3,BTC-27MAR20,1584442742629,open,2.75,3.0,2.594,3.052,2.80927927,0.0,2.33,0.0,BTC-27MAR20-20000-P,5306.88,0.0,2.4685,2.9,3.2805,2.1,500.0,0.0,0.0,-5.41134,0.0,-1.0
5250.3,BTC-27MAR20,1584442742632,open,1.07,251.7,0.977,1.231,1.09656845,191.76,1.07,0.0,BTC-27MAR20-11000-P,5306.88,0.0,0.694,2.5,1.494,2.5,500.0,0.31517,-3.05985,-2.95789,2e-05,-0.98563
5250.3,BTC-27MAR20,1584442742634,open,2.0,21.1,1.875,2.242,2.04747595,193.1,2.255,0.0,BTC-27MAR20-16000-P,5306.88,0.0,1.644,2.5,2.444,2.5,500.0,0.01263,-0.12346,-4.32854,0.0,-0.99959
5250.3,BTC-27MAR20,1584442742638,open,2.38,0.0,2.2345,2.647,2.4283581,0.0,1.23,0.0,BTC-27MAR20-18000-P,5306.88,0.0,2.0245,2.5,2.8245,2.5,500.0,0.0,0.0,-4.87021,0.0,-1.0
5256.29,SYN.BTC-24APR20,1584442742642,open,4.25,2.0,4.0255,4.6685,4.32736803,171.09,4.2765,0.0,BTC-24APR20-28000-P,5306.88,0.0,3.9065,1.1,4.922,0.8,500.0,0.15,-0.33878,-29.04181,0.0,-0.99711
5269.6,BTC-26JUN20,1584442742644,open,1.29,124.0,1.1695,1.4895,1.32381238,123.88,1.2925,0.0,BTC-26JUN20-12000-P,5306.88,0.0,0.8255,1.0,1.826,1.0,384.36,7.11855,-4.37111,-31.3073,7e-05,-0.82587
5269.6,BTC-26JUN20,1584442742645,open,0.78,626.3,0.668,0.933,0.80031265,122.28,0.912,0.0,BTC-26JUN20-9000-P,5306.88,0.0,0.3015,1.0,1.302,1.0,381.1,9.6977,-5.87749,-21.78346,0.0001,-0.69543
5256.29,SYN.BTC-24APR20,1584442742648,open,1.63,0.0,1.5145,1.8495,1.67148914,156.78,None,0.0,BTC-24APR20-14000-P,5306.88,0.0,1.1705,1.0,2.171,1.0,500.0,1.62754,-3.36857,-14.32162,4e-05,-0.95421
5256.29,SYN.BTC-24APR20,1584442742652,open,3.5,0.0,3.308,3.8605,3.56690669,170.06,None,0.0,BTC-24APR20-24000-P,5306.88,0.0,3.0665,1.0,4.067,1.0,500.0,0.29812,-0.66926,-24.87569,1e-05,-0.99376
5290.45,SYN.BTC-20MAR20,1584442742655,open,0.91,0.0,0.828,1.061,0.9374813,222.91,None,0.0,BTC-20MAR20-10250-P,5306.88,0.0,0.339,1.2,1.1195,4.9,500.0,0.00972,-0.37684,-0.80732,0.0,-0.99941
5290.45,SYN.BTC-20MAR20,1584442742657,open,1.1,0.0,1.0065,1.262,1.12647374,240.36,None,0.0,BTC-20MAR20-11250-P,5306.88,0.0,0.8285,2.5,1.489,2.5,500.0,0.00523,-0.21858,-0.88622,0.0,-0.9997
5290.45,SYN.BTC-20MAR20,1584442742659,open,0.63,865.5,0.5605,0.7595,0.6542246,214.6,0.72,0.0,BTC-20MAR20-8750-P,5306.88,0.0,0.3555,2.5,1.016,2.5,500.0,0.07325,-2.73327,-0.68724,2e-05,-0.99455
5290.45,SYN.BTC-20MAR20,1584442742661,open,1.0,0.0,0.917,1.1615,1.03196803,230.28,None,0.0,BTC-20MAR20-10750-P,5306.88,0.0,0.7335,2.5,1.394,2.5,500.0,0.00648,-0.25949,-0.8468,0.0,-0.99962
5250.3,BTC-27MAR20,1584442742662,open,2.75,3.0,2.594,3.052,2.80930829,0.0,2.33,0.0,BTC-27MAR20-20000-P,5306.88,0.0,2.4685,2.9,3.281,2.1,500.0,0.0,0.0,-5.41134,0.0,-1.0
5250.3,BTC-27MAR20,1584442742665,open,1.07,251.7,0.977,1.231,1.09658381,191.76,1.07,0.0,BTC-27MAR20-11000-P,5306.88,0.0,0.694,2.5,1.4945,2.5,500.0,0.31517,-3.05985,-2.95789,2e-05,-0.98563
5250.3,BTC-27MAR20,1584442742667,open,2.0,21.1,1.875,2.242,2.04748175,193.1,2.255,0.0,BTC-27MAR20-16000-P,5306.88,0.0,1.644,2.5,2.4445,2.5,500.0,0.01263,-0.12346,-4.32854,0.0,-0.99959
5250.3,BTC-27MAR20,1584442742668,open,2.38,0.0,2.2345,2.647,2.42838422,0.0,1.23,0.0,BTC-27MAR20-18000-P,5306.88,0.0,2.0245,2.5,2.825,2.5,500.0,0.0,0.0,-4.87021,0.0,-1.0
116.81,SYN.ETH-25SEP20,1584442742714,open,5.44,0.0,5.3195,5.7405,5.530156,134.59,None,0.0,ETH-25SEP20-760-P,116.99,0.0,0.0,0.0,0.0,0.0,0.0,0.12131,-0.04255,-3.9631,0.00126,-0.92383
116.15,ETH-26JUN20,1584442742716,open,4.44,0.0,4.3495,4.687,4.521279,153.79,None,0.0,ETH-26JUN20-640-P,116.99,0.0,0.01,50.0,0.0,0.0,0.0,0.05679,-0.04329,-1.75825,0.00099,-0.95605
116.15,ETH-26JUN20,1584442742716,open,3.77,0.0,3.681,3.9805,3.8357,150.55,None,0.0,ETH-26JUN20-560-P,116.99,0.0,0.01,50.0,0.0,0.0,0.0,0.06862,-0.05121,-1.5344,0.00122,-0.94428
116.15,ETH-26JUN20,1584442742718,open,5.12,0.0,5.018,5.3945,5.207301,155.32,4.702,0.0,ETH-26JUN20-720-P,116.99,0.0,0.0,0.0,0.0,0.0,0.0,0.04599,-0.0354,-1.98169,0.00079,-0.96608
116.81,SYN.ETH-25SEP20,1584442742718,open,2.46,0.0,2.3505,2.63,2.505732,134.18,None,0.0,ETH-25SEP20-400-P,116.99,0.0,0.0,0.0,0.0,0.0,0.0,0.24949,-0.08724,-2.01882,0.00259,-0.78195
116.81,SYN.ETH-25SEP20,1584442742718,open,4.77,0.0,4.6565,5.042,4.85156,134.46,None,0.0,ETH-25SEP20-680-P,116.99,0.0,0.0,0.0,0.0,0.0,0.0,0.14148,-0.04957,-3.53576,0.00147,-0.90649
116.81,SYN.ETH-25SEP20,1584442742857,open,1.19,146.0,1.0855,1.314,1.219797,131.07,0.9895,0.0,ETH-25SEP20-240-P,116.99,0.0,0.0,0.0,0.0,0.0,0.0,0.32464,-0.11088,-1.12437,0.00345,-0.61127
116.15,ETH-26JUN20,1584442742867,open,0.98,528.0,0.879,1.0615,1.005926,144.43,0.869,0.0,ETH-26JUN20-220-P,116.99,0.0,0.0,0.0,0.0,0.0,0.0,0.21898,-0.15677,-0.54049,0.00407,-0.6778
116.81,SYN.ETH-25SEP20,1584442742884,open,4.1,0.0,3.992,4.3375,4.175358,134.36,None,0.0,ETH-25SEP20-600-P,116.99,0.0,0.0,0.0,0.0,0.0,0.0,0.16589,-0.05808,-3.10643,0.00172,-0.88352
5293.47,BTC-25SEP20,1584442742889,open,5.72,0.0,5.418,6.2575,5.81131754,120.51,None,0.0,BTC-25SEP20-36000-P,5306.58,0.0,0.0,0.0,0.0,0.0,0.0,3.26936,-1.02664,-188.44166,2e-05,-0.96056
5250.31,BTC-27MAR20,1584442742889,open,3.5,0.0,3.3125,3.8625,3.57112398,0.0,None,0.0,BTC-27MAR20-24000-P,5306.58,0.0,0.0005,1.1,0.0,0.0,0.0,0.0,0.0,-6.49361,0.0,-1.0
5269.57,BTC-26JUN20,1584442742889,open,4.62,5.5,4.3715,5.0665,4.69718435,136.54,5.702,0.0,BTC-26JUN20-30000-P,5306.58,0.0,0.0005,1.0,0.0,0.0,0.0,1.31279,-0.88843,-82.68755,1e-05,-0.9805
5296.14,SYN.BTC-19MAR20,1584442742888,open,0.0,0.0715,0.2205,0.14513217,180.35,None,0.0,BTC-19MAR20-6000-P,5306.58,0.0,0.1175,5.0,0.1765,5.0,314.96,1.00976,-48.54606,-0.2616,0.00039,-0.81607
5269.27,BTC-26JUN20,1584442742891,open,0.15,236.6,0.0835,0.213,0.15437559,121.36,0.161,0.0,BTC-26JUN20-7000-C,5306.58,119.26,0.15,39.1,0.158,7.5,123.1,10.96355,-6.59499,4.30224,0.00012,0.4498
5269.27,BTC-26JUN20,1584442742891,open,0.02,529.4,0.004,0.0505,0.02242946,127.16,0.03,0.0,BTC-26JUN20-16000-C,5306.58,124.88,0.0205,48.5,0.0245,4.7,129.48,4.57992,-2.88657,1.01614,5e-05,0.09221
5269.27,BTC-26JUN20,1584442742891,open,3.5,0.0,3.298,3.8615,3.56201582,132.27,None,0.0,BTC-26JUN20-24000-P,5306.58,0.0,0.0005,1.0,0.0,0.0,0.0,2.06113,-1.35134,-65.9488,2e-05,-0.96657
5293.47,BTC-25SEP20,1584442742892,open,2.04,3.4,1.877,2.299,2.07971353,114.17,2.028,0.0,BTC-25SEP20-16000-P,5306.58,0.0,0.0,0.0,0.0,0.0,0.0,10.00623,-2.97691,-80.74157,6e-05,-0.82183
5293.47,BTC-25SEP20,1584442742892,open,2.4,0.9,2.227,2.6895,2.44760866,115.98,2.2055,0.0,BTC-25SEP20-18000-P,5306.58,0.0,0.0,0.0,0.0,0.0,0.0,8.96252,-2.70881,-91.75307,5e-05,-0.84965
5269.27,BTC-26JUN20,1584442742893,open,2.75,0.1,2.5835,3.062,2.80822392,130.6,1.85,0.0,BTC-26JUN20-20000-P,5306.58,0.0,0.0005,1.0,0.0,0.0,0.0,3.07569,-1.99105,-54.65927,3e-05,-0.94513
5296.14,SYN.BTC-19MAR20,1584442742888,open,0.0,0.052,0.199,0.12542986,179.66,None,0.0,BTC-19MAR20-5875-P,5306.58,0.0,0.0985,6.0,0.154,6.0,295.44,1.15097,-55.12074,-0.24388,0.00044,-0.77066
5293.47,BTC-25SEP20,1584442742894,open,2.76,1.4,2.5785,3.0805,2.81656422,116.7,2.526,0.0,BTC-25SEP20-20000-P,5306.58,0.0,0.0,0.0,0.0,0.0,0.0,7.92271,-2.40933,-102.71151,5e-05,-0.8745
5296.14,SYN.BTC-19MAR20,1584442742888,open,1.7,0.0005,0.0815,0.03505814,178.73,0.03,0.0,BTC-19MAR20-5500-C,5306.58,165.91,0.0315,20.0,0.0375,11.0,187.48,1.47483,-70.26598,0.10171,0.00057,0.40876
5296.14,SYN.BTC-19MAR20,1584442742888,open,1.0,0.0005,0.0445,0.01224097,180.41,0.011,0.0,BTC-19MAR20-6000-C,5306.58,171.05,0.0105,20.0,0.014,16.0,189.43,1.01004,-48.57402,0.04675,0.00039,0.18401
5296.14,SYN.BTC-19MAR20,1584442742888,open,0.0,0.035,0.178,0.10669162,178.69,None,0.0,BTC-19MAR20-5750-P,5306.58,0.0,0.0805,6.0,0.133,6.0,279.68,1.28173,-61.05207,-0.22454,0.0005,-0.71832
5301.86,SYN.BTC-18MAR20,1584442742889,open,0.08,0.0,0.025,0.1635,0.09374704,182.58,None,0.0,BTC-18MAR20-5750-P,5306.58,0.0,0.002,1.0,0.0,0.0,0.0,0.71415,-65.19439,-0.11443,0.00058,-0.80582
5301.86,SYN.BTC-18MAR20,1584442742889,open,0.1,0.0,0.046,0.186,0.11417405,184.49,None,0.0,BTC-18MAR20-5875-P,5306.58,0.0,0.0005,1.0,0.0,0.0,0.0,0.57152,-52.72086,-0.12421,0.00046,-0.8623
5296.14,SYN.BTC-19MAR20,1584442742888,open,20.0,0.004,0.1065,0.0561325,181.56,0.052,0.0,BTC-19MAR20-5250-C,5306.58,166.98,0.052,20.0,0.0595,9.0,193.44,1.50142,-72.66512,0.13513,0.00057,0.55263
5296.14,SYN.BTC-19MAR20,1584442742929,open,12.0,0.0015,0.0935,0.04435269,178.72,0.042,0.0,BTC-19MAR20-5375-C,5306.58,166.98,0.041,20.0,0.046,10.0,184.49,1.51263,-72.0628,0.11844,0.00059,0.47954
5250.01,BTC-27MAR20,1584442742930,open,0.43,1139.4,0.3515,0.543,0.44345209,166.95,0.436,0.0,BTC-27MAR20-7500-P,5306.58,0.0,0.4285,6.0,0.496,5.0,278.73,1.75488,-14.83308,-1.87608,0.00014,-0.87729
5250.01,BTC-27MAR20,1584442742934,open,0.43,1139.4,0.3515,0.543,0.44345209,166.95,0.436,0.0,BTC-27MAR20-7500-P,5306.58,0.0,0.4285,11.0,0.496,5.0,278.73,1.75488,-14.83308,-1.87608,0.00014,-0.87729
116.81,SYN.ETH-25SEP20,1584442742945,open,0.38,226.0,0.2825,0.4415,0.38697,132.2,0.416,0.0,ETH-25SEP20-120-P,116.99,117.99,0.3495,66.0,0.431,23.0,149.28,0.30518,-0.10513,-0.43782,0.00322,-0.32595
115.69,SYN.ETH-24APR20,1584442742957,open,0.11,15.0,0.0395,0.1275,0.112569,159.28,0.1245,0.0,ETH-24APR20-150-C,116.99,148.32,0.099,336.0,0.122,338.0,166.83,0.14412,-0.30304,0.03468,0.00651,0.40145
116.71,SYN.ETH-19MAR20,1584442742957,open,0.0,0.001,0.083,0.038762,161.05,None,0.0,ETH-19MAR20-115-P,116.99,163.68,0.0395,266.0,0.0595,266.0,234.7,0.03281,-1.40852,-0.00279,0.02911,-0.42653
116.71,SYN.ETH-19MAR20,1584442742957,open,0.0,0.005,0.1155,0.061636,159.23,None,0.0,ETH-19MAR20-120-P,116.99,153.4,0.06,242.0,0.0845,242.0,239.85,0.0328,-1.39214,-0.00381,0.02943,-0.57411
115.69,SYN.ETH-24APR20,1584442742968,open,0.33,688.0,0.2465,0.3735,0.343698,159.36,0.4455,0.0,ETH-24APR20-140-P,116.99,0.0,0.046,12.0,0.446,12.0,239.12,0.1477,-0.31073,-0.10679,0.00667,-0.5457
115.49,ETH-27MAR20,1584442742970,open,0.19,1062.0,0.1145,0.2105,0.194809,175.51,0.295,0.0,ETH-27MAR20-130-P,116.99,0.0,0.0075,1.0,0.292,12.0,324.78,0.07316,-0.6501,-0.02498,0.01155,-0.60473
116.54,SYN.ETH-20MAR20,1584442742971,open,0.13,513.0,0.0885,0.182,0.139806,178.94,0.2475,0.0,ETH-20MAR20-130-P,116.99,0.0,0.023,20.0,0.246,12.0,491.56,0.03429,-1.06692,-0.00797,0.01791,-0.7286
115.69,SYN.ETH-24APR20,1584442742972,open,0.2,244.0,0.135,0.248,0.22683,160.49,0.2325,0.0,ETH-24APR20-120-P,116.99,135.34,0.195,15.0,0.4295,12.0,328.41,0.14608,-0.30949,-0.07832,0.00655,-0.42552
115.49,ETH-27MAR20,1584442742985,open,0.34,36.0,0.2865,0.3445,0.329726,214.56,0.637,0.0,ETH-27MAR20-80-C,116.99,0.0,0.0865,22.0,0.5265,12.0,500.0,0.03615,-0.3927,0.01745,0.00467,0.88815
116.54,SYN.ETH-20MAR20,1584442742987,open,0.24,28.0,0.204,0.2565,0.232026,192.01,0.2005,0.0,ETH-20MAR20-90-C,116.99,0.0,0.0005,32.0,0.431,12.0,500.0,0.01144,-0.38206,0.00655,0.00557,0.94538
115.49,ETH-27MAR20,1584442742994,open,0.41,75.0,0.3755,0.4185,0.403533,214.74,0.465,0.0,ETH-27MAR20-70-C,116.99,0.0,0.0005,32.0,0.6035,12.0,500.0,0.02127,-0.23127,0.01691,0.00274,0.94454
116.54,SYN.ETH-20MAR20,1584442742998,open,0.2,50.0,0.167,0.2555,0.213672,187.62,0.331,0.0,ETH-20MAR20-140-P,116.99,0.0,0.016,39.0,0.621,12.0,500.0,0.02458,-0.80195,-0.00973,0.01224,-0.84563
115.49,ETH-27MAR20,1584442743007,open,3.78,0.0,3.708,3.9985,3.848908,232.87,None,0.0,ETH-27MAR20-560-P,116.99,0.0,2.639,12.0,4.238,12.0,500.0,3e-05,-0.0004,-0.15152,0.0,-0.99996
115.49,ETH-27MAR20,1584442743008,open,3.44,0.0,3.3715,3.6415,3.502562,232.87,None,0.0,ETH-27MAR20-520-P,116.99,0.0,2.293,12.0,3.8925,12.0,500.0,7e-05,-0.00083,-0.14069,1e-05,-0.99991
115.49,ETH-27MAR20,1584442743010,open,3.1,0.0,3.0355,3.2845,3.156222,232.86,None,0.0,ETH-27MAR20-480-P,116.99,0.0,1.9475,12.0,3.547,12.0,500.0,0.00015,-0.00177,-0.12987,2e-05,-0.99979
115.49,ETH-27MAR20,1584442743012,open,2.76,0.0,2.699,2.9275,2.809898,232.84,2.3815,0.0,ETH-27MAR20-440-P,116.99,0.0,1.602,12.0,3.2015,12.0,500.0,0.00033,-0.00385,-0.11904,4e-05,-0.99952
115.49,ETH-27MAR20,1584442743014,open,2.41,4.0,2.363,2.5705,2.463614,232.82,1.862,0.0,ETH-27MAR20-400-P,116.99,0.0,1.2565,12.0,2.856,12.0,500.0,0.00072,-0.00847,-0.10819,9e-05,-0.99887
115.48,ETH-27MAR20,1584442743016,open,2.07,6.0,2.027,2.2135,2.117435,184.98,1.8335,0.0,ETH-27MAR20-360-P,116.99,0.0,0.911,12.0,2.5105,12.0,500.0,0.00012,-0.00115,-0.0974,2e-05,-0.99983
115.49,ETH-27MAR20,1584442743021,open,1.05,1727.0,1.018,1.1425,1.081421,212.83,1.25,0.0,ETH-27MAR20-240-P,116.99,0.0,0.0005,32.0,1.477,12.0,500.0,0.01213,-0.13069,-0.06417,0.00158,-0.97221
115.49,ETH-27MAR20,1584442743023,open,1.9,0.0,1.8585,2.035,1.944433,232.52,None,0.0,ETH-27MAR20-340-P,116.99,0.0,0.738,12.0,2.338,12.0,500.0,0.00237,-0.02795,-0.09187,0.00028,-0.99575
116.55,SYN.ETH-20MAR20,1584442743026,open,0.61,249.0,0.583,0.681,0.630763,225.32,0.517,0.0,ETH-20MAR20-190-P,116.99,0.0,0.0005,32.0,1.0395,12.0,500.0,0.00265,-0.10381,-0.01489,0.0011,-0.99045
115.49,ETH-27MAR20,1584442743028,open,2.24,0.0,2.1945,2.3915,2.290504,253.16,None,0.0,ETH-27MAR20-380-P,116.99,0.0,1.0835,12.0,2.6835,12.0,500.0,0.00225,-0.02886,-0.1027,0.00025,-0.996
115.49,ETH-27MAR20,1584442743033,open,1.73,981.0,1.6905,1.8565,1.771542,232.34,1.452,0.0,ETH-27MAR20-320-P,116.99,0.0,0.5655,12.0,2.1655,12.0,500.0,0.00354,-0.04162,-0.0864,0.00042,-0.99335
115.69,SYN.ETH-24APR20,1584442743034,open,1.07,27.0,1.017,1.162,1.100638,160.77,0.9705,0.0,ETH-24APR20-240-P,116.99,0.0,0.0,0.0,1.6055,12.0,500.0,0.07674,-0.16287,-0.23718,0.00344,-0.87494
115.49,ETH-27MAR20,1584442743035,open,0.72,4045.0,0.6815,0.7865,0.741744,206.99,0.889,0.0,ETH-27MAR20-200-P,116.99,0.0,0.0005,32.0,1.137,12.0,500.0,0.02677,-0.28059,-0.0521,0.00358,-0.92543
115.69,SYN.ETH-24APR20,1584442743034,open,0.75,1277.0,0.689,0.8275,0.778358,160.65,0.9505,0.0,ETH-24APR20-200-P,116.99,0.0,0.0,0.0,1.28,12.0,500.0,0.10806,-0.22917,-0.18803,0.00484,-0.78784
116.55,SYN.ETH-20MAR20,1584442743034,open,0.01,562.0,0.0005,0.029,0.012401,187.25,0.0215,0.0,ETH-20MAR20-140-C,116.99,172.76,0.0095,3.0,0.0155,298.0,201.35,0.02454,-0.7989,0.0013,0.01224,0.15393
115.69,SYN.ETH-24APR20,1584442743034,open,1.4,8.0,1.351,1.5075,1.437123,166.65,0.604,0.0,ETH-24APR20-280-P,116.99,0.0,0.0,0.0,1.9415,12.0,500.0,0.05754,-0.12658,-0.28249,0.00249,-0.91589
115.49,ETH-27MAR20,1584442743037,open,1.56,0.0,1.522,1.6775,1.598842,236.75,None,0.0,ETH-27MAR20-300-P,116.99,0.0,0.393,12.0,1.993,12.0,500.0,0.00594,-0.07122,-0.08084,0.0007,-0.98798
115.49,ETH-27MAR20,1584442743041,open,0.55,2046.0,0.5135,0.611,0.575589,201.43,0.7125,0.0,ETH-27MAR20-180-P,116.99,0.0,0.0005,157.0,0.9705,12.0,500.0,0.03806,-0.38811,-0.04548,0.00524,-0.87975
115.49,ETH-27MAR20,1584442743044,open,1.22,7.0,1.186,1.3205,1.253292,218.58,1.163,0.0,ETH-27MAR20-260-P,116.99,0.0,0.0485,12.0,1.6485,12.0,500.0,0.00876,-0.09697,-0.06983,0.00111,-0.98111
115.69,SYN.ETH-24APR20,1584442743046,open,2.75,0.0,2.6925,2.922,2.806994,179.23,None,0.0,ETH-24APR20-440-P,116.99,0.0,1.315,12.0,3.3145,12.0,500.0,0.01913,-0.04527,-0.45447,0.00077,-0.97857
115.69,SYN.ETH-24APR20,1584442743050,open,2.07,0.0,2.0215,2.2115,2.119755,175.64,None,0.0,ETH-24APR20-360-P,116.99,0.0,0.6255,12.0,2.625,12.0,500.0,0.03367,-0.07808,-0.36945,0.00138,-0.95759
115.69,SYN.ETH-24APR20,1584442743063,open,2.41,0.0,2.357,2.5665,2.462616,176.16,None,0.0,ETH-24APR20-400-P,116.99,0.0,0.97,12.0,2.9695,12.0,500.0,0.02434,-0.05661,-0.41227,0.00099,-0.97144
115.69,SYN.ETH-24APR20,1584442743065,open,0.91,252.0,0.8515,0.9925,0.93736,160.71,0.733,0.0,ETH-24APR20-220-P,116.99,0.0,0.0,0.0,1.441,12.0,500.0,0.09175,-0.19465,-0.21305,0.00411,-0.8371
115.69,SYN.ETH-24APR20,1584442743067,open,1.74,0.0,1.686,1.858,1.77889,175.3,None,0.0,ETH-24APR20-320-P,116.99,0.0,0.282,12.0,2.282,12.0,500.0,0.04688,-0.10849,-0.32589,0.00193,-0.93566
115.69,SYN.ETH-24APR20,1584442743071,open,1.23,4.0,1.1835,1.3335,1.266585,161.27,1.122,0.0,ETH-24APR20-260-P,116.99,0.0,0.0,0.0,1.773,12.0,500.0,0.06395,-0.13615,-0.26049,0.00286,-0.90302
5293.47,BTC-25SEP20,1584442743074,open,0.05,261.9,0.013,0.0885,0.04739822,116.11,0.0455,0.0,BTC-25SEP20-18000-C,5306.58,112.83,0.042,20.0,0.053,16.0,119.32,8.9807,-2.71715,2.87759,5e-05,0.15081
115.69,SYN.ETH-24APR20,1584442743075,open,0.53,12.0,0.4545,0.59,0.549459,159.39,0.675,0.0,ETH-24APR20-170-P,116.99,0.0,0.0,0.0,1.051,12.0,500.0,0.13168,-0.27708,-0.14869,0.00595,-0.68893
115.69,SYN.ETH-24APR20,1584442743077,open,0.39,192.0,0.3115,0.4425,0.409103,159.37,0.518,0.0,ETH-24APR20-150-P,116.99,0.0,0.001,17.0,0.9105,12.0,500.0,0.14414,-0.30324,-0.12096,0.00651,-0.59838
115.69,SYN.ETH-24APR20,1584442743080,open,0.68,1.0,0.609,0.7465,0.700646,160.64,0.605,0.0,ETH-24APR20-190-P,116.99,0.0,0.0,0.0,1.202,12.0,500.0,0.11638,-0.2468,-0.17513,0.00522,-0.75801
115.69,SYN.ETH-24APR20,1584442743081,open,1.57,0.0,1.518,1.682,1.606386,168.45,None,0.0,ETH-24APR20-300-P,116.99,0.0,0.1115,12.0,2.1115,12.0,500.0,0.04939,-0.10982,-0.30467,0.00211,-0.93119
115.69,SYN.ETH-24APR20,1584442743083,open,1.4,8.0,1.3505,1.5075,1.437123,166.65,0.604,0.0,ETH-24APR20-280-P,116.99,0.0,0.0,0.0,1.942,12.0,500.0,0.05754,-0.12658,-0.28249,0.00249,-0.91589
115.69,SYN.ETH-24APR20,1584442743085,open,0.6,647.0,0.531,0.667,0.623443,159.41,0.4835,0.0,ETH-24APR20-180-P,116.99,0.0,0.02,1.0,1.1255,12.0,500.0,0.12389,-0.26071,-0.16215,0.0056,-0.72709
5293.47,BTC-25SEP20,1584442743086,open,0.05,261.9,0.013,0.0885,0.04739822,116.11,0.0455,0.0,BTC-25SEP20-18000-C,5306.58,112.83,0.042,20.0,0.053,36.0,119.32,8.9807,-2.71715,2.87759,5e-05,0.15081
115.69,SYN.ETH-24APR20,1584442743087,open,0.75,1277.0,0.689,0.827,0.778358,160.65,0.9505,0.0,ETH-24APR20-200-P,116.99,0.0,0.0,0.0,1.2805,12.0,500.0,0.10806,-0.22917,-0.18803,0.00484,-0.78784
115.69,SYN.ETH-24APR20,1584442743092,open,0.46,1857.0,0.3815,0.515,0.47796,159.38,0.5875,0.0,ETH-24APR20-160-P,116.99,0.0,0.0,0.0,0.865,1.0,474.38,0.13859,-0.29159,-0.13495,0.00626,-0.64611
115.69,SYN.ETH-24APR20,1584442743105,open,0.33,688.0,0.2465,0.3735,0.343698,159.36,0.4455,0.0,ETH-24APR20-140-P,116.99,0.0,0.046,12.0,0.4465,12.0,239.52,0.1477,-0.31073,-0.10679,0.00667,-0.5457
115.69,SYN.ETH-24APR20,1584442743107,open,0.2,244.0,0.135,0.248,0.22683,160.49,0.2325,0.0,ETH-24APR20-120-P,116.99,135.34,0.195,3.0,0.4295,12.0,328.41,0.14608,-0.30949,-0.07832,0.00655,-0.42552
116.55,SYN.ETH-20MAR20,1584442743108,open,0.13,513.0,0.0885,0.182,0.139806,178.93,0.2475,0.0,ETH-20MAR20-130-P,116.99,0.0,0.023,5.0,0.246,12.0,491.75,0.03431,-1.06732,-0.00797,0.01791,-0.72842
115.49,ETH-27MAR20,1584442743110,open,0.34,36.0,0.2865,0.3445,0.329726,214.56,0.637,0.0,ETH-27MAR20-80-C,116.99,0.0,0.0865,10.0,0.5265,12.0,500.0,0.03615,-0.3927,0.01745,0.00467,0.88815
115.49,ETH-27MAR20,1584442743116,open,3.78,0.0,3.708,3.9985,3.848908,232.87,None,0.0,ETH-27MAR20-560-P,116.99,0.0,2.639,12.0,4.2395,12.0,500.0,3e-05,-0.0004,-0.15152,0.0,-0.99996
115.49,ETH-27MAR20,1584442743127,open,3.44,0.0,3.3715,3.6415,3.502562,232.87,None,0.0,ETH-27MAR20-520-P,116.99,0.0,2.293,12.0,3.8935,12.0,500.0,7e-05,-0.00083,-0.14069,1e-05,-0.99991
115.49,ETH-27MAR20,1584442743138,open,3.1,0.0,3.0355,3.2845,3.156222,232.86,None,0.0,ETH-27MAR20-480-P,116.99,0.0,1.9475,12.0,3.548,12.0,500.0,0.00015,-0.00177,-0.12987,2e-05,-0.99979
115.49,ETH-27MAR20,1584442743141,open,2.76,0.0,2.699,2.9275,2.809898,232.84,2.3815,0.0,ETH-27MAR20-440-P,116.99,0.0,1.602,12.0,3.2025,12.0,500.0,0.00033,-0.00385,-0.11904,4e-05,-0.99952
115.49,ETH-27MAR20,1584442743149,open,2.41,4.0,2.363,2.5705,2.463614,232.82,1.862,0.0,ETH-27MAR20-400-P,116.99,0.0,1.2565,12.0,2.857,12.0,500.0,0.00072,-0.00847,-0.10819,9e-05,-0.99887
115.48,ETH-27MAR20,1584442743150,open,2.07,6.0,2.027,2.2135,2.117435,184.98,1.8335,0.0,ETH-27MAR20-360-P,116.99,0.0,0.911,12.0,2.5115,12.0,500.0,0.00012,-0.00115,-0.0974,2e-05,-0.99983
115.49,ETH-27MAR20,1584442743152,open,1.9,0.0,1.8585,2.035,1.944433,232.52,None,0.0,ETH-27MAR20-340-P,116.99,0.0,0.738,12.0,2.3385,12.0,500.0,0.00237,-0.02795,-0.09187,0.00028,-0.99575
115.49,ETH-27MAR20,1584442743154,open,2.24,0.0,2.1945,2.3915,2.290504,253.16,None,0.0,ETH-27MAR20-380-P,116.99,0.0,1.0835,12.0,2.684,12.0,500.0,0.00225,-0.02886,-0.1027,0.00025,-0.996
115.49,ETH-27MAR20,1584442743156,open,1.39,1219.0,1.354,1.499,1.426464,231.93,1.77,0.0,ETH-27MAR20-280-P,116.99,0.0,1.3,1.0,1.821,12.0,500.0,0.00783,-0.09195,-0.0753,0.00094,-0.98344
115.49,ETH-27MAR20,1584442743159,open,1.73,981.0,1.6905,1.8565,1.771542,232.34,1.452,0.0,ETH-27MAR20-320-P,116.99,0.0,0.5655,12.0,2.166,12.0,500.0,0.00354,-0.04162,-0.0864,0.00042,-0.99335
115.49,ETH-27MAR20,1584442743161,open,1.56,0.0,1.522,1.6775,1.598842,236.75,None,0.0,ETH-27MAR20-300-P,116.99,0.0,0.393,12.0,1.9935,12.0,500.0,0.00594,-0.07122,-0.08084,0.0007,-0.98798
115.49,ETH-27MAR20,1584442743165,open,1.22,7.0,1.186,1.3205,1.253292,218.58,1.163,0.0,ETH-27MAR20-260-P,116.99,0.0,0.0485,12.0,1.649,12.0,500.0,0.00876,-0.09697,-0.06983,0.00111,-0.98111
115.69,SYN.ETH-24APR20,1584442743167,open,2.75,0.0,2.6925,2.922,2.806994,179.23,None,0.0,ETH-24APR20-440-P,116.99,0.0,1.315,12.0,3.3155,12.0,500.0,0.01913,-0.04527,-0.45447,0.00077,-0.97857
115.69,SYN.ETH-24APR20,1584442743169,open,2.07,0.0,2.0215,2.2115,2.119755,175.64,None,0.0,ETH-24APR20-360-P,116.99,0.0,0.6255,12.0,2.626,12.0,500.0,0.03367,-0.07808,-0.36945,0.00138,-0.95759
115.69,SYN.ETH-24APR20,1584442743171,open,2.41,0.0,2.357,2.5665,2.462616,176.16,None,0.0,ETH-24APR20-400-P,116.99,0.0,0.97,12.0,2.9705,12.0,500.0,0.02434,-0.05661,-0.41227,0.00099,-0.97144
115.69,SYN.ETH-24APR20,1584442743173,open,1.74,0.0,1.686,1.858,1.77889,175.3,None,0.0,ETH-24APR20-320-P,116.99,0.0,0.282,12.0,2.2825,12.0,500.0,0.04688,-0.10849,-0.32589,0.00193,-0.93566
115.69,SYN.ETH-24APR20,1584442743175,open,0.39,192.0,0.3115,0.4425,0.409103,159.37,0.518,0.0,ETH-24APR20-150-P,116.99,0.0,0.001,17.0,0.911,12.0,500.0,0.14414,-0.30324,-0.12096,0.00651,-0.59838
115.69,SYN.ETH-24APR20,1584442743176,open,0.05,363.0,0.0045,0.063,0.048231,181.96,0.0515,0.0,ETH-24APR20-70-P,116.99,169.24,0.04,358.0,0.0565,346.0,194.18,0.07673,-0.1843,-0.0208,0.00304,-0.12502
115.69,SYN.ETH-24APR20,1584442743178,open,1.57,0.0,1.518,1.682,1.606386,168.45,None,0.0,ETH-24APR20-300-P,116.99,0.0,0.1115,12.0,2.112,12.0,500.0,0.04939,-0.10982,-0.30467,0.00211,-0.93119
115.69,SYN.ETH-24APR20,1584442743180,open,0.39,192.0,0.3115,0.4425,0.409103,159.37,0.518,0.0,ETH-24APR20-150-P,116.99,0.0,0.001,5.0,0.911,12.0,500.0,0.14414,-0.30324,-0.12096,0.00651,-0.59838
116.55,SYN.ETH-20MAR20,1584442743180,open,0.04,2997.0,0.004,0.0675,0.041825,192.56,0.049,0.0,ETH-20MAR20-110-P,116.99,171.33,0.035,290.0,0.05,289.0,217.67,0.03772,-1.26305,-0.00347,0.0183,-0.33578
116.55,SYN.ETH-20MAR20,1584442743180,open,0.11,73.0,0.0445,0.127,0.098051,192.56,0.109,0.0,ETH-20MAR20-110-C,116.99,82.81,0.065,40.0,0.12,40.0,259.48,0.03772,-1.26305,0.0052,0.0183,0.66422
116.82,SYN.ETH-25SEP20,1584442743191,open,6.11,0.0,5.9835,6.4405,6.20977,134.74,None,0.0,ETH-25SEP20-840-P,116.99,0.0,0.0,0.0,0.0,0.0,0.0,0.10467,-0.03675,-4.38895,0.00108,-0.93711
116.15,ETH-26JUN20,1584442743193,open,0.15,2789.0,0.0635,0.171,0.154301,142.0,0.166,0.0,ETH-26JUN20-180-C,116.99,134.98,0.14,279.0,0.168,279.0,148.65,0.23811,-0.16759,0.08383,0.0045,0.41544
116.15,ETH-26JUN20,1584442743208,open,0.11,1085.0,0.0325,0.1265,0.111816,144.43,0.119,0.0,ETH-26JUN20-220-C,116.99,135.34,0.095,286.0,0.1235,286.0,150.56,0.21898,-0.15676,0.06753,0.00407,0.32218
116.15,ETH-26JUN20,1584442743210,open,0.01,4528.0,0.0005,0.026,0.011161,153.79,0.01,0.0,ETH-26JUN20-640-C,116.99,143.97,0.007,8.0,0.0165,300.0,163.39,0.05678,-0.04328,0.01052,0.00099,0.04395
116.15,ETH-26JUN20,1584442743210,open,0.03,5448.0,0.0025,0.049,0.034218,149.61,0.03,0.0,ETH-26JUN20-400-C,116.99,142.3,0.027,40.0,0.042,300.0,156.67,0.12158,-0.09016,0.02728,0.00218,0.11921
115.48,ETH-27MAR20,1584442743210,open,0.02,4041.0,0.0005,0.032,0.01701,201.04,0.014,0.0,ETH-27MAR20-180-C,116.99,191.47,0.014,5.0,0.02,362.0,209.82,0.03792,-0.38593,0.00321,0.00523,0.11963
116.15,ETH-26JUN20,1584442743210,open,0.13,2761.0,0.0455,0.148,0.133058,144.43,0.1395,0.0,ETH-26JUN20-200-C,116.99,138.81,0.122,20.0,0.1435,283.0,149.67,0.23022,-0.16481,0.07555,0.00428,0.36841
116.82,SYN.ETH-25SEP20,1584442743208,open,0.03,315.0,0.004,0.046,0.029644,134.04,0.022,0.0,ETH-25SEP20-680-C,116.99,119.4,0.015,300.0,0.0445,300.0,145.06,0.14018,-0.04897,0.0385,0.00146,0.09234
116.82,SYN.ETH-25SEP20,1584442743210,open,0.19,869.0,0.096,0.231,0.185132,131.0,0.193,0.0,ETH-25SEP20-220-C,116.99,123.68,0.1645,282.0,0.198,282.0,135.51,0.33176,-0.11325,0.14672,0.00353,0.42404
116.15,ETH-26JUN20,1584442743212,open,0.01,3788.0,0.0005,0.0265,0.011939,150.97,0.01,0.0,ETH-26JUN20-600-C,116.99,136.91,0.006,100.0,0.0205,300.0,164.81,0.06019,-0.04504,0.01134,0.00107,0.04725
115.48,ETH-27MAR20,1584442743212,open,0.05,1092.0,0.003,0.066,0.051338,181.76,0.06,0.0,ETH-27MAR20-140-C,116.99,171.58,0.0455,1.0,0.0565,343.0,190.57,0.06706,-0.61707,0.0081,0.01023,0.31046
116.82,SYN.ETH-25SEP20,1584442743212,open,0.04,407.0,0.0045,0.053,0.038375,134.04,0.038,0.0,ETH-25SEP20-600-C,116.99,119.7,0.021,300.0,0.0525,300.0,143.24,0.16493,-0.05761,0.04737,0.00172,0.11551
116.82,SYN.ETH-25SEP20,1584442743212,open,0.27,244.0,0.1725,0.316,0.269375,131.0,0.24,0.0,ETH-25SEP20-160-C,116.99,125.29,0.253,279.0,0.2815,275.0,135.24,0.33443,-0.11416,0.17672,0.00356,0.55714
115.48,ETH-27MAR20,1584442743218,open,0.0,4525.0,0.0005,0.0155,8e-06,232.88,0.0105,0.0,ETH-27MAR20-520-C,116.99,0.0,0.0,0.0,0.002,78.0,357.36,7e-05,-0.00083,0.0,1e-05,9e-05
116.15,ETH-26JUN20,1584442743229,open,1.44,349.0,1.3565,1.5515,1.479229,144.43,1.33,0.0,ETH-26JUN20-280-P,116.99,0.0,0.01,50.0,0.0,0.0,0.0,0.17982,-0.12873,-0.72589,0.00334,-0.78207
116.15,ETH-26JUN20,1584442743230,open,0.31,48.0,0.214,0.329,0.311876,142.71,0.338,0.0,ETH-26JUN20-110-C,116.97,126.04,0.28,37.0,0.336,37.0,155.5,0.22038,-0.15588,0.11586,0.00414,0.67279
116.15,ETH-26JUN20,1584442743230,open,0.62,0.0,0.565,0.6235,0.608936,154.82,None,0.0,ETH-26JUN20-50-C,116.97,0.0,0.0005,3.0,0.0,0.0,0.0,0.08606,-0.06604,0.10159,0.00149,0.92542
115.48,ETH-27MAR20,1584442743230,open,0.0,1168.0,0.0005,0.0155,0.001214,232.14,0.0015,0.0,ETH-27MAR20-300-C,116.97,0.0,0.0,0.0,0.002,396.0,246.45,0.00527,-0.06191,0.00029,0.00063,0.01047
116.15,ETH-26JUN20,1584442743230,open,0.4,0.0,0.301,0.4045,0.389794,144.95,None,0.0,ETH-26JUN20-90-C,116.97,0.0,0.01,100.0,0.0,0.0,0.0,0.18855,-0.13547,0.11978,0.00349,0.76292
116.15,ETH-26JUN20,1584442743230,open,0.09,17.0,0.03,0.106,0.091317,149.16,0.095,0.0,ETH-26JUN20-70-P,116.97,135.64,0.075,287.0,0.1085,287.0,163.06,0.14216,-0.1051,-0.07736,0.00256,-0.14967
115.48,ETH-27MAR20,1584442743230,open,0.0,239.0,0.0005,0.0155,0.000455,232.53,0.0005,0.0,ETH-27MAR20-340-C,116.97,0.0,0.0,0.0,0.002,76.0,272.6,0.00237,-0.02794,0.00012,0.00028,0.00424
115.48,ETH-27MAR20,1584442743230,open,0.14,1500.0,0.0585,0.1535,0.138631,177.06,0.1305,0.0,ETH-27MAR20-120-P,116.97,106.6,0.0925,37.0,0.173,37.0,229.51,0.07577,-0.67925,-0.01978,0.01186,-0.4945
116.15,ETH-26JUN20,1584442743231,open,0.68,1848.0,0.5805,0.7525,0.704022,142.0,0.748,0.0,ETH-26JUN20-180-P,116.97,0.0,0.1175,4.0,1.15,1.0,374.25,0.23811,-0.16759,-0.41364,0.0045,-0.58456
116.15,ETH-26JUN20,1584442743231,open,0.04,312.0,0.0065,0.054,0.039414,154.82,0.045,0.0,ETH-26JUN20-50-P,116.97,137.8,0.0275,300.0,0.053,300.0,172.35,0.08606,-0.06604,-0.03659,0.00149,-0.07458
115.48,ETH-27MAR20,1584442743231,open,0.0,14.0,0.0005,0.0155,0.000176,232.77,0.0005,0.0,ETH-27MAR20-380-C,116.97,0.0,0.0,0.0,0.001,1.0,273.38,0.00107,-0.0126,5e-05,0.00013,0.00175
115.48,ETH-27MAR20,1584442743231,open,0.0,3356.0,0.0005,0.0155,4.4e-05,232.86,0.003,0.0,ETH-27MAR20-440-C,116.97,0.0,0.0,0.0,0.002,78.0,324.7,0.00033,-0.00385,1e-05,4e-05,0.00048
116.15,ETH-26JUN20,1584442743231,open,0.29,408.0,0.206,0.3425,0.309506,140.39,0.38,0.0,ETH-26JUN20-120-P,116.97,53.01,0.13,1.0,10.0,1.0,500.0,0.23108,-0.1608,-0.21898,0.00441,-0.37265
116.15,ETH-26JUN20,1584442743231,open,0.01,2069.0,0.0005,0.024,0.009319,153.79,0.0125,0.0,ETH-26JUN20-680-C,116.97,137.77,0.004,100.0,0.0145,300.0,164.19,0.04982,-0.03798,0.00902,0.00087,0.03741
116.15,ETH-26JUN20,1584442743231,open,4.78,0.0,4.684,5.0405,4.863818,153.79,None,0.0,ETH-26JUN20-680-P,116.97,0.0,0.0,0.0,0.0,0.0,0.0,0.04982,-0.03798,-1.87031,0.00087,-0.96259
115.48,ETH-27MAR20,1584442743231,open,4.12,0.0,4.0435,4.355,4.195257,0.0,None,0.0,ETH-27MAR20-600-P,116.97,0.0,0.03,50.0,0.0,0.0,0.0,0.0,0.0,-0.16234,0.0,-1.0
116.15,ETH-26JUN20,1584442743231,open,0.41,550.0,0.3165,0.4695,0.430904,140.95,0.429,0.0,ETH-26JUN20-140-P,116.97,0.0,0.1,1.0,1.225,1.0,500.0,0.2419,-0.169,-0.28369,0.0046,-0.45286
115.48,ETH-27MAR20,1584442743231,open,4.46,0.0,4.38,4.7125,4.541606,0.0,None,0.0,ETH-27MAR20-640-P,116.97,0.0,0.01,50.0,0.0,0.0,0.0,0.0,0.0,-0.17316,0.0,-1.0
116.15,ETH-26JUN20,1584442743231,open,0.02,844.0,0.001,0.037,0.022035,150.55,0.027,0.0,ETH-26JUN20-480-C,116.97,134.66,0.0115,300.0,0.032,300.0,161.87,0.0918,-0.0685,0.01899,0.00164,0.0812
116.15,ETH-26JUN20,1584442743231,open,0.28,574.0,0.1795,0.298,0.27636,140.39,0.334,0.0,ETH-26JUN20-120-C,116.97,122.76,0.241,38.0,0.31,38.0,157.44,0.23108,-0.1608,0.11267,0.00441,0.62735
116.15,ETH-26JUN20,1584442743231,open,0.02,469.0,0.0005,0.0325,0.017701,150.55,0.033,0.0,ETH-26JUN20-520-C,116.97,136.24,0.0095,300.0,0.027,300.0,162.53,0.0793,-0.05917,0.01584,0.00141,0.06704
116.15,ETH-26JUN20,1584442743231,open,0.13,1573.0,0.052,0.1425,0.127891,148.62,0.1275,0.0,ETH-26JUN20-80-P,116.97,138.24,0.113,278.0,0.1435,278.0,159.44,0.16715,-0.12313,-0.10292,0.00302,-0.19273
