underlying_price,underlying_index,timestamp,state,settlement_price,open_interest,min_price,max_price,mark_price,mark_iv,last_price,interest_rate,instrument_name,index_price,bid_iv,best_bid_price,best_bid_amount,best_ask_price,best_ask_amount,ask_iv,vega,theta,rho,gamma,delta
5318.4,BTC-26JUN20,1584183539792,open,0.18,411.4,0.1385,0.24,0.1911604,107.97,0.189,0.0,BTC-26JUN20-5000-P,5434.04,103.83,0.183,13.5,0.2035,13.5,114.25,10.46865,-5.44072,-8.13568,0.00012,-0.34636
5307.06,BTC-25SEP20,1584183539793,open,0.36,201.1,0.3095,0.444,0.37985677,102.36,0.352,0.0,BTC-25SEP20-6000-P,5434.04,87.09,0.336,4.0,0.416,5.0,115.13,15.13325,-3.97431,-22.57544,0.0001,-0.41688
5353.46,SYN.BTC-20MAR20,1584183539793,open,0.1,84.8,0.0425,0.1135,0.08290384,145.51,0.071,0.0,BTC-20MAR20-5250-C,5434.04,140.66,0.0805,0.3,0.086,20.0,151.74,2.65713,-32.90099,0.42708,0.0004,0.57848
5309.69,BTC-25SEP20,1584183539794,open,0.24,166.6,0.195,0.312,0.25618953,102.9,0.27,0.0,BTC-25SEP20-5000-P,5434.04,97.33,0.2415,12.4,0.262,5.0,105.11,13.9504,-3.68303,-16.4546,9e-05,-0.32425
5318.4,BTC-26JUN20,1584183539795,open,0.03,943.3,0.008,0.0525,0.026306,117.82,0.022,0.0,BTC-26JUN20-14000-C,5434.04,112.23,0.021,20.0,0.031,20.0,122.3,5.34064,-3.02874,1.26923,6e-05,0.11016
5318.4,BTC-26JUN20,1584183539797,open,0.09,1222.7,0.0365,0.114,0.07437691,109.56,0.0825,0.0,BTC-26JUN20-9000-C,5434.04,107.35,0.0705,8.0,0.078,11.7,111.59,9.40956,-4.96208,2.98576,0.00011,0.27164
5353.46,SYN.BTC-20MAR20,1584183539799,open,0.06,59.4,0.026,0.0955,0.0639294,146.21,0.0755,0.0,BTC-20MAR20-5250-P,5434.04,143.33,0.0625,0.1,0.0705,3.3,159.45,2.65717,-33.06131,-0.41837,0.00039,-0.42154
5353.46,SYN.BTC-20MAR20,1584183539799,open,0.3,429.1,0.279,0.352,0.31769887,160.26,0.35,0.0,BTC-20MAR20-7000-P,5434.04,0.0,0.25,2.0,0.356,1.0,270.76,1.29191,-17.61883,-1.03925,0.00017,-0.88823
5406.53,SYN.BTC-16MAR20,1584183539800,open,0.0,0.0005,0.028,0.01168768,138.72,None,0.0,BTC-16MAR20-5875-C,5434.04,80.33,0.002,8.0,0.0175,20.0,164.9,1.13535,-41.98245,0.05675,0.00054,0.21595
5353.46,SYN.BTC-20MAR20,1584183539802,open,0.05,62.8,0.013,0.073,0.04547236,146.77,0.0405,0.0,BTC-20MAR20-5750-C,5434.04,137.51,0.041,0.3,0.047,20.0,149.92,2.5977,-32.44503,0.29318,0.00038,0.38568
5419.79,SYN.BTC-15MAR20,1584183539804,open,0.04,10.1,0.0025,0.0525,0.02719491,117.31,0.021,0.0,BTC-15MAR20-5375-C,5434.04,124.08,0.0285,2.0,0.0365,2.0,165.51,1.04331,-61.19435,0.07042,0.00126,0.56874
5263.22,BTC-27MAR20,1584183539806,open,0.28,36.1,0.227,0.28,0.26283428,153.61,0.2545,0.0,BTC-27MAR20-4000-C,5434.04,96.61,0.2445,5.0,0.293,4.0,218.0,2.16418,-12.90976,1.11495,0.00014,0.86335
5353.46,SYN.BTC-20MAR20,1584183539806,open,0.01,160.4,0.0005,0.017,0.00737376,161.95,0.011,0.0,BTC-20MAR20-7250-C,5434.04,154.62,0.006,0.1,0.009,22.0,169.79,1.05555,-14.54667,0.06677,0.00014,0.08485
5309.69,BTC-25SEP20,1584183539808,open,0.15,897.2,0.107,0.2015,0.15587188,105.3,0.1795,0.0,BTC-25SEP20-4000-P,5434.04,102.85,0.1505,0.1,0.162,5.0,108.09,11.65851,-3.14972,-10.81925,7e-05,-0.22578
5419.79,SYN.BTC-15MAR20,1584183539818,open,0.02,5.8,0.0005,0.0445,0.01924899,118.96,0.0275,0.0,BTC-15MAR20-5375-P,5434.04,115.07,0.0185,2.0,0.0265,2.0,156.53,1.04359,-62.07484,-0.05866,0.00124,-0.43189
5353.46,SYN.BTC-20MAR20,1584183539820,open,0.0,226.5,0.0005,0.0105,2.985e-05,173.24,0.001,0.0,BTC-20MAR20-11250-C,5434.04,0.0,0.0,0.0,0.0015,11.0,250.52,0.01297,-0.15978,0.00044,0.0,0.00054
5260.59,BTC-27MAR20,1584183539829,open,0.04,283.7,0.0125,0.0625,0.04457499,145.76,0.051,0.0,BTC-27MAR20-4500-P,5434.04,138.72,0.0405,20.0,0.048,22.3,151.59,3.06932,-17.37295,-0.5275,0.00022,-0.23968
5353.46,SYN.BTC-20MAR20,1584183539830,open,0.05,62.8,0.013,0.073,0.04547236,146.77,0.0405,0.0,BTC-20MAR20-5750-C,5434.04,137.51,0.041,0.3,0.0475,0.1,150.94,2.5977,-32.44503,0.29318,0.00038,0.38568
5419.79,SYN.BTC-15MAR20,1584183539832,open,0.01,24.7,0.0005,0.023,0.0059983,128.1,0.007,0.0,BTC-15MAR20-5750-C,5434.04,124.19,0.0055,22.0,0.013,2.0,176.11,0.69926,-32.50954,0.02277,0.00077,0.1811
5353.46,SYN.BTC-20MAR20,1584183539834,open,0.02,181.6,0.0005,0.0265,0.01342603,156.85,0.009,0.0,BTC-20MAR20-6750-C,5434.04,151.77,0.012,10.0,0.0145,0.1,160.54,1.53644,-20.50782,0.11199,0.00021,0.14338
129.48,SYN.ETH-15MAR20,1584183539836,open,0.02,11.0,0.0005,0.037,0.01438,156.01,0.039,0.0,ETH-15MAR20-135-C,129.75,75.99,0.0025,304.0,0.022,14.0,199.16,0.02224,-1.73479,0.00091,0.03544,0.30575
5353.46,SYN.BTC-20MAR20,1584183539836,open,0.01,160.4,0.0005,0.017,0.00737376,161.95,0.011,0.0,BTC-20MAR20-7250-C,5434.04,154.62,0.006,0.1,0.009,2.0,169.79,1.05555,-14.54667,0.06677,0.00014,0.08485
5315.77,BTC-26JUN20,1584183539838,open,0.02,656.2,0.003,0.0335,0.0142667,123.04,0.015,0.0,BTC-26JUN20-18000-C,5434.04,115.88,0.01,20.0,0.019,0.3,129.62,3.5093,-2.07832,0.73724,4e-05,0.063
5318.4,BTC-26JUN20,1584183539839,open,0.09,1222.7,0.0365,0.114,0.07437691,109.56,0.0825,0.0,BTC-26JUN20-9000-C,5434.04,107.64,0.071,19.1,0.078,11.7,111.59,9.40956,-4.96208,2.98576,0.00011,0.27164
5406.53,SYN.BTC-16MAR20,1584183539841,open,0.0,0.0005,0.028,0.01168768,138.72,None,0.0,BTC-16MAR20-5875-C,5434.04,140.2,0.012,20.0,0.0175,20.0,164.9,1.13535,-41.98245,0.05675,0.00054,0.21595
5406.53,SYN.BTC-16MAR20,1584183539843,open,0.0,0.0005,0.0355,0.01659315,138.08,None,0.0,BTC-16MAR20-5750-C,5434.04,68.21,0.0025,7.0,0.0235,20.0,165.64,1.31229,-48.30349,0.07413,0.00063,0.28341
5419.79,SYN.BTC-15MAR20,1584183539844,open,0.04,10.1,0.0025,0.0525,0.02719491,117.31,0.021,0.0,BTC-15MAR20-5375-C,5434.04,126.68,0.029,20.0,0.0365,2.0,165.51,1.04331,-61.19435,0.07042,0.00126,0.56874
5406.53,SYN.BTC-16MAR20,1584183539846,open,0.0,0.0005,0.0355,0.01659315,138.08,None,0.0,BTC-16MAR20-5750-C,5434.04,139.76,0.017,20.0,0.0235,20.0,165.64,1.31229,-48.30349,0.07413,0.00063,0.28341
5419.79,SYN.BTC-15MAR20,1584183539848,open,0.01,20.3,0.0005,0.0335,0.0113874,124.02,0.028,0.0,BTC-15MAR20-5250-P,5434.04,121.71,0.011,18.8,0.0205,20.8,176.24,0.90823,-56.3209,-0.03915,0.00104,-0.28968
128.3,SYN.ETH-25SEP20,1584183539857,open,1.0,200.0,0.9285,1.1615,1.045278,125.75,1.1065,0.0,ETH-25SEP20-240-P,129.75,0.0,0.0,0.0,0.0,0.0,0.0,0.36488,-0.11773,-1.11872,0.0033,-0.58789
5406.53,SYN.BTC-16MAR20,1584183539860,open,0.0,0.0065,0.0615,0.03672367,138.83,None,0.0,BTC-16MAR20-5375-P,5434.04,125.73,0.033,1.0,0.0455,16.0,169.7,1.53711,-56.88426,-0.13712,0.00074,-0.45679
5406.53,SYN.BTC-16MAR20,1584183539863,open,0.2,0.004,0.0545,0.03132191,136.52,0.028,0.0,BTC-16MAR20-5500-C,5434.04,140.67,0.0325,20.0,0.04,20.0,167.03,1.53392,-55.82249,0.11626,0.00075,0.44978
5406.53,SYN.BTC-16MAR20,1584183539865,open,0.0,0.0015,0.044,0.02301554,137.23,None,0.0,BTC-16MAR20-5625-C,5434.04,140.88,0.024,20.0,0.0305,20.0,164.72,1.45253,-53.13359,0.09414,0.0007,0.36185
5406.53,SYN.BTC-16MAR20,1584183539867,open,0.0,0.0005,0.022,0.00803674,139.15,None,0.0,BTC-16MAR20-6000-C,5434.04,136.03,0.0075,20.0,0.0135,20.0,167.66,0.94318,-34.98434,0.04223,0.00045,0.16004
5353.46,SYN.BTC-20MAR20,1584183539869,open,0.13,30.8,0.069,0.1395,0.11255282,153.45,0.106,0.0,BTC-20MAR20-5000-C,5434.04,126.8,0.1005,19.2,0.1135,19.2,155.52,2.45082,-32.00303,0.48298,0.00035,0.67299
5263.22,BTC-27MAR20,1584183539869,open,0.28,36.1,0.227,0.28,0.26283428,153.61,0.2545,0.0,BTC-27MAR20-4000-C,5434.04,98.95,0.245,4.0,0.293,4.0,218.0,2.16418,-12.90976,1.11495,0.00014,0.86335
5309.69,BTC-25SEP20,1584183539870,open,0.33,41.6,0.256,0.3635,0.31402642,102.71,0.2995,0.0,BTC-25SEP20-5000-C,5434.04,100.61,0.3085,16.6,0.3255,5.0,107.09,13.9538,-3.67727,10.2491,9e-05,0.67556
5406.53,SYN.BTC-16MAR20,1584183539871,open,0.0,0.0855,0.148,0.11817141,141.22,None,0.0,BTC-16MAR20-6000-P,5434.04,0.0,0.0885,3.0,0.166,3.0,338.72,0.95825,-36.07294,-0.26511,0.00045,-0.83601
5353.46,SYN.BTC-20MAR20,1584183539872,open,0.01,33.5,0.0005,0.022,0.01239367,163.79,0.014,0.0,BTC-20MAR20-4250-P,5434.04,157.9,0.011,20.0,0.0155,20.1,176.08,1.29584,-18.06106,-0.10742,0.00017,-0.11225
128.3,SYN.ETH-25SEP20,1584183539884,open,3.58,0.0,3.5495,3.881,3.718869,130.54,None,0.0,ETH-25SEP20-600-P,129.75,0.0,0.0,0.0,0.0,0.0,0.0,0.19523,-0.06539,-3.14537,0.0017,-0.87291
127.27,ETH-26JUN20,1584183539917,open,2.99,0.0,2.968,3.234,3.105253,144.19,None,0.0,ETH-26JUN20-520-P,129.75,0.0,0.01,50.0,0.0,0.0,0.0,0.09533,-0.06616,-1.46004,0.00143,-0.9258
127.27,ETH-26JUN20,1584183539920,open,2.69,0.0,2.665,2.9165,2.795215,143.55,None,0.0,ETH-26JUN20-480-P,129.75,0.0,0.01,50.0,0.0,0.0,0.0,0.1088,-0.07518,-1.3426,0.00164,-0.91159
5419.79,SYN.BTC-15MAR20,1584183539933,open,0.04,10.1,0.0025,0.0525,0.02719491,117.31,0.021,0.0,BTC-15MAR20-5375-C,5434.04,126.68,0.029,22.0,0.0365,2.0,165.51,1.04331,-61.19435,0.07042,0.00126,0.56874
5419.79,SYN.BTC-15MAR20,1584183539935,open,0.01,20.3,0.0005,0.0335,0.0113874,124.02,0.028,0.0,BTC-15MAR20-5250-P,5434.04,121.71,0.011,20.8,0.0205,20.8,176.24,0.90823,-56.3209,-0.03915,0.00104,-0.28968
5406.53,SYN.BTC-16MAR20,1584183539941,open,0.0,0.0065,0.0615,0.03672367,138.83,None,0.0,BTC-16MAR20-5375-P,5434.04,122.21,0.032,1.0,0.0455,16.0,169.7,1.53711,-56.88426,-0.13712,0.00074,-0.45679
127.27,ETH-26JUN20,1584183539969,open,2.39,0.0,2.361,2.599,2.48586,142.25,None,0.0,ETH-26JUN20-440-P,129.76,0.0,0.01,50.0,0.0,0.0,0.0,0.12321,-0.08437,-1.22465,0.00188,-0.89529
126.22,ETH-27MAR20,1584183539969,open,0.46,75.0,0.4285,0.463,0.450747,189.58,0.465,0.0,ETH-27MAR20-70-C,129.76,0.0,0.437,11.0,0.464,11.0,255.69,0.0176,-0.1296,0.02297,0.00165,0.96665
127.27,ETH-26JUN20,1584183539970,open,3.59,0.0,3.579,3.8765,3.728385,146.23,None,0.0,ETH-26JUN20-600-P,129.76,0.0,0.01,50.0,0.0,0.0,0.0,0.07558,-0.0532,-1.69268,0.00112,-0.94495
126.22,ETH-27MAR20,1584183539970,open,3.01,0.0,2.999,3.246,3.119141,0.0,None,0.0,ETH-27MAR20-520-P,129.76,0.0,0.006,50.0,0.0,0.0,0.0,0.0,0.0,-0.18343,0.0,-1.0
126.22,ETH-27MAR20,1584183539970,open,3.94,0.0,3.9245,4.2285,4.070914,285.28,None,0.0,ETH-27MAR20-640-P,129.76,0.0,0.01,50.0,0.0,0.0,0.0,0.00209,-0.0231,-0.22566,0.00013,-0.99713
126.22,ETH-27MAR20,1584183539970,open,2.09,4.0,2.078,2.2675,2.169389,208.62,1.862,0.0,ETH-27MAR20-400-P,129.76,0.0,0.0,0.0,0.0,0.0,0.0,0.00217,-0.01757,-0.14098,0.00018,-0.997
127.28,ETH-26JUN20,1584183539970,open,4.2,0.0,4.189,4.52,4.353029,148.11,None,0.0,ETH-26JUN20-680-P,129.76,0.0,0.0,0.0,0.0,0.0,0.0,0.0611,-0.04356,-1.92373,0.00089,-0.95781
126.22,ETH-27MAR20,1584183539970,open,3.63,0.0,3.6165,3.9015,3.753982,274.09,None,0.0,ETH-27MAR20-600-P,129.76,0.0,0.03,50.0,0.0,0.0,0.0,0.00204,-0.02167,-0.21155,0.00013,-0.9972
127.28,ETH-26JUN20,1584183539970,open,1.8,1.0,1.7545,1.97,1.871058,138.43,1.827,0.0,ETH-26JUN20-360-P,129.76,0.0,0.015,2.0,0.0,0.0,0.0,0.15795,-0.10525,-0.98583,0.00247,-0.85051
126.22,ETH-27MAR20,1584183539970,open,0.86,1727.0,0.847,0.9625,0.906174,177.84,1.3395,0.0,ETH-27MAR20-240-P,129.76,0.0,0.0,0.0,0.0,0.0,0.0,0.02021,-0.13955,-0.08312,0.00202,-0.96053
126.22,ETH-27MAR20,1584183539970,open,2.39,0.0,2.3855,2.5945,2.486277,222.2,2.3815,0.0,ETH-27MAR20-440-P,129.76,0.0,0.003,50.0,0.0,0.0,0.0,0.00196,-0.01695,-0.15511,0.00016,-0.99731
127.28,ETH-26JUN20,1584183539970,open,1.51,139.0,1.4565,1.663,1.570999,138.51,1.584,0.0,ETH-26JUN20-320-P,129.76,0.0,0.015,2.0,0.0,0.0,0.0,0.18421,-0.12282,-0.86249,0.00288,-0.81008
126.23,ETH-27MAR20,1584183539970,open,3.32,0.0,3.309,3.5745,3.437051,278.97,None,0.0,ETH-27MAR20-560-P,129.76,0.0,0.02,50.0,0.0,0.0,0.0,0.00338,-0.0366,-0.19736,0.00022,-0.99508
127.28,ETH-26JUN20,1584183539970,open,0.81,549.0,0.7355,0.9235,0.844731,134.32,0.67,0.0,ETH-26JUN20-220-P,129.76,0.0,0.0,0.0,0.0,0.0,0.0,0.24951,-0.16131,-0.54412,0.00403,-0.65743
127.28,ETH-26JUN20,1584183539970,open,1.23,349.0,1.1615,1.3605,1.276437,138.38,1.793,0.0,ETH-26JUN20-280-P,129.76,0.0,0.01,50.0,0.0,0.0,0.0,0.21219,-0.14133,-0.73681,0.00333,-0.75768
127.28,ETH-26JUN20,1584183539970,open,2.09,0.0,2.0575,2.284,2.179384,142.28,None,0.0,ETH-26JUN20-400-P,129.76,0.0,0.01,50.0,0.0,0.0,0.0,0.1432,-0.09808,-1.10478,0.00218,-0.87057
126.23,ETH-27MAR20,1584183539970,open,0.71,2196.0,0.693,0.8015,0.751567,177.8,0.91,0.0,ETH-27MAR20-220-P,129.76,0.0,0.075,2.0,0.0,0.0,0.0,0.03087,-0.21313,-0.075,0.00309,-0.93274
126.23,ETH-27MAR20,1584183539971,open,1.16,1337.0,1.1535,1.2865,1.219523,177.06,1.197,0.0,ETH-27MAR20-280-P,129.76,0.0,0.1,4.0,0.0,0.0,0.0,0.00788,-0.05418,-0.09826,0.00079,-0.98711
126.56,SYN.ETH-24APR20,1584183539969,open,0.53,1.0,0.4865,0.631,0.571722,149.17,0.2,0.0,ETH-24APR20-190-P,129.76,0.0,0.0,0.0,0.0,0.0,0.0,0.14408,-0.26291,-0.18219,0.00539,-0.71375
126.23,ETH-27MAR20,1584183539972,open,1.78,6.0,1.7685,1.9395,1.851909,0.0,1.8335,0.0,ETH-27MAR20-360-P,129.76,0.0,0.01,30.0,0.0,0.0,0.0,0.0,0.0,-0.12699,0.0,-1.0
128.3,SYN.ETH-25SEP20,1584183539970,open,5.07,0.0,5.0595,5.473,5.259885,132.01,None,0.0,ETH-25SEP20-800-P,129.76,0.0,0.0,0.0,0.0,0.0,0.0,0.13741,-0.04654,-4.23425,0.00118,-0.92149
128.3,SYN.ETH-25SEP20,1584183539970,open,5.67,0.0,5.6635,6.109,5.879436,132.79,None,0.0,ETH-25SEP20-880-P,129.76,0.0,0.0,0.0,0.0,0.0,0.0,0.12155,-0.04141,-4.6666,0.00104,-0.9331
128.3,SYN.ETH-25SEP20,1584183539970,open,2.41,0.0,2.3575,2.6475,2.497721,126.94,None,0.0,ETH-25SEP20-440-P,129.76,0.0,0.0,0.0,0.0,0.0,0.0,0.25728,-0.08379,-2.26337,0.00231,-0.80647
128.3,SYN.ETH-25SEP20,1584183539970,open,5.37,0.0,5.361,5.79,5.569663,132.54,None,0.0,ETH-25SEP20-840-P,129.76,0.0,0.0,0.0,0.0,0.0,0.0,0.12958,-0.04406,-4.45043,0.00111,-0.9273
128.3,SYN.ETH-25SEP20,1584183539970,open,2.7,0.0,2.654,2.956,2.800944,127.87,None,0.0,ETH-25SEP20-480-P,129.76,0.0,0.0,0.0,0.0,0.0,0.0,0.2393,-0.07851,-2.48561,0.00213,-0.82768
128.15,SYN.ETH-20MAR20,1584183539969,open,1.51,0.0,1.501,1.655,1.575663,272.73,None,0.0,ETH-20MAR20-330-P,129.76,0.0,0.0,0.0,0.0,0.0,0.0,0.00245,-0.05675,-0.05303,0.00034,-0.99477
128.3,SYN.ETH-25SEP20,1584183539970,open,3.29,0.0,3.249,3.567,3.41136,129.37,None,0.0,ETH-25SEP20-560-P,129.76,0.0,0.0,0.0,0.0,0.0,0.0,0.20734,-0.06882,-2.92678,0.00182,-0.8613
126.56,SYN.ETH-24APR20,1584183539969,open,2.08,0.0,2.07,2.265,2.165632,159.03,None,0.0,ETH-24APR20-400-P,129.76,0.0,0.0,0.0,0.0,0.0,0.0,0.02799,-0.05444,-0.44456,0.00098,-0.97104
126.56,SYN.ETH-24APR20,1584183539970,open,1.77,0.0,1.763,1.9425,1.852364,157.88,None,0.0,ETH-24APR20-360-P,129.76,0.0,0.0,0.0,0.0,0.0,0.0,0.03886,-0.07505,-0.39814,0.00137,-0.95678
126.56,SYN.ETH-24APR20,1584183539970,open,1.47,0.0,1.4565,1.622,1.541173,157.01,None,0.0,ETH-24APR20-320-P,129.76,0.0,0.0,0.0,0.0,0.0,0.0,0.05462,-0.10491,-0.35074,0.00194,-0.93355
129.51,SYN.ETH-15MAR20,1584183539969,open,0.04,0.0,0.015,0.0915,0.056996,157.19,None,0.0,ETH-15MAR20-135-P,129.76,107.67,0.049,103.0,0.09,102.0,334.57,0.02233,-1.75483,-0.00233,0.0353,-0.69167
128.15,SYN.ETH-20MAR20,1584183539969,open,1.59,0.0,1.5765,1.7355,1.65371,280.71,None,0.0,ETH-20MAR20-340-P,129.76,0.0,0.0,0.0,0.0,0.0,0.0,0.00244,-0.05825,-0.05464,0.00033,-0.99479
126.56,SYN.ETH-24APR20,1584183539970,open,1.32,0.0,1.3035,1.4635,1.386915,156.78,None,0.0,ETH-24APR20-300-P,129.76,0.0,0.0,0.0,0.0,0.0,0.0,0.06495,-0.12455,-0.32648,0.00231,-0.91663
128.3,SYN.ETH-25SEP20,1584183539970,open,0.49,91.0,0.428,0.619,0.524257,123.05,0.579,0.0,ETH-25SEP20-160-P,129.76,0.0,0.0,0.0,0.9,1.0,276.86,0.3663,-0.11565,-0.64625,0.00339,-0.41918
128.3,SYN.ETH-25SEP20,1584183539970,open,1.54,112.0,1.483,1.74,1.608699,125.86,1.3695,0.0,ETH-25SEP20-320-P,129.76,0.0,0.0,0.0,0.0,0.0,0.0,0.32431,-0.10473,-1.58374,0.00293,-0.70332
128.3,SYN.ETH-25SEP20,1584183539970,open,1.83,0.0,1.7705,2.0385,1.900517,125.93,None,0.0,ETH-25SEP20-360-P,129.76,0.0,0.0,0.0,0.0,0.0,0.0,0.30057,-0.09712,-1.81269,0.00272,-0.74574
129.51,SYN.ETH-15MAR20,1584183539969,open,0.0,791.0,0.0005,0.012,0.002152,161.16,0.0335,0.0,ETH-15MAR20-115-P,129.76,137.76,0.001,20.0,0.014,20.0,281.77,0.00767,-0.27869,-0.0002,0.01183,-0.06118
128.3,SYN.ETH-25SEP20,1584183539971,open,1.26,685.0,1.201,1.447,1.32283,125.8,2.2515,0.0,ETH-25SEP20-280-P,129.76,0.0,0.0,0.0,0.0,0.0,0.0,0.3467,-0.11191,-1.35242,0.00314,-0.6515
128.3,SYN.ETH-25SEP20,1584183539971,open,2.99,0.0,2.949,3.2545,3.106005,128.91,None,0.0,ETH-25SEP20-520-P,129.76,0.0,0.0,0.0,0.0,0.0,0.0,0.22349,-0.07392,-2.70637,0.00197,-0.8449
128.3,SYN.ETH-25SEP20,1584183539969,open,0.87,308.0,0.797,1.022,0.910687,125.73,1.7325,0.0,ETH-25SEP20-220-P,129.76,0.0,0.154,1.0,0.0,0.0,0.0,0.37097,-0.11967,-1.0011,0.00336,-0.55077
126.56,SYN.ETH-24APR20,1584183539969,open,1.17,8.0,1.151,1.306,1.232128,153.52,0.604,0.0,ETH-24APR20-280-P,129.76,0.0,0.0,0.0,0.0,0.0,0.0,0.07364,-0.13828,-0.30236,0.00267,-0.90127
128.3,SYN.ETH-25SEP20,1584183539970,open,4.47,0.0,4.455,4.838,4.641414,131.04,None,0.0,ETH-25SEP20-720-P,129.76,0.0,0.0,0.0,0.0,0.0,0.0,0.15595,-0.05243,-3.80069,0.00135,-0.90703
126.56,SYN.ETH-24APR20,1584183539970,open,2.38,0.0,2.3765,2.589,2.480067,160.58,None,0.0,ETH-24APR20-440-P,129.76,0.0,0.0,0.0,0.0,0.0,0.0,0.02066,-0.04058,-0.49037,0.00072,-0.97982
5263.22,BTC-27MAR20,1584183539981,open,0.18,1828.1,0.1435,0.2315,0.19757264,143.06,0.23,0.0,BTC-27MAR20-6000-P,5434.04,135.09,0.192,5.0,0.248,3.0,212.31,3.70512,-20.58354,-1.55146,0.00027,-0.63805
128.3,SYN.ETH-25SEP20,1584183539971,open,3.88,0.0,3.8505,4.196,4.02565,130.69,None,0.0,ETH-25SEP20-640-P,129.76,0.0,0.0,0.0,0.0,0.0,0.0,0.18086,-0.06065,-3.36447,0.00157,-0.88598
126.56,SYN.ETH-24APR20,1584183539969,open,1.02,4.0,0.999,1.1505,1.078946,150.94,0.149,0.0,ETH-24APR20-260-P,129.76,0.0,0.0,0.0,0.0,0.0,0.0,0.08494,-0.15682,-0.27758,0.00314,-0.87957
128.3,SYN.ETH-25SEP20,1584183539989,open,0.74,109.0,0.669,0.8855,0.777052,124.81,1.227,0.0,ETH-25SEP20-200-P,129.76,95.93,0.694,10.0,0.0,0.0,0.0,0.37382,-0.11971,-0.88319,0.00341,-0.51228
129.24,SYN.ETH-16MAR20,1584183539991,open,0.0,0.0005,0.023,0.008162,156.58,None,0.0,ETH-16MAR20-115-P,129.76,152.29,0.0075,318.0,0.023,298.0,235.32,0.02027,-0.84606,-0.00096,0.01508,-0.13652
128.15,SYN.ETH-20MAR20,1584183539992,open,0.1,69.0,0.03,0.119,0.074469,160.12,0.095,0.0,ETH-20MAR20-130-C,129.76,139.43,0.064,275.0,0.083,50.0,176.99,0.06483,-0.88338,0.00903,0.01532,0.51235
129.24,SYN.ETH-16MAR20,1584183539994,open,0.0,0.0455,0.1175,0.087561,154.69,None,0.0,ETH-16MAR20-120-C,129.76,0.0,0.0695,229.0,0.102,9.0,216.29,0.02843,-1.17248,0.0045,0.02141,0.76555
129.24,SYN.ETH-16MAR20,1584183539996,open,0.0,0.0005,0.0375,0.016281,155.62,None,0.0,ETH-16MAR20-120-P,129.76,149.77,0.015,279.0,0.032,278.0,222.33,0.02851,-1.18267,-0.00167,0.02134,-0.23557
5419.79,SYN.BTC-15MAR20,1584183539997,open,0.12,0.0,0.0795,0.1245,0.10294486,151.49,None,0.0,BTC-15MAR20-4875-C,5434.04,0.0,0.074,3.0,0.132,3.0,381.63,0.36225,-27.43818,0.10735,0.00034,0.92851
5318.4,BTC-26JUN20,1584183539998,open,0.3,817.4,0.2465,0.365,0.30810018,106.9,0.3065,0.0,BTC-26JUN20-6000-P,5434.04,88.99,0.27,3.0,0.372,3.0,137.24,11.28813,-5.80851,-11.78654,0.00013,-0.47063
129.24,SYN.ETH-16MAR20,1584183539999,open,0.0,0.0175,0.0915,0.061033,151.68,None,0.0,ETH-16MAR20-125-C,129.76,93.97,0.046,264.0,0.074,10.0,199.56,0.03463,-1.40016,0.00385,0.0266,0.64097
129.24,SYN.ETH-16MAR20,1584183540000,open,0.0,0.004,0.069,0.037895,142.21,None,0.0,ETH-16MAR20-130-C,129.76,112.85,0.0295,279.0,0.0525,11.0,193.29,0.03696,-1.40112,0.00305,0.03028,0.49735
129.24,SYN.ETH-16MAR20,1584183540003,open,0.0,0.007,0.079,0.044008,142.99,None,0.0,ETH-16MAR20-130-P,129.76,139.46,0.043,178.0,0.069,187.0,230.41,0.03696,-1.40878,-0.00363,0.03011,-0.50241
129.24,SYN.ETH-16MAR20,1584183540005,open,0.0,0.0005,0.051,0.024029,146.02,None,0.0,ETH-16MAR20-135-C,129.76,121.19,0.0175,293.0,0.037,13.0,193.49,0.03459,-1.34629,0.00222,0.0276,0.35781
5263.22,BTC-27MAR20,1584183540006,open,0.03,673.3,0.003,0.0375,0.02338286,144.24,0.016,0.0,BTC-27MAR20-7000-C,5434.04,142.43,0.0225,20.0,0.024,0.5,145.48,2.58952,-14.50403,0.28988,0.00018,0.17952
129.24,SYN.ETH-16MAR20,1584183540007,open,0.0,0.0245,0.1055,0.068839,146.88,None,0.0,ETH-16MAR20-135-P,129.76,130.51,0.0645,133.0,0.0975,133.0,250.26,0.03462,-1.35559,-0.00472,0.02746,-0.64116
128.15,SYN.ETH-20MAR20,1584183540009,open,0.05,1154.0,0.015,0.097,0.054626,168.83,0.052,0.0,ETH-20MAR20-120-P,129.76,163.17,0.052,8.0,0.066,50.0,193.19,0.05954,-0.85543,-0.00813,0.01334,-0.33951
126.23,ETH-27MAR20,1584183540011,open,0.15,302.0,0.0735,0.1595,0.147371,166.42,0.152,0.0,ETH-27MAR20-120-C,129.76,144.12,0.1315,315.0,0.1585,304.0,182.04,0.08991,-0.58105,0.02126,0.00961,0.62484
5353.46,SYN.BTC-20MAR20,1584183540013,open,0.08,206.4,0.047,0.124,0.09001911,147.46,0.1025,0.0,BTC-20MAR20-5500-P,5434.04,137.52,0.085,15.0,0.0975,0.3,162.25,2.70625,-33.9581,-0.52593,0.0004,-0.52026
126.23,ETH-27MAR20,1584183540014,open,0.11,102.0,0.0395,0.122,0.107665,161.07,0.099,0.0,ETH-27MAR20-130-C,129.76,146.82,0.097,326.0,0.1195,50.0,176.9,0.09444,-0.59074,0.01843,0.01043,0.52153
126.22,ETH-27MAR20,1584183540016,open,0.11,1041.0,0.0635,0.159,0.137596,161.09,0.125,0.0,ETH-27MAR20-130-P,129.76,147.61,0.1275,9.0,0.1545,218.0,183.71,0.09444,-0.59078,-0.02743,0.01043,-0.47857
5353.46,SYN.BTC-20MAR20,1584183540017,open,0.07,60.6,0.0245,0.0915,0.06227804,146.73,0.061,0.0,BTC-20MAR20-5500-C,5434.04,139.25,0.0585,0.1,0.0705,15.0,162.99,2.70608,-33.78853,0.35936,0.0004,0.47927
126.23,ETH-27MAR20,1584183540018,open,0.09,976.0,0.019,0.092,0.081144,163.26,0.109,0.0,ETH-27MAR20-140-C,129.76,148.74,0.0705,336.0,0.0915,323.0,177.27,0.09299,-0.58953,0.01539,0.01013,0.42687
126.56,SYN.ETH-24APR20,1584183540020,open,0.26,30.0,0.188,0.2885,0.255968,148.56,0.248,0.0,ETH-24APR20-110-C,129.76,132.61,0.2375,316.0,0.268,305.0,158.93,0.14677,-0.26672,0.06324,0.00551,0.70215
126.56,SYN.ETH-24APR20,1584183540022,open,0.22,0.0,0.1465,0.252,0.218173,148.54,None,0.0,ETH-24APR20-120-C,129.76,132.48,0.198,321.0,0.2285,309.0,156.79,0.15861,-0.28818,0.05963,0.00595,0.63892
126.56,SYN.ETH-24APR20,1584183540025,open,0.14,206.0,0.095,0.205,0.166536,148.68,0.16,0.0,ETH-24APR20-120-P,129.76,135.51,0.15,275.0,0.181,285.0,160.24,0.1586,-0.28844,-0.07477,0.00595,-0.36103
126.56,SYN.ETH-24APR20,1584183540038,open,0.18,3.0,0.135,0.2555,0.208148,144.96,0.249,0.0,ETH-24APR20-130-P,129.76,134.58,0.1945,217.0,0.2335,226.0,164.36,0.16602,-0.29439,-0.08984,0.00639,-0.42575
127.28,ETH-26JUN20,1584183540040,open,0.21,608.0,0.159,0.2935,0.240513,132.44,0.241,0.0,ETH-26JUN20-120-P,129.76,121.63,0.2195,219.0,0.2585,219.0,141.78,0.24625,-0.15699,-0.20709,0.00403,-0.33119
127.28,ETH-26JUN20,1584183540043,open,0.24,520.0,0.1605,0.2895,0.241305,131.89,0.2415,0.0,ETH-26JUN20-140-C,129.76,124.78,0.2265,269.0,0.258,269.0,139.94,0.26461,-0.16798,0.12474,0.00435,0.58566
127.27,ETH-26JUN20,1584183540045,open,0.31,805.0,0.25,0.4035,0.341588,132.02,0.326,0.0,ETH-26JUN20-140-P,129.76,120.25,0.317,152.0,0.362,144.0,141.88,0.26457,-0.16813,-0.27374,0.00435,-0.41418
127.28,ETH-26JUN20,1584183540048,open,0.2,392.0,0.1175,0.246,0.198216,132.3,0.199,0.0,ETH-26JUN20-160-C,129.76,125.86,0.1845,274.0,0.2135,274.0,139.49,0.27077,-0.17243,0.11347,0.00444,0.51146
127.28,ETH-26JUN20,1584183540050,open,0.09,1745.0,0.02,0.103,0.075871,137.96,0.07,0.0,ETH-26JUN20-280-C,129.76,132.51,0.067,379.0,0.085,294.0,143.35,0.21155,-0.14048,0.0598,0.00333,0.24097
128.3,SYN.ETH-25SEP20,1584183540051,open,0.3,225.0,0.2265,0.3825,0.305052,123.36,0.3355,0.0,ETH-25SEP20-120-P,129.76,117.66,0.2905,206.0,0.338,11.0,136.47,0.32587,-0.10314,-0.41435,0.00301,-0.29983
128.3,SYN.ETH-25SEP20,1584183540053,open,0.04,222.0,0.005,0.0575,0.027817,129.58,0.026,0.0,ETH-25SEP20-720-C,129.76,117.29,0.0155,300.0,0.043,26.0,140.97,0.15068,-0.0501,0.04175,0.00132,0.08877
129.24,SYN.ETH-16MAR20,1584183540054,open,0.0,0.0005,0.0375,0.016281,155.62,None,0.0,ETH-16MAR20-120-P,129.76,149.77,0.015,15.0,0.032,278.0,222.33,0.02851,-1.18267,-0.00167,0.02134,-0.23557
126.23,ETH-27MAR20,1584183540057,open,0.09,976.0,0.019,0.092,0.081144,163.26,0.109,0.0,ETH-27MAR20-140-C,129.76,148.74,0.0705,336.0,0.094,38.0,180.64,0.09299,-0.58953,0.01539,0.01013,0.42687
127.27,ETH-26JUN20,1584183540058,open,0.31,805.0,0.25,0.4035,0.341588,132.02,0.326,0.0,ETH-26JUN20-140-P,129.76,120.25,0.317,8.0,0.362,144.0,141.88,0.26457,-0.16813,-0.27374,0.00435,-0.41418
127.28,ETH-26JUN20,1584183540060,open,0.09,1745.0,0.02,0.103,0.075871,137.96,0.07,0.0,ETH-26JUN20-280-C,129.76,132.51,0.067,379.0,0.087,18.0,144.51,0.21155,-0.14048,0.0598,0.00333,0.24097
5353.46,SYN.BTC-20MAR20,1584183540076,open,0.1,84.8,0.0425,0.1135,0.08290384,145.51,0.071,0.0,BTC-20MAR20-5250-C,5434.04,140.66,0.0805,0.3,0.0885,20.0,156.78,2.65713,-32.90099,0.42708,0.0004,0.57848
126.23,ETH-27MAR20,1584183540086,open,0.29,4005.0,0.239,0.3435,0.315213,170.42,0.2835,0.0,ETH-27MAR20-160-P,129.76,145.28,0.3,6.0,0.3635,6.0,241.18,0.07991,-0.52886,-0.04606,0.00834,-0.71924
129.51,SYN.ETH-15MAR20,1584183540087,open,0.0,556.0,0.0005,0.014,0.002486,155.99,0.0015,0.0,ETH-15MAR20-145-C,129.76,115.05,0.0005,23.0,0.009,21.0,222.92,0.00897,-0.322,0.00022,0.01429,0.07489
5353.46,SYN.BTC-20MAR20,1584183540087,open,0.1,84.8,0.0425,0.1135,0.08290384,145.51,0.071,0.0,BTC-20MAR20-5250-C,5434.04,140.66,0.0805,0.3,0.086,20.0,151.74,2.65713,-32.90099,0.42708,0.0004,0.57848
5419.79,SYN.BTC-15MAR20,1584183540089,open,0.01,20.3,0.0005,0.0335,0.0113874,124.02,0.028,0.0,BTC-15MAR20-5250-P,5434.04,124.69,0.0115,18.8,0.0205,20.8,176.24,0.90823,-56.3209,-0.03915,0.00104,-0.28968
5406.53,SYN.BTC-16MAR20,1584183540091,open,0.0,0.0005,0.022,0.00803674,139.15,None,0.0,BTC-16MAR20-6000-C,5434.04,136.03,0.0075,20.0,0.0185,8.0,190.79,0.94318,-34.98434,0.04223,0.00045,0.16004
129.51,SYN.ETH-15MAR20,1584183540091,open,0.06,1.0,0.01,0.08,0.051228,160.06,0.0535,0.0,ETH-15MAR20-125-C,129.76,0.0,0.027,263.0,0.061,9.0,215.04,0.02243,-1.795,0.00198,0.03482,0.68844
128.15,SYN.ETH-20MAR20,1584183540093,open,0.47,1.0,0.437,0.4705,0.454184,194.67,0.4665,0.0,ETH-20MAR20-70-C,129.76,0.0,0.4385,10.0,0.4615,10.0,310.29,0.00238,-0.03936,0.01116,0.00046,0.99494
129.51,SYN.ETH-15MAR20,1584183540095,open,0.1,1.0,0.045,0.109,0.079981,159.43,0.035,0.0,ETH-15MAR20-120-C,129.76,0.0,0.0545,8.0,0.0915,8.0,243.03,0.01511,-1.20426,0.00238,0.02355,0.84514
129.24,SYN.ETH-16MAR20,1584183540097,open,0.0,0.0245,0.1055,0.068839,146.88,None,0.0,ETH-16MAR20-135-P,129.76,130.51,0.0645,125.0,0.0975,133.0,250.26,0.03462,-1.35559,-0.00472,0.02746,-0.64116
126.22,ETH-27MAR20,1584183540099,open,0.56,4096.0,0.539,0.6425,0.599792,175.7,0.7035,0.0,ETH-27MAR20-200-P,129.76,0.0,0.5715,4.0,0.648,4.0,272.45,0.04439,-0.30289,-0.06636,0.0045,-0.89063
5353.46,SYN.BTC-20MAR20,1584183540103,open,0.04,118.7,0.0065,0.0575,0.03253476,146.81,0.027,0.0,BTC-20MAR20-6000-C,5434.04,137.58,0.0285,20.4,0.035,0.1,152.35,2.36833,-29.58745,0.23213,0.00035,0.30189
128.15,SYN.ETH-20MAR20,1584183540105,open,0.04,511.0,0.004,0.067,0.030472,167.34,0.036,0.0,ETH-20MAR20-150-C,129.76,152.52,0.0245,16.0,0.037,50.0,182.77,0.05301,-0.75482,0.00479,0.01198,0.26258
5353.46,SYN.BTC-20MAR20,1584183540105,open,0.05,62.8,0.013,0.073,0.04547236,146.77,0.0405,0.0,BTC-20MAR20-5750-C,5434.04,137.51,0.041,0.3,0.0475,20.1,150.94,2.5977,-32.44503,0.29318,0.00038,0.38568
126.56,SYN.ETH-24APR20,1584183540107,open,0.4,0.0,0.3535,0.495,0.440376,148.97,None,0.0,ETH-24APR20-170-P,129.76,125.38,0.4115,5.0,0.487,5.0,185.05,0.15932,-0.29032,-0.15228,0.00596,-0.63409
5406.53,SYN.BTC-16MAR20,1584183540108,open,0.0,0.0005,0.022,0.00803674,139.15,None,0.0,BTC-16MAR20-6000-C,5434.04,136.03,0.0075,20.0,0.013,20.0,165.23,0.94318,-34.98434,0.04223,0.00045,0.16004
5406.53,SYN.BTC-16MAR20,1584183540109,open,0.0,0.0065,0.0615,0.03672367,138.83,None,0.0,BTC-16MAR20-5375-P,5434.04,123.97,0.0325,15.0,0.0455,16.0,169.7,1.53711,-56.88426,-0.13712,0.00074,-0.45679
5353.46,SYN.BTC-20MAR20,1584183540112,open,0.08,206.4,0.047,0.124,0.09001911,147.46,0.1025,0.0,BTC-20MAR20-5500-P,5434.04,137.52,0.085,27.5,0.0975,0.3,162.25,2.70625,-33.9581,-0.52593,0.0004,-0.52026
127.28,ETH-26JUN20,1584183540131,open,0.24,520.0,0.1605,0.2895,0.241305,131.89,0.2415,0.0,ETH-26JUN20-140-C,129.76,125.02,0.227,13.0,0.258,269.0,139.94,0.26461,-0.16798,0.12474,0.00435,0.58566
127.27,ETH-26JUN20,1584183540135,open,0.37,1.0,0.297,0.408,0.370351,134.31,0.38,0.0,ETH-26JUN20-100-C,129.76,119.44,0.3455,12.0,0.39,12.0,146.08,0.21277,-0.13756,0.13983,0.00344,0.75641
129.51,SYN.ETH-15MAR20,1584183540141,open,0.0,556.0,0.0005,0.014,0.002486,155.99,0.0015,0.0,ETH-15MAR20-145-C,129.76,115.05,0.0005,23.0,0.009,20.0,222.92,0.00897,-0.322,0.00022,0.01429,0.07489
5263.22,BTC-27MAR20,1584183540147,open,0.69,848.8,0.672,0.7555,0.71707533,166.33,0.66,0.0,BTC-27MAR20-9000-P,5434.04,0.0,0.6665,1.0,0.7625,1.0,277.48,1.16597,-7.53095,-3.078,7e-05,-0.94075
5260.59,BTC-27MAR20,1584183540171,open,0.78,33.1,0.7655,0.8515,0.8120801,174.65,1.108,0.0,BTC-27MAR20-9500-P,5434.04,0.0,0.758,1.0,0.8735,1.0,320.21,1.03077,-6.99067,-3.26858,6e-05,-0.94928
5419.79,SYN.BTC-15MAR20,1584183540173,open,0.1,0.0,0.056,0.1045,0.08124937,139.06,None,0.0,BTC-15MAR20-5000-C,5434.04,0.0,0.0525,3.0,0.1055,3.0,313.72,0.50461,-35.08549,0.10494,0.00051,0.88832
5419.79,SYN.BTC-15MAR20,1584183540174,open,0.14,0.1,0.103,0.145,0.12558099,172.25,0.159,0.0,BTC-15MAR20-4750-C,5434.04,0.0,0.0965,3.0,0.149,3.0,386.65,0.29179,-25.12991,0.10666,0.00024,0.94583
5353.46,SYN.BTC-20MAR20,1584183540176,open,0.14,57.8,0.109,0.1905,0.15370684,147.72,0.16,0.0,BTC-20MAR20-6000-P,5434.04,100.62,0.1345,3.0,0.2035,3.0,252.08,2.37363,-29.83667,-0.73279,0.00035,-0.6966
5277.57,SYN.BTC-24APR20,1584183540179,open,0.46,16.2,0.4235,0.537,0.4804901,128.88,0.4125,0.0,BTC-24APR20-7500-P,5434.04,86.12,0.4395,2.0,0.5385,2.0,176.83,5.88802,-9.28254,-7.12756,0.00015,-0.72548
5419.79,SYN.BTC-15MAR20,1584183540181,open,0.08,0.2,0.033,0.0865,0.06099842,131.07,0.04,0.0,BTC-15MAR20-5125-C,5434.04,0.0,0.0325,4.0,0.085,4.0,281.53,0.70432,-46.15819,0.09828,0.00076,0.8168
5277.57,SYN.BTC-24APR20,1584183540182,open,0.54,350.2,0.507,0.621,0.56369002,130.07,0.545,0.0,BTC-24APR20-8000-P,5434.04,129.39,0.563,1.0,0.622,2.0,180.96,5.36621,-8.53818,-7.8809,0.00013,-0.76974
5318.4,BTC-26JUN20,1584183540193,open,0.3,817.4,0.2465,0.365,0.30810018,106.9,0.3065,0.0,BTC-26JUN20-6000-P,5434.04,88.75,0.2695,3.0,0.372,3.0,137.24,11.28813,-5.80851,-11.78654,0.00013,-0.47063
5406.53,SYN.BTC-16MAR20,1584183540205,open,0.0,0.0555,0.1115,0.08719035,139.84,None,0.0,BTC-16MAR20-5000-C,5434.04,0.0,0.0555,4.0,0.1075,4.0,228.84,1.09575,-40.84651,0.19713,0.00052,0.7967
5263.22,BTC-27MAR20,1584183540207,open,0.28,36.1,0.227,0.28,0.26283428,153.61,0.2545,0.0,BTC-27MAR20-4000-C,5434.04,98.95,0.245,4.0,0.2935,4.0,218.97,2.16418,-12.90976,1.11495,0.00014,0.86335
5406.53,SYN.BTC-16MAR20,1584183540207,open,0.2,0.004,0.0545,0.03132191,136.52,0.028,0.0,BTC-16MAR20-5500-C,5434.04,140.67,0.0325,20.0,0.04,21.0,167.03,1.53392,-55.82249,0.11626,0.00075,0.44978
5406.53,SYN.BTC-16MAR20,1584183540232,open,0.0,0.0065,0.0615,0.03658825,138.83,None,0.0,BTC-16MAR20-5375-P,5434.04,123.97,0.0325,16.0,0.0455,16.0,169.7,1.53711,-56.88426,-0.13712,0.00074,-0.45679
5356.2,SYN.BTC-20MAR20,1584183540317,open,0.25,163.0,0.234,0.309,0.27433495,158.99,0.295,0.0,BTC-20MAR20-6750-P,5434.04,0.0,0.0,0.0,0.49,5.0,500.0,1.56924,-21.23075,-0.97129,0.00021,-0.85216
129.24,SYN.ETH-16MAR20,1584183540333,open,0.0,0.0005,0.0375,0.016281,155.62,None,0.0,ETH-16MAR20-120-P,129.76,154.35,0.016,264.0,0.032,278.0,222.33,0.02851,-1.18267,-0.00167,0.02134,-0.23557
129.24,SYN.ETH-16MAR20,1584183540335,open,0.0,0.0175,0.0915,0.061033,151.68,None,0.0,ETH-16MAR20-125-C,129.76,93.97,0.046,264.0,0.073,254.0,195.89,0.03463,-1.40016,0.00385,0.0266,0.64097
126.23,ETH-27MAR20,1584183540337,open,0.09,976.0,0.019,0.092,0.081144,163.26,0.109,0.0,ETH-27MAR20-140-C,129.76,148.74,0.0705,336.0,0.0905,323.0,175.92,0.09299,-0.58953,0.01539,0.01013,0.42687
127.27,ETH-26JUN20,1584183540338,open,0.31,805.0,0.25,0.4035,0.341588,132.02,0.326,0.0,ETH-26JUN20-140-P,129.76,120.72,0.318,144.0,0.362,144.0,141.88,0.26457,-0.16813,-0.27374,0.00435,-0.41418
127.27,ETH-26JUN20,1584183540339,open,0.09,1745.0,0.02,0.103,0.075871,137.97,0.07,0.0,ETH-26JUN20-280-C,129.76,132.52,0.067,379.0,0.084,294.0,142.78,0.21153,-0.14048,0.05979,0.00333,0.24096
129.51,SYN.ETH-15MAR20,1584183540341,open,0.04,0.0,0.015,0.091,0.056996,157.19,None,0.0,ETH-15MAR20-135-P,129.76,107.67,0.049,8.0,0.09,102.0,334.57,0.02233,-1.75483,-0.00233,0.0353,-0.69167
129.24,SYN.ETH-16MAR20,1584183540344,open,0.0,0.0005,0.0365,0.014288,147.61,None,0.0,ETH-16MAR20-140-C,129.76,125.06,0.0095,305.0,0.025,15.0,192.47,0.02887,-1.13593,0.00151,0.02279,0.24104
126.23,ETH-27MAR20,1584183540346,open,0.08,1497.0,0.03,0.111,0.098168,166.63,0.096,0.0,ETH-27MAR20-120-P,129.76,150.94,0.087,11.0,0.109,294.0,181.84,0.08991,-0.58179,-0.02108,0.0096,-0.37516
126.23,ETH-27MAR20,1584183540349,open,0.17,1968.0,0.1115,0.2145,0.190143,163.14,0.172,0.0,ETH-27MAR20-140-P,129.76,146.57,0.178,7.0,0.209,144.0,188.59,0.09298,-0.58906,-0.03399,0.01014,-0.57327
126.56,SYN.ETH-24APR20,1584183540350,open,0.18,1.0,0.113,0.2195,0.180754,144.82,0.159,0.0,ETH-24APR20-130-C,129.76,136.25,0.1695,326.0,0.1915,49.0,153.02,0.16603,-0.29412,0.05575,0.00639,0.57414
126.23,ETH-27MAR20,1584183540353,open,0.17,1968.0,0.1115,0.2145,0.190143,163.14,0.172,0.0,ETH-27MAR20-140-P,129.76,146.57,0.178,8.0,0.209,144.0,188.59,0.09298,-0.58906,-0.03399,0.01014,-0.57327
126.56,SYN.ETH-24APR20,1584183540353,open,0.15,45.0,0.0865,0.1915,0.153143,145.08,0.125,0.0,ETH-24APR20-140-C,129.76,137.11,0.1425,332.0,0.164,50.0,153.22,0.16886,-0.29967,0.05113,0.00649,0.51389
5353.46,SYN.BTC-20MAR20,1584183540364,open,0.1,84.8,0.043,0.114,0.08308436,145.51,0.071,0.0,BTC-20MAR20-5250-C,5434.04,140.66,0.0805,0.3,0.088,20.0,155.77,2.65713,-32.90099,0.42708,0.0004,0.57848
5353.46,SYN.BTC-20MAR20,1584183540373,open,0.1,84.8,0.043,0.114,0.08308436,145.51,0.071,0.0,BTC-20MAR20-5250-C,5434.04,140.66,0.0805,0.3,0.086,20.0,151.74,2.65713,-32.90099,0.42708,0.0004,0.57848
5309.69,BTC-25SEP20,1584183540376,open,0.33,41.6,0.256,0.3635,0.31426121,102.71,0.2995,0.0,BTC-25SEP20-5000-C,5434.04,100.42,0.308,16.6,0.3255,5.0,107.09,13.9538,-3.67727,10.2491,9e-05,0.67556
5263.22,BTC-27MAR20,1584183540393,open,0.69,848.8,0.671,0.7545,0.71609329,166.33,0.66,0.0,BTC-27MAR20-9000-P,5434.04,0.0,0.6665,1.0,0.763,4.2,278.38,1.16597,-7.53095,-3.078,7e-05,-0.94075
5406.53,SYN.BTC-16MAR20,1584183540395,open,0.0,0.044,0.1095,0.08022217,139.52,None,0.0,BTC-16MAR20-5750-P,5434.04,0.0,0.054,3.0,0.126,3.0,308.17,1.31747,-48.9988,-0.2208,0.00063,-0.71424
5406.53,SYN.BTC-16MAR20,1584183540397,open,0.0,0.085,0.1475,0.1178618,141.22,None,0.0,BTC-16MAR20-6000-P,5434.04,0.0,0.0885,3.0,0.1655,3.0,336.88,0.95825,-36.07294,-0.26511,0.00045,-0.83601
5309.69,BTC-25SEP20,1584183540423,open,0.33,41.6,0.256,0.3635,0.31426121,102.71,0.2995,0.0,BTC-25SEP20-5000-C,5434.04,100.61,0.3085,16.6,0.3255,5.0,107.09,13.9538,-3.67727,10.2491,9e-05,0.67556
129.24,SYN.ETH-16MAR20,1584183540426,open,0.0,0.0005,0.0375,0.016281,155.62,None,0.0,ETH-16MAR20-120-P,129.76,149.77,0.015,279.0,0.032,278.0,222.33,0.02851,-1.18267,-0.00167,0.02134,-0.23557
126.23,ETH-27MAR20,1584183540429,open,0.09,976.0,0.019,0.092,0.081144,163.26,0.109,0.0,ETH-27MAR20-140-C,129.76,148.74,0.0705,336.0,0.093,323.0,179.29,0.09299,-0.58953,0.01539,0.01013,0.42687
127.27,ETH-26JUN20,1584183540432,open,0.31,805.0,0.25,0.4035,0.341588,132.02,0.326,0.0,ETH-26JUN20-140-P,129.76,120.25,0.317,152.0,0.362,144.0,141.88,0.26457,-0.16813,-0.27374,0.00435,-0.41418
127.27,ETH-26JUN20,1584183540434,open,0.09,1745.0,0.02,0.103,0.075871,137.97,0.07,0.0,ETH-26JUN20-280-C,129.76,132.52,0.067,379.0,0.086,294.0,143.94,0.21153,-0.14048,0.05979,0.00333,0.24096
5353.46,SYN.BTC-20MAR20,1584183540443,open,0.18,368.0,0.148,0.2275,0.19066879,148.68,0.2315,0.0,BTC-20MAR20-6250-P,5434.04,0.0,0.1575,3.0,0.2425,3.0,263.31,2.08122,-26.33177,-0.82495,0.0003,-0.76623
5353.46,SYN.BTC-20MAR20,1584183540444,open,0.1,84.8,0.043,0.114,0.08308436,145.51,0.071,0.0,BTC-20MAR20-5250-C,5434.04,140.66,0.0805,0.3,0.0875,20.0,154.77,2.65713,-32.90099,0.42708,0.0004,0.57848
5263.22,BTC-27MAR20,1584183540447,open,0.2,46.3,0.1455,0.2125,0.18941243,145.14,0.21,0.0,BTC-27MAR20-4500-C,5434.04,86.79,0.1585,4.0,0.224,4.0,202.62,3.06286,-17.26312,1.0627,0.00022,0.76146
5419.79,SYN.BTC-15MAR20,1584183540445,open,0.04,25.0,0.0175,0.078,0.04864374,128.81,0.079,0.0,BTC-15MAR20-5625-P,5434.04,0.0,0.0225,4.0,0.0885,4.0,341.44,0.90665,-58.39374,-0.09886,0.001,-0.7114
5353.46,SYN.BTC-20MAR20,1584183540453,open,0.1,84.8,0.043,0.114,0.08308436,145.51,0.071,0.0,BTC-20MAR20-5250-C,5434.04,140.66,0.0805,0.3,0.086,20.0,151.74,2.65713,-32.90099,0.42708,0.0004,0.57848
5263.22,BTC-27MAR20,1584183540454,open,0.59,1019.0,0.5785,0.66,0.62379866,163.05,0.6435,0.0,BTC-27MAR20-8500-P,5434.04,0.0,0.575,1.0,0.684,1.0,287.63,1.45517,-9.21367,-2.86991,9e-05,-0.92104
5419.79,SYN.BTC-15MAR20,1584183540456,open,0.12,0.0,0.08,0.1245,0.10321437,151.49,None,0.0,BTC-15MAR20-4875-C,5434.04,0.0,0.074,3.0,0.1325,3.0,384.81,0.36225,-27.43818,0.10735,0.00034,0.92851
5353.46,SYN.BTC-20MAR20,1584183540458,open,0.1,84.8,0.043,0.114,0.08308436,145.51,0.071,0.0,BTC-20MAR20-5250-C,5434.04,140.66,0.0805,0.3,0.087,20.0,153.76,2.65713,-32.90099,0.42708,0.0004,0.57848
5315.77,BTC-26JUN20,1584183540458,open,0.44,364.2,0.382,0.511,0.44836244,107.5,0.4405,0.0,BTC-26JUN20-7000-P,5434.04,84.03,0.4005,2.0,0.5215,2.0,142.04,11.10414,-5.74604,-15.50599,0.00013,-0.57658
5353.46,SYN.BTC-20MAR20,1584183540468,open,0.1,84.8,0.043,0.114,0.08308436,145.51,0.071,0.0,BTC-20MAR20-5250-C,5434.04,140.66,0.0805,0.3,0.086,20.0,151.74,2.65713,-32.90099,0.42708,0.0004,0.57848
5353.46,SYN.BTC-20MAR20,1584183540481,open,0.1,84.8,0.043,0.114,0.08308436,145.51,0.071,0.0,BTC-20MAR20-5250-C,5434.04,140.66,0.0805,0.3,0.0865,20.0,152.75,2.65713,-32.90099,0.42708,0.0004,0.57848
5353.46,SYN.BTC-20MAR20,1584183540485,open,0.1,84.8,0.043,0.114,0.08308436,145.51,0.071,0.0,BTC-20MAR20-5250-C,5434.04,140.66,0.0805,0.3,0.086,20.0,151.74,2.65713,-32.90099,0.42708,0.0004,0.57848
5280.37,SYN.BTC-24APR20,1584183540506,open,3.46,0.0,3.444,3.653,3.54807157,184.47,None,0.0,BTC-24APR20-24000-P,5434.04,0.0,0.0,0.0,0.0,0.0,0.0,0.70796,-1.59747,-26.7998,1e-05,-0.98398
5419.79,SYN.BTC-15MAR20,1584183540516,open,0.02,25.0,0.0005,0.032,0.01078106,126.81,0.0135,0.0,BTC-15MAR20-5625-C,5434.04,122.58,0.01,22.0,0.0185,1.0,171.55,0.90168,-57.17255,0.0357,0.00101,0.28527
5406.53,SYN.BTC-16MAR20,1584183540557,open,0.0,0.027,0.092,0.0635535,138.5,None,0.0,BTC-16MAR20-5625-P,5434.04,0.0,0.0395,4.0,0.1075,4.0,294.61,1.45465,-53.70417,-0.19458,0.0007,-0.63659
5277.57,SYN.BTC-24APR20,1584183540559,open,0.24,523.6,0.1995,0.304,0.25356354,125.21,0.27,0.0,BTC-24APR20-6000-P,5434.04,91.43,0.2095,3.0,0.3065,3.0,164.68,7.01295,-10.74126,-4.6831,0.00018,-0.5385
5277.57,SYN.BTC-24APR20,1584183540561,open,0.31,28.0,0.2675,0.3765,0.32348553,125.89,0.324,0.0,BTC-24APR20-6500-P,5434.04,86.72,0.276,3.0,0.38,3.0,168.69,6.76748,-10.42094,-5.52967,0.00017,-0.61176
5419.79,SYN.BTC-15MAR20,1584183540581,open,0.04,10.1,0.003,0.053,0.02738745,117.31,0.021,0.0,BTC-15MAR20-5375-C,5434.04,126.68,0.029,2.0,0.0365,2.0,165.51,1.04331,-61.19435,0.07042,0.00126,0.56874
128.31,SYN.ETH-25SEP20,1584183540580,open,5.07,0.0,5.056,5.4695,5.257954,130.63,None,0.0,ETH-25SEP20-800-P,129.76,0.0,0.0,0.0,0.0,0.0,0.0,0.13261,-0.04445,-4.23572,0.00115,-0.92508
127.27,ETH-26JUN20,1584183540593,open,4.2,0.0,4.186,4.5165,4.351357,143.44,None,0.0,ETH-26JUN20-680-P,129.76,0.0,0.0,0.0,0.0,0.0,0.0,0.0529,-0.03652,-1.92545,0.0008,-0.96465
5406.53,SYN.BTC-16MAR20,1584183540599,open,0.0,0.0635,0.128,0.09841235,140.41,None,0.0,BTC-16MAR20-5875-P,5434.04,0.0,0.0715,3.0,0.1455,3.0,322.71,1.14485,-42.85066,-0.24438,0.00054,-0.78091
126.56,SYN.ETH-24APR20,1584183540606,open,0.18,3.0,0.135,0.2555,0.208026,144.96,0.249,0.0,ETH-24APR20-130-P,129.76,133.82,0.1935,217.0,0.2335,226.0,164.36,0.16602,-0.29439,-0.08984,0.00639,-0.42575
128.3,SYN.ETH-25SEP20,1584183540610,open,0.4,56.0,0.321,0.4965,0.409695,123.04,0.6355,0.0,ETH-25SEP20-140-P,129.76,116.88,0.393,140.0,0.4475,149.0,136.9,0.35148,-0.11096,-0.52896,0.00325,-0.36225
126.56,SYN.ETH-24APR20,1584183540612,open,0.14,206.0,0.095,0.205,0.166341,148.68,0.16,0.0,ETH-24APR20-120-P,129.76,135.11,0.1495,275.0,0.181,285.0,160.24,0.1586,-0.28844,-0.07477,0.00595,-0.36103
127.27,ETH-26JUN20,1584183540614,open,0.21,608.0,0.159,0.2935,0.240552,132.42,0.241,0.0,ETH-26JUN20-120-P,129.76,121.35,0.219,219.0,0.2585,219.0,141.76,0.24625,-0.15696,-0.20709,0.00403,-0.33125
127.28,ETH-26JUN20,1584183540617,open,0.24,520.0,0.1605,0.2895,0.241436,131.89,0.2415,0.0,ETH-26JUN20-140-C,129.76,125.02,0.227,13.0,0.2585,319.0,140.18,0.26461,-0.16798,0.12474,0.00435,0.58566
127.28,ETH-26JUN20,1584183540619,open,0.2,392.0,0.1175,0.246,0.198328,132.3,0.199,0.0,ETH-26JUN20-160-C,129.76,125.86,0.1845,274.0,0.214,274.0,139.73,0.27077,-0.17243,0.11347,0.00444,0.51146
5263.22,BTC-27MAR20,1584183540619,open,0.69,848.8,0.671,0.7545,0.71609329,166.33,0.66,0.0,BTC-27MAR20-9000-P,5434.04,0.0,0.666,1.0,0.763,4.2,278.38,1.16597,-7.53095,-3.078,7e-05,-0.94075
129.24,SYN.ETH-16MAR20,1584183540621,open,0.0,0.0005,0.023,0.008127,156.58,None,0.0,ETH-16MAR20-115-P,129.76,152.29,0.0075,37.0,0.023,298.0,235.32,0.02027,-0.84606,-0.00096,0.01508,-0.13652
5260.59,BTC-27MAR20,1584183540621,open,0.07,381.8,0.019,0.0795,0.05695517,142.33,0.057,0.0,BTC-27MAR20-6000-C,5434.04,138.16,0.054,20.0,0.0615,23.1,148.81,3.69659,-20.43093,0.56252,0.00027,0.36005
126.56,SYN.ETH-24APR20,1584183540623,open,0.22,0.0,0.1465,0.252,0.218152,148.54,None,0.0,ETH-24APR20-120-C,129.76,132.48,0.198,321.0,0.229,309.0,157.19,0.15861,-0.28818,0.05963,0.00595,0.63892
128.31,SYN.ETH-25SEP20,1584183540625,open,0.04,37.0,0.004,0.0525,0.024692,129.59,0.02,0.0,ETH-25SEP20-760-C,129.76,116.73,0.013,300.0,0.0405,26.0,142.14,0.13935,-0.04633,0.03787,0.00122,0.07998
126.56,SYN.ETH-24APR20,1584183540627,open,0.02,99.0,0.0015,0.0305,0.019292,152.82,0.009,0.0,ETH-24APR20-280-C,129.76,140.78,0.013,350.0,0.027,350.0,165.1,0.07286,-0.1362,0.01106,0.00266,0.09731
126.56,SYN.ETH-24APR20,1584183540630,open,0.26,30.0,0.188,0.2885,0.255984,148.56,0.248,0.0,ETH-24APR20-110-C,129.76,132.61,0.2375,316.0,0.269,305.0,159.79,0.14677,-0.26672,0.06324,0.00551,0.70215
5307.06,BTC-25SEP20,1584183540632,open,0.64,193.5,0.594,0.751,0.67485098,104.19,0.653,0.0,BTC-25SEP20-8000-P,5434.04,82.16,0.613,2.0,0.7205,2.0,119.92,15.27735,-4.08411,-35.07303,0.0001,-0.56293
129.24,SYN.ETH-16MAR20,1584183540633,open,0.0,0.0175,0.0915,0.061134,151.68,None,0.0,ETH-16MAR20-125-C,129.76,93.97,0.046,264.0,0.074,10.0,199.56,0.03463,-1.40016,0.00385,0.0266,0.64097
126.23,ETH-27MAR20,1584183540636,open,0.15,302.0,0.0735,0.1595,0.147445,166.42,0.152,0.0,ETH-27MAR20-120-C,129.76,144.12,0.1315,315.0,0.159,304.0,182.74,0.08991,-0.58105,0.02126,0.00961,0.62484
129.24,SYN.ETH-16MAR20,1584183540639,open,0.0,0.024,0.1055,0.068662,146.88,None,0.0,ETH-16MAR20-135-P,129.76,128.6,0.064,8.0,0.0975,133.0,250.26,0.03462,-1.35559,-0.00472,0.02746,-0.64116
5353.46,SYN.BTC-20MAR20,1584183540639,open,0.07,60.6,0.0245,0.0915,0.06241556,146.73,0.061,0.0,BTC-20MAR20-5500-C,5434.04,139.25,0.0585,0.4,0.0705,15.0,162.99,2.70608,-33.78853,0.35936,0.0004,0.47927
129.24,SYN.ETH-16MAR20,1584183540641,open,0.0,0.007,0.0785,0.04387,142.99,None,0.0,ETH-16MAR20-130-P,129.76,137.72,0.0425,178.0,0.069,187.0,230.41,0.03696,-1.40878,-0.00363,0.03011,-0.50241
129.24,SYN.ETH-16MAR20,1584183540643,open,0.0,0.001,0.0555,0.028337,152.48,None,0.0,ETH-16MAR20-125-P,129.76,143.32,0.026,235.0,0.047,247.0,220.74,0.03464,-1.40819,-0.00258,0.02647,-0.35952
126.56,SYN.ETH-24APR20,1584183540646,open,0.18,3.0,0.135,0.2555,0.208026,144.96,0.249,0.0,ETH-24APR20-130-P,129.76,131.54,0.1905,9.0,0.2335,226.0,164.36,0.16602,-0.29439,-0.08984,0.00639,-0.42575
128.3,SYN.ETH-25SEP20,1584183540648,open,0.4,56.0,0.321,0.4965,0.409695,123.04,0.6355,0.0,ETH-25SEP20-140-P,129.76,112.55,0.381,9.0,0.4475,149.0,136.9,0.35148,-0.11096,-0.52896,0.00325,-0.36225
126.56,SYN.ETH-24APR20,1584183540660,open,0.14,206.0,0.095,0.205,0.166341,148.68,0.16,0.0,ETH-24APR20-120-P,129.76,132.73,0.1465,10.0,0.181,285.0,160.24,0.1586,-0.28844,-0.07477,0.00595,-0.36103
127.27,ETH-26JUN20,1584183540662,open,0.21,608.0,0.159,0.2935,0.240552,132.42,0.241,0.0,ETH-26JUN20-120-P,129.76,120.84,0.218,10.0,0.2585,219.0,141.76,0.24625,-0.15696,-0.20709,0.00403,-0.33125
127.28,ETH-26JUN20,1584183540671,open,0.24,520.0,0.1605,0.2895,0.241436,131.89,0.2415,0.0,ETH-26JUN20-140-C,129.76,125.02,0.227,13.0,0.2585,50.0,140.18,0.26461,-0.16798,0.12474,0.00435,0.58566
127.28,ETH-26JUN20,1584183540673,open,0.2,392.0,0.1175,0.246,0.198328,132.3,0.199,0.0,ETH-26JUN20-160-C,129.76,125.86,0.1845,274.0,0.215,50.0,140.2,0.27077,-0.17243,0.11347,0.00444,0.51146
126.56,SYN.ETH-24APR20,1584183540675,open,0.02,99.0,0.0015,0.0305,0.019292,152.82,0.009,0.0,ETH-24APR20-280-C,129.76,140.78,0.013,350.0,0.0275,1.0,165.83,0.07286,-0.1362,0.01106,0.00266,0.09731
126.23,ETH-27MAR20,1584183540676,open,0.15,302.0,0.0735,0.1595,0.147445,166.42,0.152,0.0,ETH-27MAR20-120-C,129.76,144.12,0.1315,315.0,0.1625,11.0,187.66,0.08991,-0.58105,0.02126,0.00961,0.62484
126.56,SYN.ETH-24APR20,1584183540678,open,0.18,3.0,0.135,0.2555,0.208026,144.96,0.249,0.0,ETH-24APR20-130-P,129.76,133.82,0.1935,217.0,0.2335,226.0,164.36,0.16602,-0.29439,-0.08984,0.00639,-0.42575
128.3,SYN.ETH-25SEP20,1584183540679,open,0.4,56.0,0.321,0.4965,0.409695,123.04,0.6355,0.0,ETH-25SEP20-140-P,129.76,116.88,0.393,140.0,0.4475,149.0,136.9,0.35148,-0.11096,-0.52896,0.00325,-0.36225
126.56,SYN.ETH-24APR20,1584183540680,open,0.14,206.0,0.095,0.205,0.166341,148.68,0.16,0.0,ETH-24APR20-120-P,129.76,135.11,0.1495,275.0,0.181,285.0,160.24,0.1586,-0.28844,-0.07477,0.00595,-0.36103
127.27,ETH-26JUN20,1584183540681,open,0.21,608.0,0.159,0.2935,0.240552,132.42,0.241,0.0,ETH-26JUN20-120-P,129.76,121.35,0.219,219.0,0.2585,219.0,141.76,0.24625,-0.15696,-0.20709,0.00403,-0.33125
127.28,ETH-26JUN20,1584183540683,open,0.24,520.0,0.1605,0.2895,0.241436,131.89,0.2415,0.0,ETH-26JUN20-140-C,129.76,125.02,0.227,13.0,0.2585,319.0,140.18,0.26461,-0.16798,0.12474,0.00435,0.58566
127.28,ETH-26JUN20,1584183540685,open,0.2,392.0,0.1175,0.246,0.198328,132.3,0.199,0.0,ETH-26JUN20-160-C,129.76,125.86,0.1845,274.0,0.214,274.0,139.73,0.27077,-0.17243,0.11347,0.00444,0.51146
126.56,SYN.ETH-24APR20,1584183540686,open,0.02,99.0,0.0015,0.0305,0.019292,152.82,0.009,0.0,ETH-24APR20-280-C,129.76,140.78,0.013,350.0,0.027,350.0,165.1,0.07286,-0.1362,0.01106,0.00266,0.09731
126.23,ETH-27MAR20,1584183540688,open,0.15,302.0,0.0735,0.1595,0.147445,166.42,0.152,0.0,ETH-27MAR20-120-C,129.76,144.12,0.1315,315.0,0.159,304.0,182.74,0.08991,-0.58105,0.02126,0.00961,0.62484
126.56,SYN.ETH-24APR20,1584183540690,open,0.18,3.0,0.135,0.2555,0.208026,144.96,0.249,0.0,ETH-24APR20-130-P,129.76,132.3,0.1915,217.0,0.2335,226.0,164.36,0.16602,-0.29439,-0.08984,0.00639,-0.42575
5263.46,BTC-27MAR20,1584183540692,open,1.15,0.1,1.1365,1.237,1.18741333,189.2,0.6,0.0,BTC-27MAR20-11500-P,5434.71,0.0,0.0,0.0,0.0,0.0,0.0,0.51092,-3.75378,-4.02133,3e-05,-0.9784
5263.46,BTC-27MAR20,1584183540692,open,0.96,0.1,0.9505,1.0435,0.99872558,182.02,0.1395,0.0,BTC-27MAR20-10500-P,5434.71,0.0,0.0,0.0,0.0,0.0,0.0,0.71357,-5.0437,-3.65127,4e-05,-0.96778
5263.46,BTC-27MAR20,1584183540692,open,0.78,33.1,0.765,0.851,0.81133464,175.73,1.108,0.0,BTC-27MAR20-9500-P,5434.71,0.0,0.758,1.0,0.8735,1.0,321.7,1.05476,-7.19776,-3.26628,6e-05,-0.94782
5318.41,BTC-26JUN20,1584183540692,open,1.08,0.5,1.0435,1.187,1.11330367,111.84,1.05,0.0,BTC-26JUN20-11000-P,5434.71,0.0,0.0005,1.0,0.0,0.0,0.0,7.41557,-3.99222,-29.27896,8e-05,-0.82112
5318.41,BTC-26JUN20,1584183540692,open,1.43,0.0,1.4025,1.557,1.47677711,117.21,None,0.0,BTC-26JUN20-13000-P,5434.71,0.0,0.0005,1.0,0.0,0.0,0.0,6.06697,-3.42282,-35.48924,6e-05,-0.86796
5318.41,BTC-26JUN20,1584183540693,open,3.06,0.0,3.0475,3.2575,3.14763033,131.95,None,0.0,BTC-26JUN20-22000-P,5434.71,0.0,0.0,0.0,0.0,0.0,0.0,2.82927,-1.79693,-62.05179,3e-05,-0.95206
5318.41,BTC-26JUN20,1584183540693,open,0.44,364.2,0.382,0.511,0.44836244,107.74,0.4405,0.0,BTC-26JUN20-7000-P,5434.71,84.29,0.4005,2.0,0.5215,2.0,142.28,11.115,-5.76399,-15.49842,0.00013,-0.5756
5263.46,BTC-27MAR20,1584183540693,open,0.87,664.0,0.8585,0.9475,0.90477866,178.62,0.875,0.0,BTC-27MAR20-10000-P,5434.71,0.0,0.8475,1.0,0.9695,1.0,338.79,0.85998,-5.96522,-3.46152,5e-05,-0.95953
5318.41,BTC-26JUN20,1584183540693,open,4.89,3.0,4.879,5.163,5.02103148,138.2,6.119,0.0,BTC-26JUN20-32000-P,5434.71,0.0,0.0005,1.0,0.0,0.0,0.0,1.34111,-0.89215,-90.83834,1e-05,-0.98056
5263.46,BTC-27MAR20,1584183540693,open,0.34,1501.2,0.306,0.391,0.3540409,145.7,0.402,0.0,BTC-27MAR20-7000-P,5434.71,66.85,0.3305,5.0,0.4065,7.0,232.1,2.6185,-14.81582,-2.17483,0.00018,-0.81728
5318.41,BTC-26JUN20,1584183540693,open,2.33,1.0,2.314,2.496,2.40041567,125.46,0.9,0.0,BTC-26JUN20-18000-P,5434.71,0.0,0.0005,1.0,0.0,0.0,0.0,3.74692,-2.26275,-50.43074,4e-05,-0.93149
5310.38,BTC-25SEP20,1584183540693,open,1.13,200.5,1.0865,1.2635,1.17495608,107.72,1.35,0.0,BTC-25SEP20-11000-P,5434.71,32.01,1.0715,1.0,1.75,1.0,328.98,13.43954,-3.71439,-53.23118,8e-05,-0.70253
5319.08,BTC-26JUN20,1584183540693,open,1.25,124.1,1.222,1.3725,1.29465484,115.18,1.25,0.0,BTC-26JUN20-12000-P,5434.71,0.0,0.0005,1.0,0.0,0.0,0.0,6.75037,-3.74258,-32.39517,7e-05,-0.84539
5310.38,BTC-25SEP20,1584183540693,open,4.16,0.0,4.1605,4.4465,4.29729352,123.52,None,0.0,BTC-25SEP20-28000-P,5434.71,0.0,0.0,0.0,0.0,0.0,0.0,5.8856,-1.86532,-147.86184,3e-05,-0.91784
5319.08,BTC-26JUN20,1584183540693,open,0.91,753.5,0.8675,1.009,0.93711045,110.49,0.9045,0.0,BTC-26JUN20-10000-P,5434.71,0.0,0.037,0.1,0.0,0.0,0.0,8.37547,-4.45449,-26.01116,9e-05,-0.7812
5319.08,BTC-26JUN20,1584183540694,open,1.97,2.9,1.946,2.1175,2.02775968,121.39,1.776,0.0,BTC-26JUN20-16000-P,5434.71,0.0,0.001,2.0,0.0,0.0,0.0,4.38786,-2.56392,-44.55711,4e-05,-0.91571
5263.46,BTC-27MAR20,1584183540694,open,6.46,0.8,6.4325,6.782,6.60370985,431.45,5.8915,0.0,BTC-27MAR20-40000-P,5434.71,0.0,0.0,0.0,0.0,0.0,0.0,0.43702,-7.32201,-14.08468,1e-05,-0.98203
5319.08,BTC-26JUN20,1584183540694,open,3.79,0.0,3.7775,4.016,3.89522669,134.61,None,0.0,BTC-26JUN20-26000-P,5434.71,0.0,0.0005,1.0,0.0,0.0,0.0,2.04213,-1.32313,-73.6161,2e-05,-0.9679
5263.46,BTC-27MAR20,1584183540693,open,4.97,0.0,4.946,5.2255,5.08296792,383.57,None,0.0,BTC-27MAR20-32000-P,5434.71,0.0,0.0,0.0,0.0,0.0,0.0,0.39504,-5.88413,-11.26479,1e-05,-0.98403
5310.38,BTC-25SEP20,1584183540694,open,1.99,4.0,1.97,2.173,2.06836253,112.17,2.218,0.0,BTC-25SEP20-16000-P,5434.71,43.24,2.013,0.5,0.0,0.0,0.0,9.99071,-2.87537,-82.04292,6e-05,-0.82532
5319.08,BTC-26JUN20,1584183540694,open,0.59,416.5,0.534,0.6685,0.60217832,108.48,0.6,0.0,BTC-26JUN20-8000-P,5434.71,107.36,0.6,9.4,0.6815,2.0,147.18,10.38244,-5.42145,-19.12533,0.00012,-0.66125
5263.46,BTC-27MAR20,1584183540694,open,1.61,69.5,1.599,1.721,1.66048822,193.64,2.8715,0.0,BTC-27MAR20-14000-P,5434.71,0.0,0.0,0.0,0.0,0.0,0.0,0.16983,-1.27702,-4.92854,1e-05,-0.99393
5263.46,BTC-27MAR20,1584183540694,open,0.26,678.0,0.221,0.308,0.27250247,144.6,0.33,0.0,BTC-27MAR20-6500-P,5434.71,99.87,0.2485,0.1,0.3065,3.0,196.23,3.21109,-18.03122,-1.87863,0.00023,-0.73929
5310.38,BTC-25SEP20,1584183540694,open,1.3,245.6,1.2595,1.442,1.34992031,108.81,1.55,0.0,BTC-25SEP20-12000-P,5434.71,0.0,0.15,0.1,0.0,0.0,0.0,12.71083,-3.54863,-59.11098,8e-05,-0.73494
5263.46,BTC-27MAR20,1584183540694,open,2.36,0.0,2.3445,2.5015,2.42171902,264.14,1.23,0.0,BTC-27MAR20-18000-P,5434.71,0.0,0.0125,1.0,0.0,0.0,0.0,0.32781,-3.36243,-6.32934,1e-05,-0.98714
5263.46,BTC-27MAR20,1584183540694,open,0.51,1620.7,0.486,0.5675,0.5324265,156.55,0.5125,0.0,BTC-27MAR20-8000-P,5434.71,0.0,0.49,2.1,0.5905,2.0,270.19,1.74552,-10.61172,-2.65808,0.00011,-0.89916
5263.46,BTC-27MAR20,1584183540694,open,4.59,0.0,4.5685,4.8305,4.69993284,292.1,None,0.0,BTC-27MAR20-30000-P,5434.71,0.0,0.0,0.0,0.0,0.0,0.0,0.05917,-0.67121,-10.57976,0.0,-0.99812
5263.46,BTC-27MAR20,1584183540694,open,3.1,5.6,3.088,3.28,3.18204591,304.91,2.888,0.0,BTC-27MAR20-22000-P,5434.71,0.0,0.0,0.0,0.0,0.0,0.0,0.34221,-4.05195,-7.73984,1e-05,-0.98649
5319.08,BTC-26JUN20,1584183540695,open,4.52,5.5,4.5115,4.7805,4.64469519,135.88,5.702,0.0,BTC-26JUN20-30000-P,5434.71,0.0,0.0005,1.0,0.0,0.0,0.0,1.45989,-0.95486,-85.122,1e-05,-0.97851
5264.13,BTC-27MAR20,1584183540695,open,0.01,1374.2,0.0005,0.022,0.01240051,156.18,0.0105,0.0,BTC-27MAR20-8000-C,5434.71,148.52,0.01,117.0,0.015,25.0,163.69,1.73829,-10.54235,0.16313,0.00011,0.10025
5319.08,BTC-26JUN20,1584183540695,open,0.04,795.6,0.014,0.0695,0.03833715,114.95,0.035,0.0,BTC-26JUN20-12000-C,5434.71,111.43,0.034,20.0,0.043,20.0,118.55,6.7282,-3.72291,1.7485,7e-05,0.15384
5319.08,BTC-26JUN20,1584183540695,open,4.16,0.0,4.1445,4.398,4.26976497,135.19,None,0.0,BTC-26JUN20-28000-P,5434.71,0.0,0.0005,1.0,0.0,0.0,0.0,1.71643,-1.11695,-79.3774,2e-05,-0.97395
5264.13,BTC-27MAR20,1584183540695,open,1.8,2.0,1.7845,1.915,1.85025261,209.3,0.4565,0.0,BTC-27MAR20-15000-P,5434.71,0.0,0.0,0.0,0.0,0.0,0.0,0.18804,-1.52838,-5.28018,1e-05,-0.99319
5264.13,BTC-27MAR20,1584183540695,open,1.98,21.1,1.973,2.1125,2.04164241,247.38,2.255,0.0,BTC-27MAR20-16000-P,5434.71,0.0,0.0,0.0,0.0,0.0,0.0,0.38246,-3.67411,-5.61968,2e-05,-0.98462
5264.13,BTC-27MAR20,1584183540695,open,2.73,3.0,2.7165,2.891,2.80187111,292.39,2.33,0.0,BTC-27MAR20-20000-P,5434.71,0.0,0.0,0.0,0.0,0.0,0.0,0.38598,-4.38251,-7.0311,1e-05,-0.98446
5319.08,BTC-26JUN20,1584183540695,open,0.74,682.9,0.6975,0.836,0.76671972,109.72,0.7415,0.0,BTC-26JUN20-9000-P,5434.71,0.0,0.037,0.1,0.95,10.0,199.81,9.42239,-4.97642,-22.62169,0.00011,-0.72768
5310.38,BTC-25SEP20,1584183540695,open,1.64,103.4,1.6125,1.8055,1.70708719,111.06,1.89,0.0,BTC-25SEP20-14000-P,5434.71,43.28,1.6365,3.0,2.9,1.0,500.0,11.34152,-3.23188,-70.65318,7e-05,-0.78487
5310.38,BTC-25SEP20,1584183540695,open,3.43,16.1,3.4275,3.6845,3.55035761,120.57,3.1855,0.0,BTC-25SEP20-24000-P,5434.71,0.0,0.0,0.0,0.0,0.0,0.0,6.89555,-2.13306,-126.12938,4e-05,-0.89827
5264.13,BTC-27MAR20,1584183540695,open,3.47,0.0,3.4595,3.669,3.56222784,331.0,None,0.0,BTC-27MAR20-24000-P,5434.71,0.0,0.0005,1.0,0.0,0.0,0.0,0.40851,-5.25085,-8.44108,1e-05,-0.9834
5310.38,BTC-25SEP20,1584183540695,open,2.71,1.4,2.6965,2.9255,2.80621234,116.72,2.526,0.0,BTC-25SEP20-20000-P,5434.71,0.0,0.0,0.0,0.0,0.0,0.0,8.18893,-2.45226,-104.24223,5e-05,-0.87045
5264.13,BTC-27MAR20,1584183540695,open,5.34,0.0,5.3175,5.6145,5.46315339,406.37,None,0.0,BTC-27MAR20-34000-P,5434.71,0.0,0.0,0.0,0.0,0.0,0.0,0.47016,-7.41936,-11.96551,1e-05,-0.98042
5310.38,BTC-25SEP20,1584183540695,open,0.36,201.1,0.3095,0.444,0.37983661,102.52,0.352,0.0,BTC-25SEP20-6000-P,5434.71,87.26,0.336,4.0,0.416,5.0,115.31,15.13724,-3.98187,-22.57001,0.0001,-0.41622
5310.38,BTC-25SEP20,1584183540695,open,5.61,0.0,5.629,5.9755,5.7945053,126.27,None,0.0,BTC-25SEP20-36000-P,5434.71,0.0,0.0,0.0,0.0,0.0,0.0,4.21545,-1.36574,-191.12737,2e-05,-0.94662
5319.08,BTC-26JUN20,1584183540695,open,3.42,0.0,3.4105,3.635,3.5202247,131.82,None,0.0,BTC-26JUN20-24000-P,5434.71,0.0,0.0005,1.0,0.0,0.0,0.0,2.27632,-1.4443,-67.87083,2e-05,-0.96336
5264.13,BTC-27MAR20,1584183540695,open,0.0,527.4,0.0005,0.0105,7.1e-07,191.24,0.0015,0.0,BTC-27MAR20-26000-C,5434.71,0.0,0.0,0.0,0.0015,36.0,318.58,0.00044,-0.00326,2e-05,0.0,1e-05
5264.13,BTC-27MAR20,1584183540695,open,3.85,0.0,3.826,4.053,3.93994242,301.19,None,0.0,BTC-27MAR20-26000-P,5434.71,0.0,0.0,0.0,0.0,0.0,0.0,0.15647,-1.83013,-9.16304,1e-05,-0.99447
5310.38,BTC-25SEP20,1584183540695,open,4.89,1.0,4.8935,5.206,5.0440092,123.78,7.779,0.0,BTC-25SEP20-32000-P,5434.71,0.0,0.0,0.0,0.0,0.0,0.0,4.77637,-1.51696,-169.58832,3e-05,-0.93743
5310.38,BTC-25SEP20,1584183540695,open,0.64,193.5,0.594,0.751,0.67485098,104.45,0.653,0.0,BTC-25SEP20-8000-P,5434.71,82.45,0.613,2.0,0.7205,2.0,120.18,15.29433,-4.09879,-35.05953,0.0001,-0.56171
5264.13,BTC-27MAR20,1584183540696,open,0.42,1584.3,0.3945,0.477,0.44194475,151.33,0.46,0.0,BTC-27MAR20-7500-P,5434.71,0.0,0.415,0.1,0.498,2.0,252.13,2.14606,-12.61163,-2.42706,0.00015,-0.86505
5319.08,BTC-26JUN20,1584183540696,open,0.2,97.2,0.1275,0.2255,0.17952268,106.68,0.205,0.0,BTC-26JUN20-6000-C,5434.71,104.08,0.174,17.0,0.1845,13.6,109.03,11.29023,-5.79773,5.29117,0.00013,0.52906
5264.13,BTC-27MAR20,1584183540696,open,1.42,12.0,1.4125,1.526,1.47049181,188.87,1.485,0.0,BTC-27MAR20-13000-P,5434.71,0.0,0.29,1.0,0.0,0.0,0.0,0.23722,-1.73987,-4.57116,1e-05,-0.99113
5264.13,BTC-27MAR20,1584183540696,open,5.71,0.1,5.6825,5.9965,5.8399193,362.28,5.7275,0.0,BTC-27MAR20-36000-P,5434.71,0.0,0.0,0.0,0.0,0.0,0.0,0.17973,-2.52848,-12.6895,1e-05,-0.99353
5319.08,BTC-26JUN20,1584183540696,open,1.61,12.5,1.582,1.742,1.65870924,118.17,1.427,0.0,BTC-26JUN20-14000-P,5434.71,0.0,0.001,3.0,0.0,0.0,0.0,5.37924,-3.05984,-38.56238,6e-05,-0.88874
5264.13,BTC-27MAR20,1584183540696,open,4.22,0.0,4.1955,4.44,4.31993749,315.0,None,0.0,BTC-27MAR20-28000-P,5434.71,0.0,0.0,0.0,0.0,0.0,0.0,0.16108,-1.97043,-9.86833,1e-05,-0.99428
5310.38,BTC-25SEP20,1584183540696,open,0.97,258.0,0.9165,1.088,1.00304477,106.52,1.0,0.0,BTC-25SEP20-10000-P,5434.71,94.47,0.972,0.2,1.25,1.0,192.91,14.14893,-3.86687,-47.27131,9e-05,-0.66423
5264.13,BTC-27MAR20,1584183540696,open,1.24,150.1,1.2275,1.3325,1.28091815,181.92,1.2095,0.0,BTC-27MAR20-12000-P,5434.71,0.0,0.1,1.0,0.0,0.0,0.0,0.32044,-2.26376,-4.21234,2e-05,-0.98748
5310.38,BTC-25SEP20,1584183540696,open,2.35,0.9,2.331,2.543,2.43287089,112.56,2.2055,0.0,BTC-25SEP20-18000-P,5434.71,0.0,0.0,0.0,0.0,0.0,0.0,8.70484,-2.51393,-93.31454,5e-05,-0.85836
5264.13,BTC-27MAR20,1584183540696,open,0.0,932.1,0.0005,0.0105,1.619e-05,190.87,0.0025,0.0,BTC-27MAR20-20000-C,5434.71,0.0,0.0,0.0,0.0015,36.0,274.88,0.00738,-0.05473,0.00034,0.0,0.0002
5310.38,BTC-25SEP20,1584183540696,open,0.8,296.2,0.752,0.9175,0.83639058,105.63,0.803,0.0,BTC-25SEP20-9000-P,5434.71,78.79,0.766,2.0,0.9195,2.0,134.61,14.80926,-4.01355,-41.20728,9e-05,-0.617
5356.2,SYN.BTC-20MAR20,1584183540693,open,0.52,158.3,0.506,0.5795,0.5427394,172.55,0.529,0.0,BTC-20MAR20-8250-P,5434.71,0.0,0.0,0.0,0.0,0.0,0.0,0.47756,-7.01243,-1.3033,6e-05,-0.96881
5319.08,BTC-26JUN20,1584183540696,open,2.69,0.1,2.6775,2.877,2.77305848,128.66,1.85,0.0,BTC-26JUN20-20000-P,5434.71,0.0,0.0005,1.0,0.0,0.0,0.0,3.21643,-1.99198,-56.2625,3e-05,-0.94368
5264.13,BTC-27MAR20,1584183540696,open,1.05,251.7,1.042,1.1385,1.0919112,177.91,1.07,0.0,BTC-27MAR20-11000-P,5434.71,0.0,0.12,0.2,0.0,0.0,0.0,0.49385,-3.41183,-3.84608,3e-05,-0.97925
5310.38,BTC-25SEP20,1584183540697,open,0.5,223.8,0.4455,0.594,0.5227054,103.76,0.533,0.0,BTC-25SEP20-7000-P,5434.71,89.95,0.4825,3.0,0.571,8.0,120.38,15.47822,-4.12067,-28.82963,0.0001,-0.49413
5356.2,SYN.BTC-20MAR20,1584183540693,open,0.3,429.1,0.2785,0.3515,0.31727203,161.04,0.35,0.0,BTC-20MAR20-7000-P,5434.71,0.0,0.25,2.0,0.356,1.0,272.07,1.30738,-17.9167,-1.03787,0.00018,-0.88643
5356.2,SYN.BTC-20MAR20,1584183540693,open,1.11,0.0,1.0995,1.1975,1.14816485,247.47,None,0.0,BTC-20MAR20-11500-P,5434.71,0.0,0.0,0.0,0.0,0.0,0.0,0.20312,-4.2775,-1.84238,2e-05,-0.98859
5422.44,SYN.BTC-15MAR20,1584183540692,open,0.11,0.0,0.1045,0.159,0.13172384,160.11,None,0.0,BTC-15MAR20-6125-P,5434.71,0.0,0.001,0.1,0.0,0.0,0.0,0.33664,-26.94863,-0.13878,0.0003,-0.93503
128.3,SYN.ETH-25SEP20,1584183540700,open,0.4,56.0,0.321,0.4965,0.409695,123.04,0.6355,0.0,ETH-25SEP20-140-P,129.76,113.63,0.384,140.0,0.4475,149.0,136.9,0.35148,-0.11096,-0.52896,0.00325,-0.36225
5280.37,SYN.BTC-24APR20,1584183540693,open,0.54,350.2,0.5065,0.6205,0.56315109,130.24,0.545,0.0,BTC-24APR20-8000-P,5434.71,130.09,0.563,1.0,0.622,2.0,181.5,5.37975,-8.57058,-7.87703,0.00013,-0.76892
5422.44,SYN.BTC-15MAR20,1584183540693,open,0.09,0.0,0.082,0.1375,0.11006263,156.92,None,0.0,BTC-15MAR20-6000-P,5434.71,0.0,0.002,1.0,0.0,0.0,0.0,0.468,-36.71983,-0.13133,0.00042,-0.89945
5356.2,SYN.BTC-20MAR20,1584183540693,open,0.88,0.0,0.871,0.959,0.91478204,215.65,None,0.0,BTC-20MAR20-10250-P,5434.71,0.0,0.0,0.0,0.0,0.0,0.0,0.22292,-4.09084,-1.64003,2e-05,-0.9873
5409.19,SYN.BTC-16MAR20,1584183540693,open,0.0,0.0635,0.128,0.09841235,141.12,None,0.0,BTC-16MAR20-5875-P,5434.71,0.0,0.0715,3.0,0.1455,3.0,324.02,1.15363,-43.39698,-0.24366,0.00054,-0.77816
5356.2,SYN.BTC-20MAR20,1584183540693,open,0.79,0.0,0.78,0.8635,0.82151907,203.57,None,0.0,BTC-20MAR20-9750-P,5434.71,0.0,0.0,0.0,0.0,0.0,0.0,0.2464,-4.26846,-1.55827,3e-05,-0.98574
5356.2,SYN.BTC-20MAR20,1584183540693,open,0.32,0.0,0.2835,0.3195,0.30528326,184.4,None,0.0,BTC-20MAR20-3750-C,5434.71,0.0,0.2775,4.0,0.322,4.0,271.0,0.70566,-11.07306,0.55553,8e-05,0.94957
5356.2,SYN.BTC-20MAR20,1584183540693,open,0.74,0.0,0.7345,0.816,0.7749297,197.94,None,0.0,BTC-20MAR20-9500-P,5434.71,0.0,0.0,0.0,0.0,0.0,0.0,0.26521,-4.46714,-1.517,3e-05,-0.98447
5280.37,SYN.BTC-24APR20,1584183540694,open,1.06,0.1,1.04,1.156,1.1008035,141.71,0.93,0.0,BTC-24APR20-11000-P,5434.71,0.0,0.0,0.0,0.0,0.0,0.0,2.98697,-5.17757,-11.86101,7e-05,-0.90499
5422.44,SYN.BTC-15MAR20,1584183540693,open,0.06,3.3,0.0135,0.069,0.04262298,121.5,0.045,0.0,BTC-15MAR20-5250-C,5434.71,98.92,0.039,22.0,0.0505,2.0,167.13,0.89928,-54.63264,0.08768,0.00105,0.7166
5356.2,SYN.BTC-20MAR20,1584183540693,open,0.47,160.9,0.4605,0.533,0.49681923,170.05,0.55,0.0,BTC-20MAR20-8000-P,5434.71,0.0,0.0,0.0,0.0,0.0,0.0,0.58475,-8.46189,-1.25618,7e-05,-0.96007
5280.37,SYN.BTC-24APR20,1584183540693,open,1.24,0.0,1.2235,1.343,1.28543295,143.95,None,0.0,BTC-24APR20-12000-P,5434.71,0.0,0.001,10.0,0.0,0.0,0.0,2.41663,-4.25521,-13.09069,5e-05,-0.9283
5280.37,SYN.BTC-24APR20,1584183540693,open,0.88,14.5,0.858,0.972,0.91675019,136.82,0.5505,0.0,BTC-24APR20-10000-P,5434.71,0.0,0.001,1.0,0.0,0.0,0.0,3.57288,-5.97941,-10.614,8e-05,-0.87816
5280.37,SYN.BTC-24APR20,1584183540692,open,4.2,0.4,4.1845,4.428,4.30567008,199.93,4.0495,0.0,BTC-24APR20-28000-P,5434.71,0.0,0.0,0.0,0.0,0.0,0.0,0.68577,-1.67713,-31.28323,1e-05,-0.98457
5422.44,SYN.BTC-15MAR20,1584183540694,open,0.03,42.3,0.005,0.061,0.03269981,126.53,0.0505,0.0,BTC-15MAR20-5500-P,5434.71,120.26,0.0315,2.0,0.0445,10.9,187.6,1.03898,-65.72975,-0.07952,0.00116,-0.57855
5280.37,SYN.BTC-24APR20,1584183540693,open,0.46,16.2,0.423,0.5365,0.48002453,129.04,0.4125,0.0,BTC-24APR20-7500-P,5434.71,87.03,0.4395,2.0,0.5385,2.0,177.31,5.89985,-9.31241,-7.12372,0.00015,-0.72465
5356.2,SYN.BTC-20MAR20,1584183540692,open,0.14,57.8,0.109,0.19,0.15339187,147.99,0.16,0.0,BTC-20MAR20-6000-P,5434.71,101.94,0.1345,3.0,0.2035,3.0,252.89,2.37972,-29.96784,-0.73168,0.00035,-0.6952
5409.19,SYN.BTC-16MAR20,1584183540693,open,0.0,0.085,0.1475,0.1178618,142.12,None,0.0,BTC-16MAR20-6000-P,5434.71,0.0,0.0885,3.0,0.1655,3.0,338.3,0.96964,-36.73367,-0.26435,0.00045,-0.83312
5280.37,SYN.BTC-24APR20,1584183540692,open,1.98,0.0,1.9625,2.106,2.03556318,156.47,None,0.0,BTC-24APR20-16000-P,5434.71,0.0,0.0,0.0,0.0,0.0,0.0,1.26097,-2.41352,-17.76256,3e-05,-0.96822
5280.37,SYN.BTC-24APR20,1584183540692,open,2.72,0.0,2.703,2.8785,2.79102019,169.55,2.4195,0.0,BTC-24APR20-20000-P,5434.71,0.0,0.0,0.0,0.0,0.0,0.0,0.83878,-1.73964,-22.30224,2e-05,-0.98046
5280.37,SYN.BTC-24APR20,1584183540693,open,0.38,1123.0,0.343,0.4555,0.40005915,127.79,0.415,0.0,BTC-24APR20-7000-P,5434.71,128.16,0.4005,3.2,0.458,2.0,173.46,6.3839,-9.97928,-6.33937,0.00016,-0.67198
5422.44,SYN.BTC-15MAR20,1584183540693,open,0.07,0.0,0.0595,0.116,0.08719981,134.74,None,0.0,BTC-15MAR20-5875-P,5434.71,0.0,0.002,1.0,0.0,0.0,0.0,0.5272,-35.51806,-0.126,0.00055,-0.88131
5422.44,SYN.BTC-15MAR20,1584183540692,open,0.18,0.0,0.172,0.2275,0.19949332,182.5,None,0.0,BTC-15MAR20-6500-P,5434.71,0.0,0.0005,0.2,0.0,0.0,0.0,0.14833,-13.53532,-0.15296,0.00012,-0.97632
5409.19,SYN.BTC-16MAR20,1584183540693,open,0.0,0.044,0.1095,0.08022217,140.1,None,0.0,BTC-16MAR20-5750-P,5434.71,0.0,0.054,3.0,0.126,3.0,309.38,1.3238,-49.4378,-0.22011,0.00063,-0.71164
5356.2,SYN.BTC-20MAR20,1584183540693,open,0.93,0.0,0.917,1.0065,0.96144082,221.94,None,0.0,BTC-20MAR20-10500-P,5434.71,0.0,0.0,0.0,0.0,0.0,0.0,0.21587,-4.07691,-1.68066,2e-05,-0.98776
5356.2,SYN.BTC-20MAR20,1584183540693,open,0.18,368.0,0.148,0.2275,0.19066879,149.03,0.2315,0.0,BTC-20MAR20-6250-P,5434.71,0.0,0.1575,3.0,0.2425,3.0,264.22,2.0896,-26.49978,-0.82379,0.0003,-0.76475
5356.2,SYN.BTC-20MAR20,1584183540692,open,0.16,29.2,0.1035,0.169,0.14339245,153.98,0.16,0.0,BTC-20MAR20-4750-C,5434.71,0.0,0.1075,4.0,0.1625,4.0,200.61,2.10341,-27.56206,0.53331,0.0003,0.76191
5356.2,SYN.BTC-20MAR20,1584183540693,open,0.97,0.0,0.9625,1.0545,1.00811137,228.31,None,0.0,BTC-20MAR20-10750-P,5434.71,0.0,0.0,0.0,0.0,0.0,0.0,0.21085,-4.09656,-1.72119,2e-05,-0.98809
5422.44,SYN.BTC-15MAR20,1584183540692,open,0.14,0.0,0.127,0.1815,0.1539991,165.1,None,0.0,BTC-15MAR20-6250-P,5434.71,0.0,0.001,0.1,0.0,0.0,0.0,0.24307,-20.06473,-0.14452,0.00021,-0.95692
5280.37,SYN.BTC-24APR20,1584183540693,open,0.31,28.0,0.2675,0.3765,0.32348553,125.99,0.324,0.0,BTC-24APR20-6500-P,5434.71,87.18,0.276,3.0,0.38,3.0,169.06,6.77461,-10.44059,-5.52629,0.00017,-0.61105
5280.37,SYN.BTC-24APR20,1584183540693,open,0.71,222.8,0.679,0.793,0.7387486,135.54,0.735,0.0,BTC-24APR20-9000-P,5434.71,0.0,0.02,1.0,0.0,0.0,0.0,4.49434,-7.4513,-9.26862,0.00011,-0.82865
5356.2,SYN.BTC-20MAR20,1584183540693,open,1.06,0.0,1.0535,1.15,1.10147551,241.12,None,0.0,BTC-20MAR20-11250-P,5434.71,0.0,0.0,0.0,0.0,0.0,0.0,0.20484,-4.20293,-1.80202,2e-05,-0.98848
5356.2,SYN.BTC-20MAR20,1584183540693,open,0.21,92.8,0.19,0.2675,0.2309407,151.6,0.291,0.0,BTC-20MAR20-6500-P,5434.71,0.0,0.2065,2.0,0.2835,2.0,276.63,1.79184,-23.1157,-0.90495,0.00026,-0.81861
127.27,ETH-26JUN20,1584183540708,open,2.39,0.0,2.3595,2.5975,2.485059,141.42,None,0.0,ETH-26JUN20-440-P,129.76,0.0,0.01,50.0,0.0,0.0,0.0,0.12138,-0.08263,-1.22513,0.00186,-0.89742
5422.44,SYN.BTC-15MAR20,1584183540693,open,0.16,0.0,0.1495,0.2045,0.17664252,172.5,None,0.0,BTC-15MAR20-6375-P,5434.71,0.0,0.001,0.1,0.0,0.0,0.0,0.18333,-15.81185,-0.1491,0.00015,-0.96948
5356.2,SYN.BTC-20MAR20,1584183540693,open,0.7,15.3,0.6885,0.7685,0.72838184,192.65,0.2805,0.0,BTC-20MAR20-9250-P,5434.71,0.0,0.0,0.0,0.0,0.0,0.0,0.29077,-4.76676,-1.47535,3e-05,-0.9827
5356.2,SYN.BTC-20MAR20,1584183540693,open,0.65,299.7,0.643,0.721,0.68168886,184.27,0.652,0.0,BTC-20MAR20-9000-P,5434.71,0.0,0.0,0.0,0.0,0.0,0.0,0.29714,-4.65942,-1.43471,3e-05,-0.98226
5280.37,SYN.BTC-24APR20,1584183540693,open,1.61,0.0,1.5925,1.7225,1.65893429,149.1,None,0.0,BTC-24APR20-14000-P,5434.71,0.0,0.0,0.0,0.0,0.0,0.0,1.64841,-3.00632,-15.46243,4e-05,-0.95588
5356.2,SYN.BTC-20MAR20,1584183540693,open,0.34,513.6,0.324,0.396,0.36166682,165.31,0.3405,0.0,BTC-20MAR20-7250-P,5434.71,0.0,0.033,1.0,0.62,0.5,500.0,1.10688,-15.57121,-1.09616,0.00014,-0.90964
5356.2,SYN.BTC-20MAR20,1584183540693,open,0.56,295.9,0.5515,0.6265,0.58890048,175.69,0.5795,0.0,BTC-20MAR20-8500-P,5434.71,0.0,0.0,0.0,0.0,0.0,0.0,0.39697,-5.935,-1.34846,5e-05,-0.97502
5422.44,SYN.BTC-15MAR20,1584183540693,open,0.06,0.0,0.0375,0.0965,0.06697783,131.79,None,0.0,BTC-15MAR20-5750-P,5434.71,0.0,0.002,1.0,0.0,0.0,0.0,0.72173,-47.5592,-0.11403,0.00078,-0.80958
5356.2,SYN.BTC-20MAR20,1584183540693,open,1.02,0.0,1.008,1.102,1.05479041,234.72,None,0.0,BTC-20MAR20-11000-P,5434.71,0.0,0.0,0.0,0.0,0.0,0.0,0.20731,-4.14087,-1.76163,2e-05,-0.98832
5356.2,SYN.BTC-20MAR20,1584183540693,open,0.83,0.0,0.8255,0.9115,0.86813942,209.5,None,0.0,BTC-20MAR20-10000-P,5434.71,0.0,0.0,0.0,0.0,0.0,0.0,0.23277,-4.14969,-1.59925,2e-05,-0.98665
5356.2,SYN.BTC-20MAR20,1584183540693,open,0.38,298.8,0.3695,0.441,0.40613529,166.58,0.39,0.0,BTC-20MAR20-7500-P,5434.71,0.0,0.0,0.0,0.6,1.0,500.0,0.89728,-12.71966,-1.15335,0.00012,-0.93151
5356.2,SYN.BTC-20MAR20,1584183540693,open,0.61,865.5,0.5975,0.6735,0.63522953,179.52,0.6,0.0,BTC-20MAR20-8750-P,5434.71,0.0,0.0,0.0,0.0,0.0,0.0,0.33776,-5.15975,-1.39216,4e-05,-0.97937
5280.37,SYN.BTC-24APR20,1584183540693,open,1.42,0.5,1.408,1.532,1.47213049,147.62,0.869,0.0,BTC-24APR20-13000-P,5434.71,0.0,0.0,0.0,0.0,0.0,0.0,2.03383,-3.67259,-14.27907,4e-05,-0.94257
5356.2,SYN.BTC-20MAR20,1584183540693,open,0.43,380.6,0.415,0.4865,0.45124204,168.12,0.43,0.0,BTC-20MAR20-7750-P,5434.71,0.0,0.0025,1.0,0.803,5.0,500.0,0.72362,-10.35228,-1.20643,9e-05,-0.94795
126.56,SYN.ETH-24APR20,1584183540721,open,0.14,206.0,0.095,0.205,0.166341,148.68,0.16,0.0,ETH-24APR20-120-P,129.76,133.52,0.1475,275.0,0.181,285.0,160.24,0.1586,-0.28844,-0.07477,0.00595,-0.36103
126.23,ETH-27MAR20,1584183540724,open,0.15,302.0,0.0735,0.1595,0.147445,166.42,0.152,0.0,ETH-27MAR20-120-C,129.76,144.12,0.1315,315.0,0.1615,304.0,186.25,0.08991,-0.58105,0.02126,0.00961,0.62484
5356.2,SYN.BTC-20MAR20,1584183540730,open,0.02,181.6,0.0005,0.0265,0.01346766,156.77,0.009,0.0,BTC-20MAR20-6750-C,5434.71,151.54,0.012,10.0,0.0155,0.1,163.64,1.54029,-20.54785,0.11238,0.00021,0.1438
5310.38,BTC-25SEP20,1584183540732,open,0.42,712.2,0.351,0.4455,0.40215605,105.1,0.45,0.0,BTC-25SEP20-4000-C,5434.71,100.93,0.393,16.3,0.409,5.0,108.22,11.65879,-3.14401,10.55022,7e-05,0.77427
5356.2,SYN.BTC-20MAR20,1584183540738,open,0.02,181.6,0.0005,0.0265,0.01346766,156.77,0.009,0.0,BTC-20MAR20-6750-C,5434.71,151.54,0.012,10.0,0.015,20.0,161.98,1.54029,-20.54785,0.11238,0.00021,0.1438
5263.46,BTC-27MAR20,1584183540741,open,0.34,1501.2,0.3055,0.3905,0.3540409,145.7,0.402,0.0,BTC-27MAR20-7000-P,5434.71,53.42,0.33,2.0,0.4065,7.0,232.1,2.6185,-14.81582,-2.17483,0.00018,-0.81728
5310.38,BTC-25SEP20,1584183540743,open,1.64,103.4,1.613,1.8055,1.70708719,111.06,1.89,0.0,BTC-25SEP20-14000-P,5434.71,0.0,1.636,3.0,2.9,1.0,500.0,11.34152,-3.23188,-70.65318,7e-05,-0.78487
5280.37,SYN.BTC-24APR20,1584183540745,open,0.38,1123.0,0.343,0.4555,0.40005915,127.79,0.415,0.0,BTC-24APR20-7000-P,5434.71,128.16,0.4005,2.2,0.458,2.0,173.46,6.3839,-9.97928,-6.33937,0.00016,-0.67198
128.31,SYN.ETH-25SEP20,1584183540743,open,5.67,0.0,5.66,6.105,5.877309,131.07,None,0.0,ETH-25SEP20-880-P,129.76,0.0,0.0,0.0,0.0,0.0,0.0,0.11574,-0.03892,-4.66831,0.001,-0.9372
5422.44,SYN.BTC-15MAR20,1584183540749,open,0.01,20.3,0.0005,0.0335,0.01129481,124.34,0.028,0.0,BTC-15MAR20-5250-P,5434.71,122.58,0.011,20.8,0.0205,20.8,177.22,0.90527,-56.28257,-0.03885,0.00103,-0.28737
5409.19,SYN.BTC-16MAR20,1584183540752,open,0.0,0.036,0.095,0.07030183,138.19,None,0.0,BTC-16MAR20-5125-C,5434.71,132.73,0.069,18.1,0.0825,18.1,187.16,1.29652,-47.76143,0.18167,0.00062,0.72385
5280.37,SYN.BTC-24APR20,1584183540752,open,0.38,1123.0,0.343,0.4555,0.40005915,127.79,0.415,0.0,BTC-24APR20-7000-P,5434.71,128.16,0.4005,1.2,0.458,2.0,173.46,6.3839,-9.97928,-6.33937,0.00016,-0.67198
5409.19,SYN.BTC-16MAR20,1584183540755,open,0.0,0.0005,0.022,0.00809173,139.03,None,0.0,BTC-16MAR20-6000-C,5434.71,135.61,0.0075,20.0,0.0135,20.0,167.2,0.94743,-35.11298,0.04251,0.00045,0.16103
5263.46,BTC-27MAR20,1584183540755,open,0.0,2208.3,0.0005,0.0135,0.0038512,171.81,0.0035,0.0,BTC-27MAR20-10000-C,5434.71,165.3,0.003,5.0,0.004,70.0,172.85,0.74248,-4.9538,0.05563,4e-05,0.03381
5280.37,SYN.BTC-24APR20,1584183540753,open,0.38,1123.0,0.343,0.4555,0.40005915,127.79,0.415,0.0,BTC-24APR20-7000-P,5434.71,128.16,0.4005,1.0,0.458,2.0,173.46,6.3839,-9.97928,-6.33937,0.00016,-0.67198
5263.46,BTC-27MAR20,1584183540757,open,0.14,39.0,0.0825,0.1565,0.12989995,141.36,0.1225,0.0,BTC-27MAR20-5000-C,5434.71,131.64,0.123,20.4,0.1345,20.4,147.83,3.73955,-20.52766,0.92456,0.00027,0.62785
5280.37,SYN.BTC-24APR20,1584183540760,open,0.26,0.7,0.1985,0.2795,0.2417307,128.14,0.25,0.0,BTC-24APR20-4500-C,5434.71,118.55,0.231,20.1,0.245,20.1,131.04,5.93268,-9.29882,2.83714,0.00015,0.72151
5280.37,SYN.BTC-24APR20,1584183540759,open,0.38,1123.0,0.343,0.4555,0.40005915,127.79,0.415,0.0,BTC-24APR20-7000-P,5434.71,127.74,0.4,3.2,0.458,2.0,173.46,6.3839,-9.97928,-6.33937,0.00016,-0.67198
127.27,ETH-26JUN20,1584183540768,open,3.59,0.0,3.577,3.874,3.727281,144.32,None,0.0,ETH-26JUN20-600-P,129.76,0.0,0.01,50.0,0.0,0.0,0.0,0.07185,-0.04992,-1.69351,0.00108,-0.94835
5310.38,BTC-25SEP20,1584183540769,open,0.36,201.1,0.3095,0.444,0.37983661,102.52,0.352,0.0,BTC-25SEP20-6000-P,5434.71,87.26,0.336,4.0,0.4155,5.0,115.13,15.13724,-3.98187,-22.57001,0.0001,-0.41622
5310.38,BTC-25SEP20,1584183540772,open,0.64,193.5,0.594,0.751,0.67485098,104.45,0.653,0.0,BTC-25SEP20-8000-P,5434.71,82.45,0.613,2.0,0.72,5.0,120.01,15.29433,-4.09879,-35.05953,0.0001,-0.56171
5356.2,SYN.BTC-20MAR20,1584183540775,open,0.11,62.2,0.0745,0.155,0.11965505,147.77,0.1225,0.0,BTC-20MAR20-5750-P,5434.71,122.41,0.1075,0.3,0.1665,3.0,241.82,2.60349,-32.73876,-0.63089,0.00038,-0.61204
5356.2,SYN.BTC-20MAR20,1584183540780,open,0.07,60.6,0.0245,0.092,0.06241556,146.58,0.061,0.0,BTC-20MAR20-5500-C,5434.71,140.81,0.0595,0.1,0.0705,15.0,162.56,2.70781,-33.77546,0.36029,0.0004,0.48027
5356.2,SYN.BTC-20MAR20,1584183540781,open,0.03,66.4,0.005,0.0505,0.03066943,155.14,0.031,0.0,BTC-20MAR20-4750-P,5434.71,145.71,0.027,20.0,0.0335,2.1,162.27,2.10916,-27.84452,-0.23276,0.00029,-0.23928
5356.2,SYN.BTC-20MAR20,1584183540787,open,0.3,429.1,0.2785,0.3515,0.31727203,161.04,0.35,0.0,BTC-20MAR20-7000-P,5434.71,0.0,0.25,2.0,0.3555,1.0,270.89,1.30738,-17.9167,-1.03787,0.00018,-0.88643
5263.46,BTC-27MAR20,1584183540788,open,0.34,1501.2,0.3055,0.3905,0.3540409,145.7,0.402,0.0,BTC-27MAR20-7000-P,5434.71,53.42,0.33,2.0,0.4055,5.0,230.64,2.6185,-14.81582,-2.17483,0.00018,-0.81728
5356.2,SYN.BTC-20MAR20,1584183540791,open,0.03,66.4,0.005,0.0505,0.03066943,155.14,0.031,0.0,BTC-20MAR20-4750-P,5434.71,145.71,0.027,20.0,0.0335,22.1,162.27,2.10916,-27.84452,-0.23276,0.00029,-0.23928
5356.2,SYN.BTC-20MAR20,1584183540794,open,0.03,66.4,0.005,0.0505,0.03066943,155.14,0.031,0.0,BTC-20MAR20-4750-P,5434.71,145.71,0.027,20.0,0.0335,22.2,162.27,2.10916,-27.84452,-0.23276,0.00029,-0.23928
5356.2,SYN.BTC-20MAR20,1584183540795,open,0.04,140.1,0.0125,0.071,0.04674415,154.34,0.061,0.0,BTC-20MAR20-5000-P,5434.71,153.81,0.0465,1.0,0.048,0.1,157.08,2.4508,-32.18807,-0.3219,0.00034,-0.32659
5310.38,BTC-25SEP20,1584183540796,open,0.5,223.8,0.4455,0.594,0.5227054,103.76,0.533,0.0,BTC-25SEP20-7000-P,5434.71,89.95,0.4825,3.0,0.57,5.0,120.03,15.47822,-4.12067,-28.82963,0.0001,-0.49413
5263.46,BTC-27MAR20,1584183540797,open,0.26,678.0,0.2205,0.3075,0.27250247,144.6,0.33,0.0,BTC-27MAR20-6500-P,5434.71,99.87,0.2485,0.1,0.306,1.0,195.51,3.21109,-18.03122,-1.87863,0.00023,-0.73929
128.31,SYN.ETH-25SEP20,1584183540799,open,2.99,0.0,2.947,3.252,3.104768,128.37,None,0.0,ETH-25SEP20-520-P,129.76,0.0,0.0,0.0,0.0,0.0,0.0,0.22167,-0.07301,-2.70705,0.00196,-0.84681
5422.44,SYN.BTC-15MAR20,1584183540810,open,0.02,25.0,0.0005,0.032,0.01078106,126.49,0.0135,0.0,BTC-15MAR20-5625-C,5434.71,121.78,0.01,22.0,0.0185,3.0,170.67,0.90532,-57.25719,0.03599,0.00101,0.28741
128.3,SYN.ETH-25SEP20,1584183540817,open,0.3,225.0,0.2265,0.3825,0.304849,123.36,0.3355,0.0,ETH-25SEP20-120-P,129.76,117.66,0.2905,206.0,0.338,217.0,136.47,0.32587,-0.10314,-0.41435,0.00301,-0.29983
128.31,SYN.ETH-25SEP20,1584183540820,open,0.04,37.0,0.004,0.0525,0.024692,129.59,0.02,0.0,ETH-25SEP20-760-C,129.76,116.73,0.013,300.0,0.0405,326.0,142.14,0.13935,-0.04633,0.03787,0.00122,0.07998
5310.38,BTC-25SEP20,1584183540849,open,0.18,163.4,0.109,0.221,0.16742502,104.12,0.19,0.0,BTC-25SEP20-8000-C,5434.71,101.71,0.1605,26.0,0.176,5.0,107.1,15.28742,-4.0841,7.64746,0.0001,0.43715
5280.37,SYN.BTC-24APR20,1584183540859,open,0.1,131.7,0.052,0.13,0.09185773,125.48,0.0885,0.0,BTC-24APR20-6500-C,5434.71,122.07,0.0875,22.9,0.0975,22.9,129.87,6.76913,-10.39,1.75034,0.00017,0.38785
5280.37,SYN.BTC-24APR20,1584183540863,open,0.21,102.8,0.144,0.2295,0.18965261,125.38,0.174,0.0,BTC-24APR20-5000-C,5434.71,120.11,0.183,20.8,0.1945,20.8,129.23,6.65403,-10.20527,2.62171,0.00017,0.633
5319.08,BTC-26JUN20,1584183540865,open,0.26,48.3,0.199,0.295,0.25073825,107.8,0.242,0.0,BTC-26JUN20-5000-C,5434.71,103.87,0.243,16.1,0.2585,16.1,111.75,10.47027,-5.43283,6.09865,0.00012,0.65362
5356.2,SYN.BTC-20MAR20,1584183540866,open,0.0,539.9,0.0005,0.012,0.002458,162.48,0.0025,0.0,BTC-20MAR20-8000-C,5434.71,157.21,0.002,20.0,0.005,0.9,184.27,0.49604,-6.85829,0.02604,7e-05,0.03266
5319.08,BTC-26JUN20,1584183540874,open,0.18,411.4,0.138,0.24,0.19087063,107.86,0.189,0.0,BTC-26JUN20-5000-P,5434.71,103.61,0.1825,13.5,0.2035,13.5,114.29,10.46985,-5.43568,-8.13214,0.00012,-0.34634
5356.2,SYN.BTC-20MAR20,1584183540876,open,0.1,84.8,0.043,0.114,0.08308436,145.36,0.071,0.0,BTC-20MAR20-5250-C,5434.71,140.15,0.0805,0.3,0.0865,20.0,152.24,2.65702,-32.86616,0.42809,0.0004,0.57957
5356.2,SYN.BTC-20MAR20,1584183540878,open,0.05,62.8,0.013,0.073,0.04558291,146.64,0.0405,0.0,BTC-20MAR20-5750-C,5434.71,137.16,0.041,0.3,0.0475,0.1,150.58,2.60078,-32.45442,0.294,0.00038,0.38656
5263.46,BTC-27MAR20,1584183540905,open,0.08,893.8,0.0365,0.1065,0.08036368,142.09,0.089,0.0,BTC-27MAR20-5000-P,5434.71,135.24,0.0755,20.0,0.0845,19.5,147.91,3.73993,-20.63565,-0.84041,0.00027,-0.37227
5356.2,SYN.BTC-20MAR20,1584183540947,open,0.03,66.4,0.005,0.0505,0.03066943,155.14,0.031,0.0,BTC-20MAR20-4750-P,5434.71,145.71,0.027,20.0,0.0335,2.2,162.27,2.10916,-27.84452,-0.23276,0.00029,-0.23928
126.25,ETH-27MAR20,1584183540976,open,1.93,0.0,1.923,2.1035,2.010732,219.99,None,0.0,ETH-27MAR20-380-P,129.75,0.0,0.0,0.0,0.0,0.0,0.0,0.00459,-0.03918,-0.13378,0.00037,-0.99306
126.25,ETH-27MAR20,1584183540976,open,1.62,0.0,1.6155,1.7765,1.69405,204.73,None,0.0,ETH-27MAR20-340-P,129.75,0.0,0.0,0.0,0.0,0.0,0.0,0.00552,-0.04385,-0.1196,0.00048,-0.99144
126.25,ETH-27MAR20,1584183540976,open,1.47,981.0,1.461,1.613,1.535642,194.34,1.452,0.0,ETH-27MAR20-320-P,129.75,0.0,0.01,50.0,0.0,0.0,0.0,0.00577,-0.04351,-0.11253,0.00053,-0.991
126.24,ETH-27MAR20,1584183540977,open,3.94,0.0,3.9225,4.2265,4.070512,303.52,None,0.0,ETH-27MAR20-640-P,129.75,0.0,0.01,50.0,0.0,0.0,0.0,0.00355,-0.04182,-0.22557,0.00021,-0.9948
126.24,ETH-27MAR20,1584183540977,open,3.63,0.0,3.6145,3.8995,3.753605,291.62,None,0.0,ETH-27MAR20-600-P,129.75,0.0,0.03,50.0,0.0,0.0,0.0,0.00346,-0.0392,-0.21146,0.00021,-0.99495
127.26,ETH-26JUN20,1584183540977,open,1.51,139.0,1.4555,1.662,1.570444,137.87,1.584,0.0,ETH-26JUN20-320-P,129.75,0.0,0.015,2.0,0.0,0.0,0.0,0.18292,-0.12139,-0.86292,0.00288,-0.81218
127.26,ETH-26JUN20,1584183540978,open,2.69,0.0,2.6625,2.9145,2.794047,141.81,None,0.0,ETH-26JUN20-480-P,129.75,0.0,0.01,50.0,0.0,0.0,0.0,0.10501,-0.07167,-1.34355,0.00161,-0.91568
126.24,ETH-27MAR20,1584183540978,open,3.32,0.0,3.3065,3.5725,3.436348,262.17,None,0.0,ETH-27MAR20-560-P,129.75,0.0,0.02,50.0,0.0,0.0,0.0,0.00199,-0.02024,-0.19744,0.00013,-0.99728
126.24,ETH-27MAR20,1584183540978,open,2.09,4.0,2.077,2.2665,2.169138,220.15,1.862,0.0,ETH-27MAR20-400-P,129.75,0.0,0.0,0.0,0.0,0.0,0.0,0.00337,-0.02882,-0.14091,0.00027,-0.99509
126.24,ETH-27MAR20,1584183540978,open,3.01,0.0,3.0,3.247,3.119468,249.51,None,0.0,ETH-27MAR20-520-P,129.75,0.0,0.006,50.0,0.0,0.0,0.0,0.00195,-0.01888,-0.18333,0.00014,-0.99734
126.24,ETH-27MAR20,1584183540979,open,2.39,0.0,2.384,2.5925,2.485725,222.17,2.3815,0.0,ETH-27MAR20-440-P,129.75,0.0,0.003,50.0,0.0,0.0,0.0,0.00196,-0.01695,-0.15511,0.00016,-0.99731
127.26,ETH-26JUN20,1584183540979,open,2.09,0.0,2.0565,2.2825,2.17866,141.2,None,0.0,ETH-26JUN20-400-P,129.75,0.0,0.01,50.0,0.0,0.0,0.0,0.14083,-0.09572,-1.10545,0.00216,-0.87362
128.15,SYN.ETH-20MAR20,1584183540976,open,1.36,0.0,1.3485,1.4935,1.419098,207.27,None,0.0,ETH-20MAR20-310-P,129.75,0.0,0.0,0.0,0.0,0.0,0.0,0.00035,-0.00626,-0.04989,6e-05,-0.99938
128.31,SYN.ETH-25SEP20,1584183540979,open,4.77,0.0,4.7545,5.152,4.948308,130.01,None,0.0,ETH-25SEP20-760-P,129.75,0.0,0.0,0.0,0.0,0.0,0.0,0.14085,-0.04698,-4.01934,0.00123,-0.91888
128.31,SYN.ETH-25SEP20,1584183540977,open,4.18,0.0,4.1515,4.5195,4.331578,129.91,None,0.0,ETH-25SEP20-680-P,129.75,0.0,0.0,0.0,0.0,0.0,0.0,0.1644,-0.0548,-3.584,0.00144,-0.90011
128.31,SYN.ETH-25SEP20,1584183540977,open,2.7,0.0,2.6525,2.9545,2.799808,127.41,None,0.0,ETH-25SEP20-480-P,129.75,0.0,0.0,0.0,0.0,0.0,0.0,0.2378,-0.07774,-2.48619,0.00212,-0.82938
126.55,SYN.ETH-24APR20,1584183540976,open,1.77,0.0,1.7615,1.941,1.85185,155.65,None,0.0,ETH-24APR20-360-P,129.75,0.0,0.0,0.0,0.0,0.0,0.0,0.03675,-0.06997,-0.39845,0.00132,-0.95966
128.15,SYN.ETH-20MAR20,1584183540976,open,1.51,0.0,1.5,1.654,1.575152,213.98,None,0.0,ETH-20MAR20-330-P,129.75,0.0,0.0,0.0,0.0,0.0,0.0,0.00024,-0.00434,-0.05311,4e-05,-0.99959
128.31,SYN.ETH-25SEP20,1584183540980,open,5.37,0.0,5.358,5.787,5.567634,131.0,None,0.0,ETH-25SEP20-840-P,129.75,0.0,0.0,0.0,0.0,0.0,0.0,0.1243,-0.04178,-4.45202,0.00108,-0.93114
128.31,SYN.ETH-25SEP20,1584183540977,open,3.88,0.0,3.848,4.194,4.024114,129.87,None,0.0,ETH-25SEP20-640-P,129.75,0.0,0.0,0.0,0.0,0.0,0.0,0.17791,-0.05928,-3.36547,0.00156,-0.88859
128.31,SYN.ETH-25SEP20,1584183540979,open,3.29,0.0,3.247,3.565,3.410023,128.75,None,0.0,ETH-25SEP20-560-P,129.75,0.0,0.0,0.0,0.0,0.0,0.0,0.20516,-0.06777,-2.92756,0.00181,-0.86345
128.31,SYN.ETH-25SEP20,1584183540977,open,4.47,0.0,4.4525,4.8355,4.63968,129.96,None,0.0,ETH-25SEP20-720-P,129.75,0.0,0.0,0.0,0.0,0.0,0.0,0.15208,-0.05071,-3.80193,0.00133,-0.91013
128.15,SYN.ETH-20MAR20,1584183540977,open,1.44,0.0,1.424,1.5735,1.497123,210.27,None,0.0,ETH-20MAR20-320-P,129.75,0.0,0.0,0.0,0.0,0.0,0.0,0.00028,-0.00506,-0.0515,5e-05,-0.99951
126.55,SYN.ETH-24APR20,1584183540976,open,0.73,252.0,0.7,0.8465,0.781741,148.87,0.65,0.0,ETH-24APR20-220-P,129.75,0.0,0.0,0.0,0.0,0.0,0.0,0.11663,-0.21238,-0.22493,0.00437,-0.80536
128.31,SYN.ETH-25SEP20,1584183540978,open,2.41,0.0,2.356,2.646,2.496685,126.55,None,0.0,ETH-25SEP20-440-P,129.75,0.0,0.0,0.0,0.0,0.0,0.0,0.2561,-0.08315,-2.26386,0.0023,-0.80795
126.55,SYN.ETH-24APR20,1584183540977,open,2.38,0.0,2.375,2.587,2.479435,155.06,None,0.0,ETH-24APR20-440-P,129.75,0.0,0.0,0.0,0.0,0.0,0.0,0.01704,-0.03232,-0.49083,0.00061,-0.9839
128.31,SYN.ETH-25SEP20,1584183540978,open,1.83,0.0,1.7695,2.0375,1.899684,125.66,None,0.0,ETH-25SEP20-360-P,129.75,0.0,0.0,0.0,0.0,0.0,0.0,0.29994,-0.09671,-1.81298,0.00272,-0.7468
128.31,SYN.ETH-25SEP20,1584183540977,open,0.61,1093.0,0.5435,0.7475,0.646074,123.33,0.6,0.0,ETH-25SEP20-180-P,129.75,0.0,0.023,1.0,0.0,0.0,0.0,0.37298,-0.11803,-0.76465,0.00344,-0.47012
128.31,SYN.ETH-25SEP20,1584183540977,open,1.54,112.0,1.4815,1.739,1.607969,125.64,1.3695,0.0,ETH-25SEP20-320-P,129.75,0.0,0.0,0.0,0.0,0.0,0.0,0.32391,-0.10442,-1.58393,0.00293,-0.70416
128.31,SYN.ETH-25SEP20,1584183540977,open,1.0,200.0,0.9275,1.1605,1.044759,125.62,1.1065,0.0,ETH-25SEP20-240-P,129.75,0.0,0.0,0.0,0.0,0.0,0.0,0.36482,-0.11758,-1.11876,0.0033,-0.58834
128.31,SYN.ETH-25SEP20,1584183540977,open,1.26,685.0,1.2,1.446,1.322205,125.63,2.2515,0.0,ETH-25SEP20-280-P,129.75,0.0,0.0,0.0,0.0,0.0,0.0,0.34649,-0.11168,-1.35253,0.00314,-0.65214
126.55,SYN.ETH-24APR20,1584183540977,open,2.08,0.0,2.0685,2.2635,2.165059,155.48,None,0.0,ETH-24APR20-400-P,129.75,0.0,0.0,0.0,0.0,0.0,0.0,0.02516,-0.04784,-0.44494,0.0009,-0.97451
128.15,SYN.ETH-20MAR20,1584183540976,open,1.59,0.0,1.5755,1.7345,1.653183,218.3,None,0.0,ETH-20MAR20-340-P,129.75,0.0,0.0,0.0,0.0,0.0,0.0,0.00021,-0.00392,-0.05473,4e-05,-0.99964
128.31,SYN.ETH-25SEP20,1584183540980,open,2.12,0.0,2.061,2.34,2.196501,126.04,None,0.0,ETH-25SEP20-400-P,129.75,0.0,0.0,0.0,0.0,0.0,0.0,0.27719,-0.08964,-2.03946,0.0025,-0.78057
128.31,SYN.ETH-25SEP20,1584183540979,open,3.58,0.0,3.5475,3.879,3.717433,129.83,None,0.0,ETH-25SEP20-600-P,129.75,0.0,0.0,0.0,0.0,0.0,0.0,0.19271,-0.06419,-3.14625,0.00169,-0.87527
5263.46,BTC-27MAR20,1584183541040,open,0.12,829.1,0.0805,0.1635,0.13172108,141.09,0.135,0.0,BTC-27MAR20-5500-P,5434.71,133.45,0.126,15.0,0.14,12.2,152.15,3.94165,-21.59671,-1.19766,0.00029,-0.51332
5356.2,SYN.BTC-20MAR20,1584183541061,open,0.11,62.2,0.0745,0.155,0.11965505,147.77,0.1225,0.0,BTC-20MAR20-5750-P,5434.71,123.47,0.108,0.3,0.1665,3.0,241.82,2.60349,-32.73876,-0.63089,0.00038,-0.61204
5263.46,BTC-27MAR20,1584183541105,open,0.87,664.0,0.8575,0.9465,0.90477866,178.62,0.875,0.0,BTC-27MAR20-10000-P,5434.71,0.0,0.847,1.0,0.9695,1.0,338.79,0.85998,-5.96522,-3.46152,5e-05,-0.95953
5263.46,BTC-27MAR20,1584183541107,open,0.26,678.0,0.2205,0.3075,0.27250247,144.6,0.33,0.0,BTC-27MAR20-6500-P,5434.71,99.87,0.2485,0.1,0.3055,2.0,194.79,3.21109,-18.03122,-1.87863,0.00023,-0.73929
5263.46,BTC-27MAR20,1584183541109,open,0.34,1501.2,0.3055,0.3905,0.3540409,145.7,0.402,0.0,BTC-27MAR20-7000-P,5434.71,53.42,0.33,2.0,0.405,2.0,229.9,2.6185,-14.81582,-2.17483,0.00018,-0.81728
5310.38,BTC-25SEP20,1584183541111,open,0.5,223.8,0.4455,0.594,0.5227054,103.76,0.533,0.0,BTC-25SEP20-7000-P,5434.71,89.95,0.4825,3.0,0.5695,3.0,119.86,15.47822,-4.12067,-28.82963,0.0001,-0.49413
5310.38,BTC-25SEP20,1584183541118,open,0.36,201.1,0.3095,0.444,0.37983661,102.52,0.352,0.0,BTC-25SEP20-6000-P,5434.71,87.09,0.3355,4.0,0.4155,5.0,115.13,15.13724,-3.98187,-22.57001,0.0001,-0.41622
129.52,SYN.ETH-15MAR20,1584183541124,open,0.0,556.0,0.0005,0.014,0.002509,156.24,0.0015,0.0,ETH-15MAR20-145-C,129.75,115.0,0.0005,23.0,0.009,21.0,222.84,0.00901,-0.32498,0.00023,0.01433,0.07537
128.15,SYN.ETH-20MAR20,1584183541155,open,0.04,511.0,0.004,0.067,0.03052,167.45,0.036,0.0,ETH-20MAR20-150-C,129.75,151.24,0.024,304.0,0.037,50.0,182.76,0.05303,-0.75562,0.00479,0.01198,0.26277
129.52,SYN.ETH-15MAR20,1584183541158,open,0.02,11.0,0.0005,0.0375,0.014462,156.19,0.039,0.0,ETH-15MAR20-135-C,129.75,75.62,0.0025,304.0,0.022,15.0,198.62,0.0223,-1.74121,0.00091,0.03547,0.30733
129.25,SYN.ETH-16MAR20,1584183541160,open,0.0,0.0005,0.0365,0.014331,147.75,None,0.0,ETH-16MAR20-140-C,129.75,125.0,0.0095,305.0,0.025,16.0,192.41,0.0289,-1.13807,0.00151,0.02278,0.24144
127.26,ETH-26JUN20,1584183541162,open,0.24,520.0,0.16,0.289,0.241436,131.97,0.2415,0.0,ETH-26JUN20-140-C,129.75,124.81,0.2265,282.0,0.2585,319.0,140.21,0.26457,-0.16807,0.12468,0.00435,0.5857
5263.46,BTC-27MAR20,1584183541169,open,0.12,829.1,0.0805,0.1635,0.13172108,141.09,0.135,0.0,BTC-27MAR20-5500-P,5434.71,134.12,0.1265,15.0,0.14,12.2,152.15,3.94165,-21.59671,-1.19766,0.00029,-0.51332
129.52,SYN.ETH-15MAR20,1584183541176,open,0.02,11.0,0.0005,0.0375,0.014462,156.19,0.039,0.0,ETH-15MAR20-135-C,129.75,75.62,0.0025,304.0,0.022,14.0,198.62,0.0223,-1.74121,0.00091,0.03547,0.30733
129.25,SYN.ETH-16MAR20,1584183541178,open,0.0,0.0005,0.0365,0.014331,147.75,None,0.0,ETH-16MAR20-140-C,129.75,125.0,0.0095,305.0,0.025,15.0,192.41,0.0289,-1.13807,0.00151,0.02278,0.24144
5356.2,SYN.BTC-20MAR20,1584183541210,open,0.14,57.8,0.109,0.19,0.15339187,147.99,0.16,0.0,BTC-20MAR20-6000-P,5434.71,101.94,0.1345,3.0,0.203,3.0,251.88,2.37972,-29.96784,-0.73168,0.00035,-0.6952
5310.36,BTC-25SEP20,1584183541216,open,0.8,296.2,0.7525,0.9175,0.83639058,105.63,0.803,0.0,BTC-25SEP20-9000-P,5434.71,78.58,0.7655,2.0,0.9195,2.0,134.6,14.8091,-4.01343,-41.20739,9e-05,-0.61701
5280.37,SYN.BTC-24APR20,1584183541223,open,0.38,1123.0,0.3425,0.4545,0.39948816,127.79,0.415,0.0,BTC-24APR20-7000-P,5434.71,127.74,0.4,3.2,0.457,2.0,172.69,6.3839,-9.97928,-6.33937,0.00016,-0.67198
5422.44,SYN.BTC-15MAR20,1584183541224,open,0.08,0.2,0.0335,0.087,0.06163464,130.18,0.04,0.0,BTC-15MAR20-5125-C,5434.71,0.0,0.033,4.0,0.085,4.0,279.85,0.69611,-45.30904,0.09875,0.00076,0.82034
5310.36,BTC-25SEP20,1584183541225,open,3.43,16.1,3.428,3.683,3.54978739,120.11,3.1855,0.0,BTC-25SEP20-24000-P,5434.71,0.0,0.0,0.0,0.0,0.0,0.0,6.82427,-2.10305,-126.15355,4e-05,-0.89971
5319.04,BTC-26JUN20,1584183541228,open,4.52,5.5,4.513,4.782,4.64397555,132.93,5.702,0.0,BTC-26JUN20-30000-P,5434.71,0.0,0.0005,1.0,0.0,0.0,0.0,1.28829,-0.82432,-85.15503,1e-05,-0.98146
5409.19,SYN.BTC-16MAR20,1584183541381,open,0.0,0.006,0.061,0.03636711,139.21,None,0.0,BTC-16MAR20-5375-P,5434.71,124.82,0.0325,1.0,0.0455,16.0,170.57,1.53703,-57.03593,-0.1366,0.00073,-0.45484
5356.2,SYN.BTC-20MAR20,1584183541387,open,0.08,206.4,0.046,0.123,0.08946569,147.62,0.1025,0.0,BTC-20MAR20-5500-P,5434.71,138.14,0.085,15.0,0.0975,0.3,162.86,2.70803,-34.01771,-0.52497,0.0004,-0.51907
5280.37,SYN.BTC-24APR20,1584183541451,open,0.15,52.0,0.103,0.1885,0.14819759,124.15,0.1425,0.0,BTC-24APR20-5500-C,5434.71,120.77,0.1435,21.6,0.154,21.6,128.69,7.00729,-10.6414,2.33976,0.00018,0.54365
5280.37,SYN.BTC-24APR20,1584183541457,open,0.15,52.0,0.103,0.1885,0.14819759,124.15,0.1425,0.0,BTC-24APR20-5500-C,5434.71,120.77,0.1435,21.6,0.1575,5.0,131.33,7.00729,-10.6414,2.33976,0.00018,0.54365
5356.2,SYN.BTC-20MAR20,1584183541478,open,0.32,0.0,0.284,0.32,0.30561673,184.4,None,0.0,BTC-20MAR20-3750-C,5434.71,0.0,0.278,4.0,0.322,4.0,271.0,0.70566,-11.07306,0.55553,8e-05,0.94957
5356.2,SYN.BTC-20MAR20,1584183541481,open,0.27,6.5,0.2365,0.2785,0.26124193,170.94,0.178,0.0,BTC-20MAR20-4000-C,5434.71,0.0,0.232,4.0,0.279,4.0,248.19,0.94119,-13.69058,0.57443,0.00012,0.92711
5280.37,SYN.BTC-24APR20,1584183541483,open,0.31,28.0,0.267,0.376,0.32299884,125.99,0.324,0.0,BTC-24APR20-6500-P,5434.71,87.18,0.276,3.0,0.3795,3.0,168.68,6.77461,-10.44059,-5.52629,0.00017,-0.61105
5264.28,BTC-27MAR20,1584183541487,open,0.96,0.1,0.949,1.042,0.9976465,175.91,0.1395,0.0,BTC-27MAR20-10500-P,5434.71,0.0,0.0,0.0,0.0,0.0,0.0,0.61908,-4.22906,-3.65926,4e-05,-0.97285
5264.28,BTC-27MAR20,1584183541487,open,0.78,33.1,0.7635,0.8495,0.81035176,172.07,1.108,0.0,BTC-27MAR20-9500-P,5434.71,0.0,0.758,1.0,0.8735,1.0,322.12,0.98621,-6.59,-3.27281,6e-05,-0.95205
5264.28,BTC-27MAR20,1584183541487,open,1.15,0.1,1.135,1.2355,1.18622717,179.25,0.6,0.0,BTC-27MAR20-11500-P,5434.71,0.0,0.0,0.0,0.0,0.0,0.0,0.38875,-2.70593,-4.03077,2e-05,-0.98433
5280.37,SYN.BTC-24APR20,1584183541487,open,0.15,52.0,0.103,0.1885,0.14819759,124.15,0.1425,0.0,BTC-24APR20-5500-C,5434.71,120.77,0.1435,21.6,0.154,21.6,128.69,7.00729,-10.6414,2.33976,0.00018,0.54365
5409.19,SYN.BTC-16MAR20,1584183541533,open,0.0,0.0845,0.147,0.11739325,142.12,None,0.0,BTC-16MAR20-6000-P,5434.71,0.0,0.088,3.0,0.1655,3.0,338.3,0.96964,-36.73367,-0.26435,0.00045,-0.83312
129.52,SYN.ETH-15MAR20,1584183541587,open,0.02,11.0,0.0005,0.0375,0.014498,156.19,0.039,0.0,ETH-15MAR20-135-C,129.75,75.62,0.0025,304.0,0.022,15.0,198.62,0.0223,-1.74121,0.00091,0.03547,0.30733
129.25,SYN.ETH-16MAR20,1584183541589,open,0.0,0.0005,0.0365,0.014337,147.75,None,0.0,ETH-16MAR20-140-C,129.75,125.0,0.0095,305.0,0.025,16.0,192.41,0.0289,-1.13807,0.00151,0.02278,0.24144
5264.28,BTC-27MAR20,1584183541618,open,4.22,0.0,4.199,4.443,4.31901784,270.64,None,0.0,BTC-27MAR20-28000-P,5434.71,0.0,0.0,0.0,0.0,0.0,0.0,0.03958,-0.41595,-9.87528,0.0,-0.99879
5281.13,SYN.BTC-24APR20,1584183541668,open,1.61,0.0,1.591,1.7205,1.65754365,145.71,None,0.0,BTC-24APR20-14000-P,5434.71,0.0,0.0,0.0,0.0,0.0,0.0,1.50985,-2.69103,-15.48329,3e-05,-0.96042
5264.28,BTC-27MAR20,1584183541699,open,0.0,402.5,0.0005,0.011,0.00135258,174.28,0.001,0.0,BTC-27MAR20-11500-C,5435.78,155.79,0.0005,39.5,0.0035,25.0,198.04,0.33292,-2.25305,0.02179,2e-05,0.01309
5319.04,BTC-26JUN20,1584183541699,open,1.08,0.5,1.042,1.186,1.11210158,111.14,1.05,0.0,BTC-26JUN20-11000-P,5435.78,0.0,0.0005,1.0,0.0,0.0,0.0,7.35264,-3.93354,-29.30106,8e-05,-0.82356
5264.28,BTC-27MAR20,1584183541700,open,0.0,2538.1,0.0005,0.0105,0.00094511,174.63,0.003,0.0,BTC-27MAR20-12000-C,5435.78,163.03,0.0005,1.0,0.003,25.4,202.11,0.25043,-1.69828,0.01576,1e-05,0.00943
5264.28,BTC-27MAR20,1584183541700,open,0.34,1501.2,0.305,0.3895,0.35339557,144.77,0.402,0.0,BTC-27MAR20-7000-P,5435.78,61.21,0.33,2.0,0.405,2.0,230.15,2.60226,-14.62964,-2.17741,0.00018,-0.81913
5264.28,BTC-27MAR20,1584183541700,open,0.87,664.0,0.8565,0.9455,0.90375053,173.88,0.875,0.0,BTC-27MAR20-10000-P,5435.78,0.0,0.847,1.0,0.9695,1.0,339.25,0.77866,-5.25786,-3.46878,5e-05,-0.96418
5319.04,BTC-26JUN20,1584183541700,open,1.43,0.0,1.401,1.556,1.47533275,116.18,None,0.0,BTC-26JUN20-13000-P,5435.78,0.0,0.0005,1.0,0.0,0.0,0.0,5.96454,-3.33542,-35.52052,6e-05,-0.87119
5311.43,BTC-25SEP20,1584183541700,open,3.43,16.1,3.4285,3.683,3.54978739,120.8,3.1855,0.0,BTC-25SEP20-24000-P,5435.78,0.0,0.0,0.0,0.0,0.0,0.0,6.93605,-2.14981,-126.11562,4e-05,-0.89747
5311.43,BTC-25SEP20,1584183541700,open,0.64,193.5,0.593,0.7505,0.67408992,104.27,0.653,0.0,BTC-25SEP20-8000-P,5435.78,82.54,0.613,2.0,0.72,5.0,120.1,15.29421,-4.09172,-35.05963,0.0001,-0.56223
5319.04,BTC-26JUN20,1584183541700,open,0.44,364.2,0.3815,0.5105,0.44785936,107.55,0.4405,0.0,BTC-26JUN20-7000-P,5435.78,84.36,0.4005,2.0,0.5215,2.0,142.33,11.11399,-5.75369,-15.49913,0.00013,-0.57603
5319.04,BTC-26JUN20,1584183541700,open,3.06,0.0,3.044,3.2555,3.14558882,128.88,None,0.0,BTC-26JUN20-22000-P,5435.78,0.0,0.0,0.0,0.0,0.0,0.0,2.57389,-1.59677,-62.10883,2e-05,-0.95739
5264.28,BTC-27MAR20,1584183541700,open,0.02,142.8,0.0015,0.0265,0.01696527,150.73,0.0105,0.0,BTC-27MAR20-7500-C,5435.78,143.1,0.014,50.0,0.02,25.0,157.95,2.13318,-12.48582,0.21689,0.00014,0.13376
5319.04,BTC-26JUN20,1584183541700,open,3.42,0.0,3.4115,3.636,3.51964886,130.36,None,0.0,BTC-26JUN20-24000-P,5435.78,0.0,0.0005,1.0,0.0,0.0,0.0,2.16446,-1.35811,-67.89466,2e-05,-0.96555
5264.28,BTC-27MAR20,1584183541700,open,4.97,0.0,4.94,5.219,5.07965107,336.69,None,0.0,BTC-27MAR20-32000-P,5435.78,0.0,0.0,0.0,0.0,0.0,0.0,0.15755,-2.05984,-11.27968,0.0,-0.99442
5311.43,BTC-25SEP20,1584183541700,open,4.16,0.0,4.161,4.445,4.2966212,123.85,None,0.0,BTC-25SEP20-28000-P,5435.78,0.0,0.0,0.0,0.0,0.0,0.0,5.93752,-1.88669,-147.84528,3e-05,-0.9169
5264.28,BTC-27MAR20,1584183541701,open,5.34,0.0,5.3095,5.6065,5.45880708,301.91,None,0.0,BTC-27MAR20-34000-P,5435.78,0.0,0.0,0.0,0.0,0.0,0.0,0.04301,-0.50423,-11.99168,0.0,-0.99868
5264.28,BTC-27MAR20,1584183541700,open,4.59,0.0,4.5715,4.8335,4.69967294,324.69,None,0.0,BTC-27MAR20-30000-P,5435.78,0.0,0.0,0.0,0.0,0.0,0.0,0.15322,-1.93186,-10.57437,0.0,-0.9946
5264.28,BTC-27MAR20,1584183541701,open,0.26,678.0,0.22,0.307,0.27194358,143.94,0.33,0.0,BTC-27MAR20-6500-P,5435.78,100.25,0.2485,0.1,0.3055,2.0,195.0,3.20417,-17.91045,-1.88005,0.00023,-0.74046
5320.11,BTC-26JUN20,1584183541701,open,3.79,0.0,3.7785,4.0175,3.89460487,135.43,None,0.0,BTC-26JUN20-26000-P,5435.78,0.0,0.0005,1.0,0.0,0.0,0.0,2.10303,-1.37089,-73.60343,2e-05,-0.96674
5264.28,BTC-27MAR20,1584183541701,open,2.73,3.0,2.7115,2.886,2.79931457,219.18,2.33,0.0,BTC-27MAR20-20000-P,5435.78,0.0,0.0,0.0,0.0,0.0,0.0,0.03924,-0.33398,-7.05318,0.0,-0.9988
5264.28,BTC-27MAR20,1584183541701,open,6.46,0.8,6.425,6.774,6.59956379,378.54,5.8915,0.0,BTC-27MAR20-40000-P,5435.78,0.0,0.0,0.0,0.0,0.0,0.0,0.17466,-2.56743,-14.10092,0.0,-0.99374
5311.43,BTC-25SEP20,1584183541701,open,1.99,4.0,1.9705,2.172,2.06801139,112.29,2.218,0.0,BTC-25SEP20-16000-P,5435.78,55.0,2.013,0.5,0.0,0.0,0.0,10.01208,-2.88453,-82.03403,6e-05,-0.82478
5264.28,BTC-27MAR20,1584183541701,open,2.36,0.0,2.3415,2.498,2.41985355,232.92,1.23,0.0,BTC-27MAR20-18000-P,5435.78,0.0,0.0125,1.0,0.0,0.0,0.0,0.13724,-1.24135,-6.34187,1e-05,-0.99522
5311.43,BTC-25SEP20,1584183541701,open,2.71,1.4,2.697,2.924,2.80574472,116.88,2.526,0.0,BTC-25SEP20-20000-P,5435.78,0.0,0.0,0.0,0.0,0.0,0.0,8.219,-2.4648,-104.23114,5e-05,-0.8698
5311.43,BTC-25SEP20,1584183541701,open,5.61,0.0,5.63,5.9725,5.7936273,126.84,None,0.0,BTC-25SEP20-36000-P,5435.78,0.0,0.0,0.0,0.0,0.0,0.0,4.29536,-1.39788,-191.10431,2e-05,-0.94535
5320.11,BTC-26JUN20,1584183541701,open,2.33,1.0,2.3115,2.4955,2.39875472,124.61,0.9,0.0,BTC-26JUN20-18000-P,5435.78,0.0,0.0005,1.0,0.0,0.0,0.0,3.66888,-2.20053,-50.45001,4e-05,-0.93336
5264.28,BTC-27MAR20,1584183541701,open,1.98,21.1,1.9695,2.1085,2.03959804,197.49,2.255,0.0,BTC-27MAR20-16000-P,5435.78,0.0,0.0,0.0,0.0,0.0,0.0,0.07576,-0.58101,-5.64002,0.0,-0.99754
5320.11,BTC-26JUN20,1584183541702,open,0.07,967.7,0.025,0.093,0.05686861,110.33,0.0545,0.0,BTC-26JUN20-10000-C,5435.78,108.82,0.0545,19.5,0.0595,5.2,111.99,8.36651,-4.44336,2.44444,9e-05,0.21832
5320.11,BTC-26JUN20,1584183541702,open,4.16,0.0,4.146,4.3995,4.26909391,136.24,None,0.0,BTC-26JUN20-28000-P,5435.78,0.0,0.0005,1.0,0.0,0.0,0.0,1.78687,-1.17177,-79.36325,2e-05,-0.97267
5264.28,BTC-27MAR20,1584183541702,open,3.47,0.0,3.454,3.663,3.55915987,246.19,None,0.0,BTC-27MAR20-24000-P,5435.78,0.0,0.0005,1.0,0.0,0.0,0.0,0.03768,-0.36025,-8.46433,0.0,-0.99886
5320.11,BTC-26JUN20,1584183541702,open,4.89,3.0,4.882,5.1665,5.02101885,144.8,6.119,0.0,BTC-26JUN20-32000-P,5435.78,0.0,0.0005,1.0,0.0,0.0,0.0,1.73642,-1.21028,-90.76176,1e-05,-0.9736
5264.28,BTC-27MAR20,1584183541702,open,3.1,5.6,3.084,3.2755,3.17976561,267.74,2.888,0.0,BTC-27MAR20-22000-P,5435.78,0.0,0.0,0.0,0.0,0.0,0.0,0.13695,-1.42387,-7.75306,1e-05,-0.99524
5311.43,BTC-25SEP20,1584183541702,open,1.64,103.4,1.613,1.805,1.70677703,111.15,1.89,0.0,BTC-25SEP20-14000-P,5435.78,43.75,1.636,3.0,2.9,1.0,500.0,11.35693,-3.23876,-70.64614,7e-05,-0.78444
5311.43,BTC-25SEP20,1584183541703,open,4.89,1.0,4.8945,5.2055,5.04323617,124.24,7.779,0.0,BTC-25SEP20-32000-P,5435.78,0.0,0.0,0.0,0.0,0.0,0.0,4.84419,-1.54411,-169.56797,3e-05,-0.9363
5264.28,BTC-27MAR20,1584183541703,open,3.85,0.0,3.827,4.054,3.93894773,191.26,None,0.0,BTC-27MAR20-26000-P,5435.78,0.0,0.0,0.0,0.0,0.0,0.0,0.00044,-0.00327,-9.17171,0.0,-0.99999
5311.43,BTC-25SEP20,1584183541703,open,2.35,0.9,2.331,2.542,2.4324543,112.7,2.2055,0.0,BTC-25SEP20-18000-P,5435.78,0.0,0.0,0.0,0.0,0.0,0.0,8.73122,-2.52474,-93.30436,5e-05,-0.85777
5320.11,BTC-26JUN20,1584183541703,open,1.97,2.9,1.9465,2.1165,2.02739105,121.64,1.776,0.0,BTC-26JUN20-16000-P,5435.78,0.0,0.001,2.0,0.0,0.0,0.0,4.41501,-2.58495,-44.54995,5e-05,-0.91503
5264.28,BTC-27MAR20,1584183541703,open,5.71,0.1,5.684,5.9985,5.83873689,311.17,5.7275,0.0,BTC-27MAR20-36000-P,5435.78,0.0,0.0,0.0,0.0,0.0,0.0,0.04416,-0.53367,-12.69715,0.0,-0.99864
5281.13,SYN.BTC-24APR20,1584183541699,open,4.2,0.4,4.181,4.4245,4.30285816,177.26,4.0495,0.0,BTC-24APR20-28000-P,5435.78,0.0,0.0,0.0,0.0,0.0,0.0,0.29807,-0.64632,-31.32722,1e-05,-0.99405
5356.94,SYN.BTC-20MAR20,1584183541699,open,0.0,208.8,0.0005,0.0105,2.076e-05,173.31,0.0015,0.0,BTC-20MAR20-11500-C,5435.78,0.0,0.0,0.0,0.0015,31.0,256.47,0.00945,-0.11123,0.00031,0.0,0.00038
5320.11,BTC-26JUN20,1584183541704,open,1.61,12.5,1.5825,1.7415,1.65837158,118.33,1.427,0.0,BTC-26JUN20-14000-P,5435.78,0.0,0.001,3.0,0.0,0.0,0.0,5.39806,-3.07454,-38.55695,6e-05,-0.88823
5320.11,BTC-26JUN20,1584183541704,open,4.52,5.5,4.514,4.7825,4.64397555,137.19,5.702,0.0,BTC-26JUN20-30000-P,5435.78,0.0,0.0005,1.0,0.0,0.0,0.0,1.54014,-1.01705,-85.10637,1e-05,-0.97711
5320.11,BTC-26JUN20,1584183541704,open,2.69,0.1,2.6785,2.8765,2.77260735,129.1,1.85,0.0,BTC-26JUN20-20000-P,5435.78,0.0,0.0005,1.0,0.0,0.0,0.0,3.25828,-2.02482,-56.25266,3e-05,-0.94276
5356.94,SYN.BTC-20MAR20,1584183541699,open,0.0,254.1,0.0005,0.0135,0.00360065,162.47,0.0055,0.0,BTC-20MAR20-7750-C,5435.78,152.44,0.0025,20.1,0.0065,20.0,182.39,0.6518,-9.01135,0.03627,9e-05,0.04566
5356.94,SYN.BTC-20MAR20,1584183541699,open,0.88,0.0,0.87,0.9575,0.91380372,191.85,None,0.0,BTC-20MAR20-10250-P,5435.78,0.0,0.0,0.0,0.0,0.0,0.0,0.1066,-1.74039,-1.64564,1e-05,-0.99452
5356.94,SYN.BTC-20MAR20,1584183541699,open,0.97,0.0,0.961,1.053,1.0070848,200.84,None,0.0,BTC-20MAR20-10750-P,5435.78,0.0,0.0,0.0,0.0,0.0,0.0,0.09092,-1.55385,-1.72686,1e-05,-0.99542
5409.88,SYN.BTC-16MAR20,1584183541699,open,0.0,0.102,0.149,0.12815914,154.91,None,0.0,BTC-16MAR20-4750-C,5435.78,0.0,0.095,4.0,0.1475,4.0,262.59,0.72886,-30.09702,0.21182,0.00031,0.89008
5281.13,SYN.BTC-24APR20,1584183541699,open,1.98,0.0,1.9605,2.104,2.03394925,151.14,None,0.0,BTC-24APR20-16000-P,5435.78,0.0,0.0,0.0,0.0,0.0,0.0,1.07659,-1.99033,-17.78815,2e-05,-0.97373
5423.12,SYN.BTC-15MAR20,1584183541699,open,0.14,0.0,0.1265,0.181,0.15345358,155.14,None,0.0,BTC-15MAR20-6250-P,5435.78,0.0,0.001,0.1,0.0,0.0,0.0,0.19878,-15.41945,-0.1457,0.00018,-0.96634
5423.12,SYN.BTC-15MAR20,1584183541699,open,0.18,0.0,0.1715,0.227,0.19891277,162.39,None,0.0,BTC-15MAR20-6500-P,5435.78,0.0,0.0005,0.2,0.0,0.0,0.0,0.08671,-7.04013,-0.15435,8e-05,-0.98737
5281.13,SYN.BTC-24APR20,1584183541699,open,0.46,16.2,0.4225,0.536,0.47939277,128.63,0.4125,0.0,BTC-24APR20-7500-P,5435.78,87.28,0.4395,2.0,0.5385,2.0,177.44,5.89032,-9.2678,-7.12682,0.00015,-0.72563
5409.88,SYN.BTC-16MAR20,1584183541699,open,0.0,0.0785,0.13,0.10747409,147.5,None,0.0,BTC-16MAR20-4875-C,5435.78,0.0,0.0745,4.0,0.127,4.0,243.82,0.90324,-35.51318,0.2065,0.00041,0.85024
5356.94,SYN.BTC-20MAR20,1584183541699,open,0.56,295.9,0.5505,0.6255,0.58809608,166.82,0.5795,0.0,BTC-20MAR20-8500-P,5435.78,0.0,0.0,0.0,0.0,0.0,0.0,0.31472,-4.46773,-1.35313,4e-05,-0.98102
5423.12,SYN.BTC-15MAR20,1584183541699,open,0.18,0.0,0.151,0.1895,0.17109185,196.4,None,0.0,BTC-15MAR20-4500-C,5435.78,0.0,0.142,3.0,0.192,3.0,447.12,0.14697,-14.43317,0.1048,0.00011,0.97658
5356.94,SYN.BTC-20MAR20,1584183541700,open,0.83,0.0,0.8245,0.91,0.86718535,187.88,None,0.0,BTC-20MAR20-10000-P,5435.78,0.0,0.0,0.0,0.0,0.0,0.0,0.11931,-1.90753,-1.6048,1e-05,-0.99378
