underlying_price,underlying_index,timestamp,state,settlement_price,open_interest,min_price,max_price,mark_price,mark_iv,last_price,interest_rate,instrument_name,index_price,bid_iv,best_bid_price,best_bid_amount,best_ask_price,best_ask_amount,ask_iv,vega,theta,rho,gamma,delta
127.83,ETH-27MAR20,1584788340205,open,1.14,918.0,1.126,1.257,1.190737,221.69,1.132,0.0,ETH-27MAR20-280-P,128.24,0.0,0.2,50.0,0.0,0.0,0.0,0.00195,-0.03674,-0.045,0.00033,-0.99594
127.69,ETH-26JUN20,1584788340212,open,0.92,264.0,0.863,1.0425,0.965403,132.02,1.233,0.0,ETH-26JUN20-240-P,128.24,109.24,0.929,56.0,0.9935,56.0,147.65,0.22081,-0.15046,-0.57175,0.00386,-0.72164
127.69,ETH-26JUN20,1584788340220,open,2.08,0.0,2.045,2.262,2.160778,138.71,None,0.0,ETH-26JUN20-400-P,128.24,0.0,0.01,50.0,0.0,0.0,0.0,0.12158,-0.08704,-1.03481,0.00203,-0.89261
127.83,ETH-27MAR20,1584788340222,open,2.97,1.0,2.9485,3.192,3.067903,222.99,3.276,0.0,ETH-27MAR20-520-P,128.24,0.0,0.006,50.0,0.0,0.0,0.0,0.0,-1e-05,-0.08371,0.0,-1.0
5977.12,SYN.BTC-24APR20,1584788340241,open,0.14,395.9,0.0845,0.219,0.15204465,124.02,0.1515,0.0,BTC-24APR20-6000-P,5979.49,119.8,0.147,18.7,0.156,12.0,127.33,7.14921,-13.0866,-3.22354,0.00017,-0.42905
5977.12,SYN.BTC-24APR20,1584788340243,open,0.14,395.9,0.0845,0.219,0.15204465,124.02,0.1515,0.0,BTC-24APR20-6000-P,5979.49,119.8,0.147,18.7,0.1565,12.0,127.75,7.14921,-13.0866,-3.22354,0.00017,-0.42905
5977.12,SYN.BTC-24APR20,1584788340244,open,0.04,767.7,0.0075,0.067,0.03368766,125.47,0.035,0.0,BTC-24APR20-9000-C,5979.49,121.54,0.0305,35.4,0.037,16.0,129.41,4.93372,-9.13669,0.86448,0.00012,0.18952
127.83,ETH-27MAR20,1584788340249,open,1.45,981.0,1.43,1.5795,1.50339,221.8,1.452,0.0,ETH-27MAR20-320-P,128.24,0.0,0.0,0.0,0.0,0.0,0.0,0.0005,-0.0094,-0.0515,9e-05,-0.9991
5977.12,SYN.BTC-24APR20,1584788340256,open,0.04,767.7,0.0075,0.067,0.03368766,125.47,0.035,0.0,BTC-24APR20-9000-C,5979.49,121.54,0.0305,35.4,0.037,40.4,129.41,4.93372,-9.13669,0.86448,0.00012,0.18952
5977.1,SYN.BTC-24APR20,1584788340264,open,0.02,208.2,0.004,0.043,0.01996873,148.93,0.017,0.0,BTC-24APR20-3500-P,5979.49,145.64,0.0185,25.0,0.0215,20.0,152.28,2.70207,-5.93973,-0.55345,5e-05,-0.0798
127.83,ETH-27MAR20,1584788340271,open,0.68,2174.0,0.6705,0.774,0.722482,192.3,0.8,0.0,ETH-27MAR20-220-P,128.24,0.0,0.7,55.0,0.754,55.0,357.34,0.00708,-0.11593,-0.03508,0.0014,-0.98228
127.83,ETH-27MAR20,1584788340273,open,3.28,1.0,3.252,3.5145,3.380818,223.46,3.3565,0.0,ETH-27MAR20-560-P,128.24,0.0,0.02,50.0,0.0,0.0,0.0,0.0,0.0,-0.09015,0.0,-1.0
5977.12,SYN.BTC-24APR20,1584788340273,open,0.08,179.2,0.026,0.1155,0.07100501,124.36,0.083,0.0,BTC-24APR20-7500-C,5979.49,120.31,0.0665,31.8,0.075,16.0,127.92,6.67981,-12.26122,1.49798,0.00016,0.34104
5977.12,SYN.BTC-24APR20,1584788340275,open,0.06,506.6,0.017,0.096,0.05521942,124.56,0.068,0.0,BTC-24APR20-8000-C,5979.49,120.92,0.0515,33.4,0.0585,16.0,127.73,6.14539,-11.29861,1.25521,0.00015,0.28149
5977.12,SYN.BTC-24APR20,1584788340277,open,0.1,234.6,0.039,0.139,0.0913022,124.36,0.095,0.0,BTC-24APR20-7000-C,5979.49,119.87,0.086,31.2,0.095,22.2,127.47,7.07873,-12.99275,1.76791,0.00017,0.41
5977.12,SYN.BTC-24APR20,1584788340284,open,0.1,118.7,0.053,0.168,0.10990608,126.28,0.122,0.0,BTC-24APR20-5500-P,5979.49,122.79,0.106,21.2,0.1125,16.0,128.6,6.68262,-12.45596,-2.50366,0.00016,-0.34142
5977.12,SYN.BTC-24APR20,1584788340286,open,0.1,118.7,0.053,0.168,0.10990608,126.28,0.122,0.0,BTC-24APR20-5500-P,5979.49,122.79,0.106,21.2,0.113,16.0,129.05,6.68262,-12.45596,-2.50366,0.00016,-0.34142
127.83,ETH-27MAR20,1584788340290,open,0.53,4045.0,0.519,0.6135,0.568512,192.0,0.889,0.0,ETH-27MAR20-200-P,128.24,0.0,0.548,57.0,0.5955,57.0,310.07,0.01485,-0.24265,-0.03139,0.00294,-0.95689
5987.34,BTC-26JUN20,1584788340301,open,0.86,0.5,0.7695,1.04,0.90265841,117.28,1.05,0.0,BTC-26JUN20-11000-P,5979.87,0.0,0.0005,3.0,0.0,0.0,0.0,9.60096,-5.81173,-26.41293,9e-05,-0.75946
5972.43,BTC-27MAR20,1584788340302,open,1.11,12.0,1.0535,1.3155,1.17670681,183.91,1.485,0.0,BTC-27MAR20-13000-P,5979.87,0.0,0.1,1.0,0.0,0.0,0.0,0.01712,-0.26798,-2.09213,0.0,-0.99935
5987.72,BTC-26JUN20,1584788340303,open,4.2,3.0,4.043,4.6975,4.34937879,139.01,6.119,0.0,BTC-26JUN20-32000-P,5979.87,0.0,0.0005,1.1,0.0,0.0,0.0,1.72532,-1.23784,-84.63626,1e-05,-0.97628
6014.08,BTC-25SEP20,1584788340303,open,2.91,16.1,2.7745,3.293,3.01920694,113.97,3.1855,0.0,BTC-25SEP20-24000-P,5979.87,0.0,0.0,0.0,0.0,0.0,0.0,7.55112,-2.29031,-121.33544,4e-05,-0.90038
6014.08,BTC-25SEP20,1584788340305,open,0.39,214.6,0.305,0.5125,0.4128269,107.52,0.33,0.0,BTC-25SEP20-7000-P,5979.87,104.21,0.4035,4.8,0.422,4.8,110.79,16.90897,-4.83867,-25.93817,8e-05,-0.42507
5972.81,BTC-27MAR20,1584788340306,open,1.6,21.1,1.5275,1.85,1.67896275,253.24,2.255,0.0,BTC-27MAR20-16000-P,5979.87,0.0,0.0,0.0,0.0,0.0,0.0,0.04431,-0.95481,-2.57404,0.0,-0.99817
127.69,ETH-26JUN20,1584788340307,open,1.49,124.0,1.445,1.64,1.551491,134.57,1.68,0.0,ETH-26JUN20-320-P,128.24,0.0,0.01,50.0,0.0,0.0,0.0,0.1626,-0.11294,-0.80916,0.00279,-0.83608
127.83,ETH-27MAR20,1584788340313,open,0.83,1727.0,0.8225,0.935,0.878228,200.11,1.25,0.0,ETH-27MAR20-240-P,128.24,0.0,0.854,54.0,0.9105,54.0,393.34,0.00405,-0.06897,-0.03846,0.00077,-0.99072
5977.12,SYN.BTC-24APR20,1584788340317,open,0.08,179.2,0.026,0.1155,0.07100501,124.36,0.083,0.0,BTC-24APR20-7500-C,5979.87,120.31,0.0665,31.8,0.075,38.8,127.92,6.67981,-12.26122,1.49798,0.00016,0.34104
127.69,ETH-26JUN20,1584788340341,open,1.78,1.0,1.744,1.949,1.854592,136.63,1.827,0.0,ETH-26JUN20-360-P,128.24,0.0,0.01,50.0,0.0,0.0,0.0,0.14008,-0.09878,-0.92296,0.00237,-0.86876
127.75,SYN.ETH-24APR20,1584788340412,open,0.21,604.0,0.162,0.278,0.228631,139.75,0.3,0.0,ETH-24APR20-140-P,128.24,135.53,0.2235,194.0,0.2425,194.0,151.17,0.15526,-0.32025,-0.08649,0.00734,-0.5009
127.69,ETH-26JUN20,1584788340430,open,0.79,528.0,0.724,0.8995,0.826578,132.16,0.869,0.0,ETH-26JUN20-220-P,128.24,112.36,0.792,57.0,0.866,57.0,152.58,0.23625,-0.16115,-0.5096,0.00413,-0.67673
127.83,ETH-27MAR20,1584788340435,open,3.58,0.0,3.556,3.837,3.693734,223.92,None,0.0,ETH-27MAR20-600-P,128.24,0.0,0.03,50.0,0.0,0.0,0.0,0.0,0.0,-0.09659,0.0,-1.0
127.79,SYN.ETH-24APR20,1584788340579,open,1.01,4.0,0.9785,1.118,1.053479,154.42,1.122,0.0,ETH-24APR20-260-P,128.24,0.0,0.0,0.0,0.0,0.0,0.0,0.06892,-0.15708,-0.23154,0.00294,-0.8988
127.82,SYN.ETH-3APR20,1584788340579,open,0.54,0.0,0.48,0.687,0.577866,166.19,None,0.0,ETH-3APR20-200-P,128.24,0.0,0.0,0.0,0.0,0.0,0.0,0.04231,-0.27308,-0.06661,0.00442,-0.89941
127.79,SYN.ETH-24APR20,1584788340579,open,1.3,0.0,1.281,1.4315,1.359733,160.73,None,0.0,ETH-24APR20-300-P,128.24,0.0,0.0,0.0,0.0,0.0,0.0,0.05057,-0.11998,-0.27191,0.00208,-0.93293
127.69,ETH-26JUN20,1584788340593,open,4.2,0.0,4.1695,4.4955,4.332323,144.45,None,0.0,ETH-26JUN20-680-P,128.24,0.0,0.0,0.0,0.0,0.0,0.0,0.04521,-0.03371,-1.79686,0.00072,-0.96963
127.83,ETH-27MAR20,1584788340700,open,0.18,116.0,0.1175,0.1855,0.167957,169.48,0.1115,0.0,ETH-27MAR20-110-C,128.24,149.86,0.161,60.0,0.1805,26.0,202.47,0.04675,-0.67429,0.0128,0.01049,0.78991
127.83,ETH-27MAR20,1584788340702,open,2.06,4.0,2.039,2.2265,2.130138,341.2,1.862,0.0,ETH-27MAR20-400-P,128.24,0.0,0.0,0.0,0.0,0.0,0.0,0.00347,-0.10082,-0.06425,0.00039,-0.99221
127.69,ETH-26JUN20,1584788340708,open,2.38,0.0,2.3475,2.577,2.468397,140.11,None,0.0,ETH-26JUN20-440-P,128.24,0.0,0.01,50.0,0.0,0.0,0.0,0.10507,-0.07598,-1.14563,0.00173,-0.91198
127.83,ETH-27MAR20,1584788340713,open,3.89,0.0,3.8595,4.1595,4.006649,224.35,None,0.0,ETH-27MAR20-640-P,128.24,0.0,0.01,50.0,0.0,0.0,0.0,0.0,0.0,-0.10303,0.0,-1.0
127.69,ETH-26JUN20,1584788340768,open,3.59,0.0,3.5645,3.856,3.710765,147.31,None,0.0,ETH-26JUN20-600-P,128.24,0.0,0.01,50.0,0.0,0.0,0.0,0.06624,-0.05036,-1.58006,0.00104,-0.95148
6014.08,BTC-25SEP20,1584788340805,open,0.06,3.3,0.026,0.095,0.05970568,113.49,0.061,0.0,BTC-25SEP20-3000-P,5979.87,110.98,0.0565,11.0,0.0625,8.0,115.63,7.76989,-2.34671,-5.05573,4e-05,-0.1036
5972.43,BTC-27MAR20,1584788340891,open,0.01,547.5,0.0005,0.0375,0.01098344,146.23,0.0125,0.0,BTC-27MAR20-7500-C,5979.87,140.46,0.0095,25.0,0.0125,25.5,151.76,1.58783,-19.75785,0.11272,0.00019,0.12823
6014.08,BTC-25SEP20,1584788340906,open,0.06,3.3,0.026,0.095,0.05970568,113.49,0.061,0.0,BTC-25SEP20-3000-P,5979.87,110.98,0.0565,30.6,0.0625,8.0,115.63,7.76989,-2.34671,-5.05573,4e-05,-0.1036
127.83,ETH-27MAR20,1584788341306,open,1.6,0.0,1.5815,1.741,1.659812,221.82,None,0.0,ETH-27MAR20-340-P,128.24,0.0,0.0,0.0,0.0,0.0,0.0,0.00025,-0.00469,-0.05472,4e-05,-0.99957
127.83,ETH-27MAR20,1584788341306,open,1.29,0.0,1.2795,1.42,1.347747,264.06,None,0.0,ETH-27MAR20-300-P,128.24,0.0,0.0,0.0,0.0,0.0,0.0,0.00382,-0.08586,-0.04813,0.00055,-0.99132
127.83,ETH-27MAR20,1584788341306,open,1.9,0.0,1.8875,2.0655,1.973635,326.63,None,0.0,ETH-27MAR20-380-P,128.24,0.0,0.0,0.0,0.0,0.0,0.0,0.00345,-0.09581,-0.06103,0.0004,-0.99228
127.83,ETH-27MAR20,1584788341306,open,0.99,7.0,0.9755,1.0975,1.035318,238.52,1.163,0.0,ETH-27MAR20-260-P,128.24,0.0,0.0,0.0,0.0,0.0,0.0,0.00582,-0.11814,-0.04159,0.00093,-0.98591
5987.74,BTC-26JUN20,1584788341308,open,0.05,220.0,0.0115,0.0815,0.04353425,119.47,0.05,0.0,BTC-26JUN20-13000-C,5981.37,117.11,0.0405,25.6,0.0465,25.6,121.71,7.82344,-4.82393,2.01918,7e-05,0.17059
5987.74,BTC-26JUN20,1584788341308,open,0.62,0.0,0.568,0.6395,0.60698838,140.07,None,0.0,BTC-26JUN20-2500-C,5981.37,0.0,0.001,1.0,0.0,0.0,0.0,3.58165,-2.5893,5.32296,3e-05,0.94193
5972.63,BTC-27MAR20,1584788341308,open,0.87,0.1,0.817,1.049,0.92600935,200.68,0.6,0.0,BTC-27MAR20-11500-P,5981.37,0.0,0.0005,2.0,0.0,0.0,0.0,0.15187,-2.59353,-1.84484,1e-05,-0.99277
5972.63,BTC-27MAR20,1584788341308,open,0.0,749.7,0.0005,0.0175,0.00271492,185.65,0.002,0.0,BTC-27MAR20-9500-C,5981.37,177.03,0.002,0.2,0.0035,15.1,193.61,0.54348,-8.58578,0.02813,5e-05,0.03197
5987.74,BTC-26JUN20,1584788341308,open,0.02,214.9,0.007,0.0465,0.02453083,140.11,0.0225,0.0,BTC-26JUN20-2500-P,5981.37,136.66,0.0225,32.0,0.0265,32.0,143.35,3.58294,-2.59094,-1.31314,3e-05,-0.0581
5987.74,BTC-26JUN20,1584788341308,open,0.07,282.4,0.0225,0.1105,0.06540289,117.25,0.072,0.0,BTC-26JUN20-11000-C,5981.37,115.42,0.0625,25.6,0.0685,1.0,119.16,9.59965,-5.80917,2.78197,9e-05,0.24045
5972.63,BTC-27MAR20,1584788341309,open,0.0,705.4,0.0005,0.0155,5.1e-07,198.08,0.0005,0.0,BTC-27MAR20-18000-C,5981.37,0.0,0.0,0.0,0.0015,40.0,347.68,0.00034,-0.00307,1e-05,0.0,1e-05
6014.11,BTC-25SEP20,1584788341309,open,0.63,0.0,0.5805,0.656,0.62240887,116.05,None,0.0,BTC-25SEP20-2500-C,5981.37,0.0,0.2005,0.5,0.0,0.0,0.0,5.83761,-1.80289,9.50035,3e-05,0.9293
5974.13,BTC-27MAR20,1584788341309,open,3.55,0.0,3.423,3.9875,3.68820899,453.28,None,0.0,BTC-27MAR20-28000-P,5981.37,0.0,0.0,0.0,0.0,0.0,0.0,0.17037,-6.57174,-4.50075,1e-05,-0.99177
6014.11,BTC-25SEP20,1584788341309,open,0.02,355.7,0.002,0.0405,0.01680134,118.3,0.0195,0.0,BTC-25SEP20-32000-C,5981.37,117.95,0.0165,3.0,0.017,0.8,118.53,5.2165,-1.6423,1.37272,2e-05,0.06115
5974.13,BTC-27MAR20,1584788341309,open,0.51,0.1,0.466,0.526,0.49984246,270.6,0.391,0.0,BTC-27MAR20-3000-C,5981.37,0.0,0.05,7.0,0.0,0.0,0.0,0.28217,-6.49747,0.46686,2e-05,0.9853
6014.11,BTC-25SEP20,1584788341309,open,0.08,13.0,0.0425,0.131,0.08683979,111.57,0.088,0.0,BTC-25SEP20-3500-P,5981.37,109.16,0.083,8.0,0.0905,8.0,113.84,9.64302,-2.86316,-7.04826,5e-05,-0.14084
5987.74,BTC-26JUN20,1584788341309,open,1.16,0.1,1.068,1.372,1.21478225,119.58,1.729,0.0,BTC-26JUN20-13000-P,5981.37,0.0,0.0005,1.1,1.792,0.1,431.67,7.83427,-4.83509,-32.48093,7e-05,-0.82904
5974.13,BTC-27MAR20,1584788341309,open,0.01,1338.5,0.0005,0.0225,0.00763568,219.83,0.0065,0.0,BTC-27MAR20-4000-P,5981.37,211.74,0.0065,25.0,0.009,25.0,228.82,0.87112,-16.29595,-0.06247,7e-05,-0.05732
5987.74,BTC-26JUN20,1584788341309,open,0.42,28.6,0.3485,0.461,0.41227801,123.2,0.46,0.0,BTC-26JUN20-4000-C,5981.37,100.74,0.384,7.0,0.4385,7.0,142.91,7.81524,-4.96962,6.63362,7e-05,0.82969
6014.11,BTC-25SEP20,1584788341309,open,0.04,350.9,0.011,0.08,0.04184923,112.57,0.045,0.0,BTC-25SEP20-20000-C,5981.37,111.4,0.04,1.5,0.0435,8.0,113.6,9.56586,-2.86589,3.01327,5e-05,0.13919
6014.11,BTC-25SEP20,1584788341309,open,1.65,3.4,1.541,1.921,1.72484838,110.67,2.028,0.0,BTC-25SEP20-16000-P,5981.37,0.0,0.0,0.0,0.0,0.0,0.0,12.14404,-3.5769,-78.10499,6e-05,-0.79822
5974.13,BTC-27MAR20,1584788341309,open,1.11,12.0,1.0535,1.3155,1.17676872,238.74,1.485,0.0,BTC-27MAR20-13000-P,5981.37,0.0,0.1,1.0,0.0,0.0,0.0,0.16357,-3.32309,-2.08585,1e-05,-0.99214
5974.13,BTC-27MAR20,1584788341309,open,0.0,573.2,0.0005,0.016,0.0014075,197.72,0.001,0.0,BTC-27MAR20-10500-C,5981.37,174.3,0.0005,75.4,0.003,40.0,220.55,0.31788,-5.34838,0.01489,3e-05,0.0169
6014.11,BTC-25SEP20,1584788341309,open,0.11,889.7,0.065,0.173,0.1198741,110.38,0.098,0.0,BTC-25SEP20-4000-P,5981.37,108.06,0.1155,6.4,0.124,6.4,112.56,11.36794,-3.33932,-9.31907,6e-05,-0.18117
5974.13,BTC-27MAR20,1584788341310,open,0.63,601.7,0.58,0.7845,0.67618003,196.77,0.6825,0.0,BTC-27MAR20-10000-P,5981.37,0.0,0.508,3.3,1.5,0.9,500.0,0.46188,-7.73405,-1.58672,4e-05,-0.97372
5974.13,BTC-27MAR20,1584788341309,open,0.0,413.4,0.0005,0.0155,0.0,198.07,0.005,0.0,BTC-27MAR20-36000-C,5981.37,0.0,0.0,0.0,0.001,25.0,498.97,0.0,0.0,0.0,0.0,0.0
5974.13,BTC-27MAR20,1584788341310,open,1.93,0.0,1.843,2.2055,2.0136574,318.63,1.23,0.0,BTC-27MAR20-18000-P,5981.37,0.0,0.0125,1.0,0.0,0.0,0.0,0.12442,-3.37365,-2.8927,1e-05,-0.99423
5978.82,SYN.BTC-22MAR20,1584788341309,open,0.0,10.5,0.0005,0.045,0.00789169,148.33,0.005,0.0,BTC-22MAR20-5625-P,5981.37,133.56,0.006,30.0,0.0105,20.0,167.15,0.79603,-47.18298,-0.02846,0.00063,-0.19052
5978.82,SYN.BTC-22MAR20,1584788341308,open,0.22,0.0,0.1835,0.335,0.25524799,221.94,None,0.0,BTC-22MAR20-7500-P,5981.37,0.0,0.0005,0.5,0.0,0.0,0.0,0.14859,-16.48859,-0.17702,8e-05,-0.97886
5978.82,SYN.BTC-22MAR20,1584788341308,open,0.12,0.2,0.085,0.2255,0.15107601,158.32,0.2,0.0,BTC-22MAR20-6875-P,5981.37,0.0,0.0005,0.2,0.5,0.1,500.0,0.24725,-19.57233,-0.15952,0.00018,-0.96099
5978.82,SYN.BTC-22MAR20,1584788341308,open,0.01,20.0,0.0005,0.0545,0.01156986,137.84,0.008,0.0,BTC-22MAR20-5750-P,5981.37,121.63,0.009,29.0,0.015,20.0,158.55,0.96893,-66.77945,-0.04044,0.00082,-0.27036
5978.82,SYN.BTC-22MAR20,1584788341308,open,0.06,0.3,0.0265,0.1615,0.09169766,146.67,0.0445,0.0,BTC-22MAR20-6500-P,5981.37,0.0,0.0605,4.0,0.1195,4.0,329.59,0.61877,-45.37852,-0.13798,0.00049,-0.87022
5973.96,SYN.BTC-3APR20,1584788341308,open,0.02,50.0,0.0005,0.037,0.01276486,139.36,0.017,0.0,BTC-3APR20-8500-C,5981.37,132.73,0.0105,38.0,0.015,25.0,145.38,2.13581,-11.55816,0.20891,0.00012,0.1119
5974.13,BTC-27MAR20,1584788341310,open,0.02,1055.0,0.001,0.0565,0.02058064,163.74,0.023,0.0,BTC-27MAR20-5000-P,5981.37,161.92,0.02,19.0,0.0215,21.0,166.61,1.9062,-26.56098,-0.18171,0.0002,-0.16836
5987.74,BTC-26JUN20,1584788341310,open,1.63,2.9,1.53,1.884,1.6979704,122.81,1.776,0.0,BTC-26JUN20-16000-P,5981.37,0.0,0.0005,0.9,0.0,0.0,0.0,5.72559,-3.62928,-41.15995,5e-05,-0.89197
5987.74,BTC-26JUN20,1584788341312,open,0.14,347.6,0.082,0.21,0.14708565,118.69,0.1415,0.0,BTC-26JUN20-5000-P,5981.37,116.02,0.1425,25.6,0.152,49.2,121.55,10.27579,-6.29478,-6.69305,9e-05,-0.27407
6015.61,BTC-25SEP20,1584788341312,open,0.38,63.4,0.2935,0.429,0.37162559,109.57,0.3775,0.0,BTC-25SEP20-5000-C,5981.37,104.21,0.359,16.3,0.3785,24.3,112.5,14.13383,-4.12153,11.25442,7e-05,0.73509
5974.13,BTC-27MAR20,1584788341311,open,3.23,0.0,3.107,3.6305,3.35305995,421.01,None,0.0,BTC-27MAR20-26000-P,5981.37,0.0,0.0,0.0,0.0,0.0,0.0,0.13754,-4.92736,-4.18014,1e-05,-0.99354
5974.13,BTC-27MAR20,1584788341310,open,0.0,663.3,0.0005,0.0195,0.00461717,250.68,0.0045,0.0,BTC-27MAR20-3500-P,5981.37,237.74,0.0035,4.2,0.006,40.0,264.47,0.55627,-11.86616,-0.03606,4e-05,-0.03287
5978.82,SYN.BTC-22MAR20,1584788341308,open,0.0,1.1,0.0005,0.0155,0.0007467,205.25,0.0015,0.0,BTC-22MAR20-7375-C,5981.37,193.85,0.0005,0.1,0.001,0.6,214.63,0.14665,-4.46437,0.00288,8e-05,0.02081
5974.13,BTC-27MAR20,1584788341310,open,0.0,428.0,0.0005,0.017,0.00215056,273.56,0.003,0.0,BTC-27MAR20-3000-P,5981.37,258.85,0.0015,0.2,0.003,0.4,289.05,0.29457,-6.85728,-0.01693,2e-05,-0.01546
5974.13,BTC-27MAR20,1584788341314,open,4.2,0.0,4.0545,4.699,4.35761225,479.54,None,0.0,BTC-27MAR20-32000-P,5981.37,0.0,0.0,0.0,0.0,0.0,0.0,0.14882,-6.0727,-5.14564,1e-05,-0.99294
6015.61,BTC-25SEP20,1584788341314,open,1.05,247.6,0.949,1.261,1.10409068,109.02,1.12,0.0,BTC-25SEP20-12000-P,5981.37,0.0,0.15,0.1,1.29,1.0,175.87,15.25671,-4.4266,-55.50782,8e-05,-0.68856
5989.24,BTC-26JUN20,1584788341314,open,0.55,26.1,0.489,0.575,0.53686316,132.39,0.502,0.0,BTC-26JUN20-3000-C,5981.37,0.0,0.01,25.0,0.0,0.0,0.0,4.91761,-3.36021,5.96703,4e-05,0.91224
6015.61,BTC-25SEP20,1584788341314,open,4.84,1.5,4.6495,5.3935,4.99842159,120.74,4.64,0.0,BTC-25SEP20-36000-P,5981.37,0.0,0.0,0.0,0.0,0.0,0.0,4.54314,-1.4598,-184.14682,2e-05,-0.9487
5974.13,BTC-27MAR20,1584788341314,open,1.28,69.5,1.2115,1.4935,1.34398986,250.82,2.8715,0.0,BTC-27MAR20-14000-P,5981.37,0.0,0.0,0.0,0.0,0.0,0.0,0.12733,-2.71773,-2.24853,1e-05,-0.99408
5974.13,BTC-27MAR20,1584788341314,open,0.01,1647.3,0.0005,0.0295,0.00733414,157.31,0.0125,0.0,BTC-27MAR20-8000-C,5981.37,155.62,0.007,5.0,0.0075,25.0,158.13,1.19407,-15.98437,0.07604,0.00013,0.08641
5989.24,BTC-26JUN20,1584788341314,open,0.33,81.0,0.2385,0.3675,0.31204327,118.63,0.265,0.0,BTC-26JUN20-5000-C,5981.37,98.46,0.2775,7.0,0.3415,7.0,135.82,10.27587,-6.29153,6.58142,9e-05,0.72607
5974.13,BTC-27MAR20,1584788341314,open,0.16,1191.1,0.115,0.2695,0.19075677,138.62,0.204,0.0,BTC-27MAR20-7000-P,5981.37,129.4,0.1875,1.0,0.2265,4.1,222.95,2.17271,-25.62917,-0.94505,0.00027,-0.79192
5974.13,BTC-27MAR20,1584788341314,open,0.0,522.4,0.0005,0.0155,0.0,198.06,0.0005,0.0,BTC-27MAR20-26000-C,5981.37,0.0,0.0,0.0,0.001,27.0,422.64,0.0,0.0,0.0,0.0,0.0
5974.13,BTC-27MAR20,1584788341314,open,4.53,0.0,4.37,5.055,4.69246301,496.75,None,0.0,BTC-27MAR20-34000-P,5981.37,0.0,0.0,0.0,0.0,0.0,0.0,0.15261,-6.45125,-5.46747,1e-05,-0.99274
5974.13,BTC-27MAR20,1584788341314,open,3.88,0.0,3.7385,4.343,4.02276148,461.28,None,0.0,BTC-27MAR20-30000-P,5981.37,0.0,0.0,0.0,0.0,0.0,0.0,0.14502,-5.69261,-4.82381,1e-05,-0.99314
5977.62,SYN.BTC-23MAR20,1584788341308,open,0.0,0.0005,0.0395,0.00817834,146.95,None,0.0,BTC-23MAR20-5375-P,5981.37,104.51,0.0025,11.0,0.0235,11.0,225.57,0.9733,-38.12735,-0.04683,0.00036,-0.14426
5977.62,SYN.BTC-23MAR20,1584788341308,open,0.0,0.0005,0.0445,0.01112452,136.67,None,0.0,BTC-23MAR20-6500-C,5981.37,120.82,0.008,30.0,0.014,20.0,150.14,1.23527,-45.00421,0.06112,0.00049,0.21009
5989.24,BTC-26JUN20,1584788341314,open,4.2,3.0,4.0425,4.697,4.34900464,142.2,6.119,0.0,BTC-26JUN20-32000-P,5981.37,0.0,0.0005,1.1,0.0,0.0,0.0,1.94425,-1.42693,-84.5941,1e-05,-0.97265
5978.82,SYN.BTC-22MAR20,1584788341308,open,0.02,26.3,0.0005,0.048,0.01027883,135.85,0.008,0.0,BTC-22MAR20-6250-C,5981.37,121.21,0.008,25.6,0.012,20.0,146.44,0.95598,-61.45524,0.03629,0.00082,0.26325
5978.82,SYN.BTC-22MAR20,1584788341308,open,0.0,18.0,0.0005,0.018,0.00111491,156.64,0.003,0.0,BTC-22MAR20-6875-C,5981.37,137.42,0.0005,34.2,0.004,34.0,204.7,0.23877,-6.66587,0.0052,0.00018,0.03737
5973.96,SYN.BTC-3APR20,1584788341308,open,0.01,67.9,0.0015,0.0425,0.01626265,160.3,0.015,0.0,BTC-3APR20-4250-P,5981.37,151.61,0.0135,37.0,0.0195,37.0,169.78,1.9693,-12.25836,-0.24503,0.0001,-0.10001
5977.62,SYN.BTC-23MAR20,1584788341308,open,0.0,0.0005,0.081,0.02935612,131.65,None,0.0,BTC-23MAR20-5875-P,5981.37,123.18,0.027,27.0,0.034,20.0,148.3,1.66464,-58.41918,-0.13459,0.00069,-0.40879
5974.13,BTC-27MAR20,1584788341315,open,2.9,0.0,2.791,3.274,3.01820919,398.6,None,0.0,BTC-27MAR20-24000-P,5981.37,0.0,0.0005,1.1,0.0,0.0,0.0,0.1339,-4.54192,-3.8583,1e-05,-0.99374
5974.13,BTC-27MAR20,1584788341315,open,0.0,377.3,0.0005,0.0155,1e-08,198.06,0.0005,0.0,BTC-27MAR20-22000-C,5981.37,0.0,0.0,0.0,0.001,40.0,382.2,1e-05,-5e-05,0.0,0.0,0.0
5973.96,SYN.BTC-3APR20,1584788341309,open,0.05,21.4,0.0075,0.0805,0.04072225,129.64,0.044,0.0,BTC-3APR20-7000-C,5981.37,121.52,0.0355,32.9,0.0455,22.9,136.9,3.89136,-19.59087,0.54289,0.00024,0.29834
5974.13,BTC-27MAR20,1584788341315,open,0.0,255.7,0.0005,0.0155,0.0,198.06,0.0015,0.0,BTC-27MAR20-32000-C,5981.37,0.0,0.0,0.0,0.001,40.0,471.69,0.0,0.0,0.0,0.0,0.0
6015.61,BTC-25SEP20,1584788341315,open,0.13,332.5,0.061,0.186,0.12728243,108.82,0.1205,0.0,BTC-25SEP20-11000-C,5981.37,105.49,0.1185,18.5,0.1315,16.4,110.4,16.00209,-4.63429,6.9264,8e-05,0.35097
5989.24,BTC-26JUN20,1584788341315,open,0.71,679.1,0.627,0.8815,0.753592,117.37,0.63,0.0,BTC-26JUN20-10000-P,5981.37,0.0,0.0005,0.1,1.0,0.5,240.76,10.60806,-6.42598,-23.22235,9e-05,-0.70728
6015.61,BTC-25SEP20,1584788341315,open,2.28,1.4,2.154,2.6025,2.36737865,113.09,2.526,0.0,BTC-25SEP20-20000-P,5981.37,0.0,0.0,0.0,0.0,0.0,0.0,9.66074,-2.90753,-99.89627,5e-05,-0.85883
5989.24,BTC-26JUN20,1584788341315,open,1.01,124.0,0.9175,1.205,1.05751673,118.95,1.2925,0.0,BTC-26JUN20-12000-P,5981.37,0.0,0.0005,1.0,0.0,0.0,0.0,8.73964,-5.3654,-29.46497,8e-05,-0.79607
5978.82,SYN.BTC-22MAR20,1584788341308,open,0.0,8.0,0.0005,0.016,0.00113047,204.14,0.001,0.0,BTC-22MAR20-7250-C,5981.37,180.38,0.0005,0.1,0.002,15.0,225.76,0.20033,-6.75887,0.00417,0.00011,0.03019
5978.82,SYN.BTC-22MAR20,1584788341309,open,0.0,3.2,0.0005,0.0245,0.00246318,178.35,0.0025,0.0,BTC-22MAR20-5250-P,5981.37,160.36,0.0015,33.0,0.005,20.4,213.21,0.36146,-14.72688,-0.00936,0.00024,-0.06279
5974.13,BTC-27MAR20,1584788341316,open,0.95,145.6,0.8955,1.1375,1.00939613,218.23,1.13,0.0,BTC-27MAR20-12000-P,5981.37,0.0,0.92,0.1,0.0,0.0,0.0,0.17781,-3.30209,-1.92413,1e-05,-0.99136
5989.24,BTC-26JUN20,1584788341316,open,2.91,0.0,2.783,3.2835,3.01771716,133.32,None,0.0,BTC-26JUN20-24000-P,5981.37,0.0,0.0005,1.0,0.0,0.0,0.0,3.01365,-2.07362,-63.12399,2e-05,-0.95329
5977.4,SYN.BTC-24APR20,1584788341308,open,0.03,800.5,0.0035,0.0475,0.02111261,127.04,0.022,0.0,BTC-24APR20-10000-C,5981.37,125.27,0.02,50.0,0.022,49.9,128.42,3.80986,-7.14361,0.59266,9e-05,0.12794
5973.96,SYN.BTC-3APR20,1584788341308,open,0.02,0.5,0.0005,0.0415,0.01501546,136.87,0.03,0.0,BTC-3APR20-8250-C,5981.37,128.9,0.012,37.0,0.018,37.0,144.1,2.37147,-12.60446,0.24196,0.00014,0.12983
6015.61,BTC-25SEP20,1584788341316,open,0.91,193.1,0.8085,1.103,0.95632361,108.99,0.93,0.0,BTC-25SEP20-11000-P,5981.37,0.0,0.0005,2.0,1.19,0.5,192.0,16.0135,-4.64504,-49.68663,8e-05,-0.64833
5974.13,BTC-27MAR20,1584788341317,open,0.0,925.1,0.0005,0.0155,7e-08,198.06,0.001,0.0,BTC-27MAR20-20000-C,5981.37,0.0,0.0,0.0,0.001,45.0,358.7,5e-05,-0.0004,0.0,0.0,0.0
6015.61,BTC-25SEP20,1584788341317,open,1.96,0.9,1.8455,2.259,2.04381445,111.71,2.2055,0.0,BTC-25SEP20-18000-P,5981.37,0.0,0.0,0.0,0.0,0.0,0.0,10.79014,-3.20795,-89.08296,5e-05,-0.83317
5989.24,BTC-26JUN20,1584788341317,open,0.57,626.3,0.491,0.728,0.6104706,117.28,0.56,0.0,BTC-26JUN20-9000-P,5981.37,0.0,0.169,0.1,1.5385,0.1,500.0,11.4868,-6.95292,-19.95786,0.0001,-0.64504
6015.61,BTC-25SEP20,1584788341317,open,4.19,1.0,4.0235,4.6925,4.33764841,119.81,7.779,0.0,BTC-25SEP20-32000-P,5981.37,0.0,0.0,0.0,0.0,0.0,0.0,5.46747,-1.7433,-163.26469,2e-05,-0.93507
5974.13,BTC-27MAR20,1584788341316,open,0.0,327.5,0.0005,0.0155,0.0,198.06,0.0005,0.0,BTC-27MAR20-24000-C,5981.37,0.0,0.0,0.0,0.001,40.0,403.38,0.0,-1e-05,0.0,0.0,0.0
5989.24,BTC-26JUN20,1584788341317,open,0.25,255.4,0.1605,0.2945,0.23617551,116.99,0.243,0.0,BTC-26JUN20-6000-C,5981.37,112.84,0.228,35.4,0.242,24.2,119.96,11.77361,-7.10918,6.05834,0.00011,0.61729
6015.61,BTC-25SEP20,1584788341317,open,3.55,0.0,3.398,3.9905,3.67648464,116.66,None,0.0,BTC-25SEP20-28000-P,5981.37,0.0,0.0,0.0,0.0,0.0,0.0,6.29231,-1.9536,-142.38864,3e-05,-0.92203
5974.13,BTC-27MAR20,1584788341318,open,1.6,21.1,1.5275,1.8495,1.67881026,286.23,2.255,0.0,BTC-27MAR20-16000-P,5981.37,0.0,0.0,0.0,0.0,0.0,0.0,0.12286,-2.99263,-2.57075,1e-05,-0.99431
5989.24,BTC-26JUN20,1584788341318,open,2.26,0.1,2.1555,2.582,2.35601897,129.96,1.85,0.0,BTC-26JUN20-20000-P,5981.37,0.0,0.0005,1.0,0.0,0.0,0.0,4.20214,-2.81862,-52.21451,3e-05,-0.92869
5989.24,BTC-26JUN20,1584788341318,open,3.55,0.0,3.4125,3.9895,3.68271934,137.69,None,0.0,BTC-26JUN20-28000-P,5981.37,0.0,0.0005,1.0,0.0,0.0,0.0,2.35186,-1.67138,-73.89032,2e-05,-0.96558
5989.24,BTC-26JUN20,1584788341318,open,3.23,0.0,3.0975,3.635,3.34936671,134.02,None,0.0,BTC-26JUN20-26000-P,5981.37,0.0,0.0005,1.0,0.0,0.0,0.0,2.51993,-1.74309,-68.54317,2e-05,-0.96255
5974.13,BTC-27MAR20,1584788341318,open,2.25,3.0,2.159,2.562,2.34850772,347.82,2.2095,0.0,BTC-27MAR20-20000-P,5981.37,0.0,0.0,0.0,0.0,0.0,0.0,0.12719,-3.76459,-3.21459,1e-05,-0.99409
5978.82,SYN.BTC-22MAR20,1584788341308,open,0.08,5.0,0.0455,0.1835,0.11146382,156.57,0.04,0.0,BTC-22MAR20-6625-P,5981.37,0.0,0.0005,0.2,0.3,5.0,500.0,0.50196,-39.29656,-0.14554,0.00037,-0.90317
5974.13,BTC-27MAR20,1584788341319,open,2.58,5.6,2.475,2.918,2.68335843,374.32,2.888,0.0,BTC-27MAR20-22000-P,5981.37,0.0,0.0,0.0,0.0,0.0,0.0,0.13042,-4.15436,-3.53645,1e-05,-0.99392
5977.4,SYN.BTC-24APR20,1584788341309,open,0.02,464.6,0.0005,0.037,0.0147868,131.26,0.0165,0.0,BTC-24APR20-11000-C,5981.37,127.6,0.013,25.1,0.0165,20.0,134.55,3.01847,-5.8477,0.43127,7e-05,0.09253
5989.24,BTC-26JUN20,1584788341320,open,1.31,12.5,1.2205,1.5405,1.37396556,120.78,1.427,0.0,BTC-26JUN20-14000-P,5981.37,0.0,0.0005,0.1,0.0,0.0,0.0,7.06754,-4.4058,-35.41509,6e-05,-0.85393
6015.61,BTC-25SEP20,1584788341319,open,0.46,718.7,0.387,0.505,0.45476822,110.33,0.45,0.0,BTC-25SEP20-4000-C,5981.37,96.56,0.429,8.0,0.486,8.0,126.77,11.36695,-3.33752,11.27597,6e-05,0.81893
5977.4,SYN.BTC-24APR20,1584788341309,open,0.03,95.7,0.0085,0.062,0.03165535,139.48,0.0385,0.0,BTC-24APR20-4000-P,5981.37,135.15,0.029,35.9,0.0345,20.0,143.99,3.71652,-7.65117,-0.8606,8e-05,-0.12347
5978.82,SYN.BTC-22MAR20,1584788341308,open,0.03,27.9,0.0005,0.0555,0.0141821,123.84,0.0145,0.0,BTC-22MAR20-6125-C,5981.37,108.99,0.0115,29.5,0.016,1.0,133.74,1.09185,-67.60694,0.0491,0.00103,0.35647
5974.13,BTC-27MAR20,1584788341319,open,4.85,0.1,4.686,5.4115,5.02731378,500.0,5.7275,0.0,BTC-27MAR20-36000-P,5981.37,0.0,0.0,0.0,0.0,0.0,0.0,0.12827,-5.45774,-5.79045,0.0,-0.99403
5974.13,BTC-27MAR20,1584788341320,open,0.0,185.5,0.0005,0.0155,0.0,198.07,0.001,0.0,BTC-27MAR20-34000-C,5981.37,0.0,0.0,0.0,0.001,33.0,485.78,0.0,0.0,0.0,0.0,0.0
5977.4,SYN.BTC-24APR20,1584788341309,open,0.01,368.1,0.0005,0.025,0.00841276,140.18,0.0115,0.0,BTC-24APR20-13000-C,5981.37,134.02,0.0065,25.0,0.0105,25.0,146.01,2.00094,-4.13993,0.25374,4e-05,0.05415
5989.24,BTC-26JUN20,1584788341321,open,3.88,5.5,3.7275,4.342,4.01542849,139.01,5.702,0.0,BTC-26JUN20-30000-P,5981.37,0.0,0.0005,1.0,0.0,0.0,0.0,2.05628,-1.47528,-79.26123,2e-05,-0.97074
5973.96,SYN.BTC-3APR20,1584788341308,open,0.4,0.0,0.3465,0.5325,0.43566126,139.51,None,0.0,BTC-3APR20-8500-P,5981.37,0.0,0.0,0.0,0.0,0.0,0.0,2.13995,-11.59311,-2.78901,0.00012,-0.8878
5974.13,BTC-27MAR20,1584788341323,open,5.5,0.8,5.318,6.124,5.69701531,500.0,5.8915,0.0,BTC-27MAR20-40000-P,5981.37,0.0,0.0,0.0,0.0,0.0,0.0,0.08333,-3.5456,-6.43616,0.0,-0.99632
5973.96,SYN.BTC-3APR20,1584788341308,open,0.03,0.6,0.002,0.053,0.0218056,133.09,0.065,0.0,BTC-3APR20-7750-C,5981.37,125.1,0.018,35.3,0.0255,24.3,140.39,2.94175,-15.2039,0.33287,0.00018,0.17976
5973.96,SYN.BTC-3APR20,1584788341308,open,0.07,47.5,0.027,0.135,0.07835819,130.83,0.0535,0.0,BTC-3APR20-5750-P,5981.37,124.78,0.074,28.1,0.0835,21.1,137.96,4.30611,-21.87734,-0.98778,0.00026,-0.39037
5978.82,SYN.BTC-22MAR20,1584788341308,open,0.2,0.0,0.164,0.313,0.23434133,208.15,None,0.0,BTC-22MAR20-7375-P,5981.37,0.0,0.0005,0.5,0.0,0.0,0.0,0.15574,-16.20809,-0.17385,9e-05,-0.97765
5973.96,SYN.BTC-3APR20,1584788341309,open,0.06,20.4,0.0115,0.093,0.05030076,128.82,0.0555,0.0,BTC-3APR20-6750-C,5981.37,121.14,0.045,31.3,0.055,22.3,135.53,4.15834,-20.8015,0.63274,0.00026,0.35055
5974.13,BTC-27MAR20,1584788341324,open,1.44,2.0,1.3695,1.6715,1.51139265,268.79,0.4565,0.0,BTC-27MAR20-15000-P,5981.37,0.0,0.0,0.0,0.0,0.0,0.0,0.12353,-2.8254,-2.40971,1e-05,-0.99428
5978.82,SYN.BTC-22MAR20,1584788341309,open,0.04,4.5,0.0005,0.07,0.02336901,128.25,0.031,0.0,BTC-22MAR20-6000-C,5981.37,108.44,0.0195,18.4,0.0265,17.1,144.27,1.16794,-74.89264,0.06694,0.00106,0.49007
5978.82,SYN.BTC-22MAR20,1584788341308,open,0.0,8.7,0.0005,0.016,0.00113753,189.15,0.0015,0.0,BTC-22MAR20-7125-C,5981.37,166.5,0.0005,0.1,0.0025,15.0,218.96,0.21233,-6.8011,0.00448,0.00013,0.0324
5977.4,SYN.BTC-24APR20,1584788341308,open,0.45,0.0,0.387,0.474,0.43440256,148.89,0.395,0.0,BTC-24APR20-3500-C,5981.37,0.0,0.0005,0.5,0.0,0.0,0.0,2.70087,-5.93557,2.69529,5e-05,0.92025
5977.4,SYN.BTC-24APR20,1584788341309,open,0.53,0.0,0.471,0.5455,0.51093969,162.62,None,0.0,BTC-24APR20-3000-C,5981.37,0.0,0.002,10.0,0.0,0.0,0.0,1.89551,-4.54957,2.43251,4e-05,0.94942
5978.82,SYN.BTC-22MAR20,1584788341308,open,0.16,0.0,0.1245,0.27,0.19291539,191.11,None,0.0,BTC-22MAR20-7125-P,5981.37,0.0,0.0005,0.5,0.0,0.0,0.0,0.22021,-21.04226,-0.16626,0.00013,-0.96614
5977.4,SYN.BTC-24APR20,1584788341308,open,0.0,1507.0,0.0005,0.016,0.00106945,184.54,0.001,0.0,BTC-24APR20-28000-C,5981.37,171.8,0.0005,17.1,0.002,25.0,197.06,0.3476,-0.94679,0.032,1e-05,0.00684
5978.82,SYN.BTC-22MAR20,1584788341308,open,0.01,19.5,0.0005,0.0285,0.00331949,155.79,0.0115,0.0,BTC-22MAR20-6625-C,5981.37,129.74,0.0015,20.0,0.0055,33.0,179.05,0.49743,-19.84665,0.01324,0.00037,0.09564
5977.4,SYN.BTC-24APR20,1584788341310,open,0.65,14.5,0.587,0.8095,0.6941583,127.16,0.9535,0.0,BTC-24APR20-10000-P,5981.37,91.45,0.6775,5.0,0.0,0.0,0.0,3.81611,-7.16212,-8.68711,9e-05,-0.87175
5978.82,SYN.BTC-22MAR20,1584788341308,open,0.1,0.0,0.0655,0.2045,0.1310175,157.52,None,0.0,BTC-22MAR20-6750-P,5981.37,0.0,0.0005,0.2,0.0,0.0,0.0,0.36032,-28.3789,-0.15326,0.00027,-0.93746
5977.62,SYN.BTC-23MAR20,1584788341308,open,3.0,0.0015,0.0935,0.03791067,125.71,0.04,0.0,BTC-23MAR20-6000-P,5981.37,117.28,0.0355,26.0,0.045,20.0,150.5,1.7095,-57.28749,-0.1648,0.00074,-0.49857
5973.96,SYN.BTC-3APR20,1584788341310,open,0.25,0.0,0.199,0.369,0.28275034,132.76,None,0.0,BTC-3APR20-7500-P,5981.37,0.0,0.0005,1.0,0.0,0.0,0.0,3.28244,-16.92301,-2.24919,0.0002,-0.78455
5973.96,SYN.BTC-3APR20,1584788341309,open,0.09,30.4,0.0405,0.1615,0.09947161,129.86,0.0945,0.0,BTC-3APR20-6000-P,5981.37,122.52,0.094,25.9,0.104,19.9,135.94,4.45202,-22.45149,-1.17593,0.00027,-0.45854
5977.4,SYN.BTC-24APR20,1584788341310,open,2.25,0.0,2.157,2.5655,2.34826497,164.24,2.4195,0.0,BTC-24APR20-20000-P,5981.37,0.0,0.0,0.0,0.0,0.0,0.0,0.69933,-1.69528,-18.49036,1e-05,-0.98475
5977.4,SYN.BTC-24APR20,1584788341308,open,0.24,1056.5,0.178,0.3455,0.26243823,124.39,0.312,0.0,BTC-24APR20-7000-P,5981.37,0.0,0.055,0.1,1.172,0.1,500.0,7.07954,-12.99804,-4.72839,0.00017,-0.58989
5978.82,SYN.BTC-22MAR20,1584788341308,open,0.0,7.2,0.0005,0.018,0.0017977,188.64,0.0025,0.0,BTC-22MAR20-7000-C,5981.37,182.28,0.0015,2.0,0.002,0.4,192.63,0.29437,-10.74811,0.00669,0.00018,0.04842
5978.82,SYN.BTC-22MAR20,1584788341308,open,0.0,104.8,0.0005,0.023,0.00196479,156.4,0.0045,0.0,BTC-22MAR20-6750-C,5981.37,137.07,0.001,34.5,0.0045,33.0,190.4,0.35397,-11.74709,0.00849,0.00026,0.06113
5977.62,SYN.BTC-23MAR20,1584788341308,open,7.0,0.0005,0.0695,0.02571271,126.92,0.031,0.0,BTC-23MAR20-6125-C,5981.37,109.94,0.021,28.0,0.0295,20.0,140.45,1.66783,-56.42905,0.11868,0.00072,0.41208
5978.82,SYN.BTC-22MAR20,1584788341308,open,0.0,30.9,0.0005,0.0155,0.00074498,218.85,0.0005,0.0,BTC-22MAR20-7500-C,5981.37,206.97,0.0005,19.9,0.001,1.0,228.75,0.13969,-4.45409,0.00271,7e-05,0.01965
5977.4,SYN.BTC-24APR20,1584788341308,open,2.9,0.0,2.788,3.276,3.01675629,176.83,None,0.0,BTC-24APR20-24000-P,5981.37,0.0,0.0005,0.1,0.0,0.0,0.0,0.50282,-1.31231,-22.22571,1e-05,-0.98959
5973.96,SYN.BTC-3APR20,1584788341308,open,0.04,30.9,0.005,0.072,0.03420981,132.68,0.0525,0.0,BTC-3APR20-7250-C,5981.37,127.31,0.031,10.0,0.037,23.4,137.24,3.61844,-18.643,0.46973,0.00022,0.25711
5978.82,SYN.BTC-22MAR20,1584788341309,open,0.0,8.9,0.0005,0.0325,0.00446074,178.26,0.005,0.0,BTC-22MAR20-5375-P,5981.37,160.24,0.003,32.0,0.0065,20.0,199.64,0.52624,-26.66996,-0.01546,0.00034,-0.1033
5973.96,SYN.BTC-3APR20,1584788341310,open,0.02,70.7,0.0025,0.051,0.02073547,151.82,0.019,0.0,BTC-3APR20-4500-P,5981.37,143.35,0.0175,36.0,0.0245,36.0,161.13,2.34733,-13.83876,-0.3133,0.00012,-0.12793
5973.96,SYN.BTC-3APR20,1584788341310,open,0.04,4.6,0.011,0.094,0.04793604,137.94,0.036,0.0,BTC-3APR20-5250-P,5981.37,133.14,0.045,0.2,0.051,23.2,142.9,3.67474,-19.68381,-0.65936,0.00021,-0.26495
5977.4,SYN.BTC-24APR20,1584788341309,open,1.12,0.5,1.054,1.329,1.18337215,140.47,0.869,0.0,BTC-24APR20-13000-P,5981.37,0.0,0.0005,0.1,0.0,0.0,0.0,2.01481,-4.17746,-11.8095,4e-05,-0.94537
5978.82,SYN.BTC-22MAR20,1584788341309,open,0.14,0.0,0.105,0.2485,0.17266718,190.04,None,0.0,BTC-22MAR20-7000-P,5981.37,0.0,0.0005,0.5,0.0,0.0,0.0,0.3007,-28.57221,-0.16108,0.00018,-0.95028
5973.96,SYN.BTC-3APR20,1584788341309,open,0.22,0.0,0.166,0.331,0.24785673,132.75,None,0.0,BTC-3APR20-7250-P,5981.37,0.0,0.0005,0.1,0.0,0.0,0.0,3.61965,-18.65992,-2.08752,0.00022,-0.74272
5977.4,SYN.BTC-24APR20,1584788341308,open,1.61,0.0,1.526,1.8575,1.68132812,152.58,None,0.0,BTC-24APR20-16000-P,5981.37,0.0,0.0,0.0,0.0,0.0,0.0,1.22752,-2.76447,-14.71045,2e-05,-0.97034
5978.82,SYN.BTC-22MAR20,1584788341308,open,0.18,0.0,0.1445,0.2915,0.21381671,206.25,None,0.0,BTC-22MAR20-7250-P,5981.37,0.0,0.0005,0.5,0.0,0.0,0.0,0.20803,-21.45307,-0.16958,0.00012,-0.9684
5977.4,SYN.BTC-24APR20,1584788341309,open,0.5,215.8,0.4385,0.6455,0.53942944,125.54,0.74,0.0,BTC-24APR20-9000-P,5981.37,0.0,0.0,0.0,0.0,0.0,0.0,4.93778,-9.14974,-7.48745,0.00012,-0.81024
5973.96,SYN.BTC-3APR20,1584788341309,open,0.02,41.1,0.004,0.0615,0.02694349,144.99,0.027,0.0,BTC-3APR20-4750-P,5981.37,136.31,0.023,35.7,0.0315,35.7,154.59,2.77449,-15.62114,-0.40243,0.00015,-0.16402
5977.4,SYN.BTC-24APR20,1584788341309,open,1.28,0.0,1.211,1.504,1.34861035,143.61,None,0.0,BTC-24APR20-14000-P,5981.37,0.0,0.0,0.0,0.0,0.0,0.0,1.63667,-3.46927,-12.7955,3e-05,-0.95787
5978.82,SYN.BTC-22MAR20,1584788341308,open,0.02,24.0,0.0005,0.099,0.0386929,124.17,0.04,0.0,BTC-22MAR20-6125-P,5981.37,117.61,0.0375,1.5,0.043,1.5,147.46,1.09231,-67.81718,-0.0978,0.00103,-0.6431
5977.62,SYN.BTC-23MAR20,1584788341309,open,0.0,0.067,0.21,0.13596343,146.02,None,0.0,BTC-23MAR20-6750-P,5981.37,0.0,0.1025,3.0,0.164,3.0,276.91,0.92469,-35.99205,-0.30785,0.00034,-0.8662
5977.4,SYN.BTC-24APR20,1584788341309,open,0.01,375.4,0.0005,0.029,0.01050595,134.69,0.016,0.0,BTC-24APR20-12000-C,5981.37,130.75,0.009,25.0,0.012,20.0,138.3,2.38242,-4.73629,0.3172,5e-05,0.06768
5978.82,SYN.BTC-22MAR20,1584788341309,open,0.0,1.2,0.0005,0.0385,0.00582992,162.88,0.0065,0.0,BTC-22MAR20-5500-P,5981.37,144.81,0.004,31.0,0.0085,20.0,185.9,0.64769,-34.85605,-0.02073,0.00046,-0.1387
5973.96,SYN.BTC-3APR20,1584788341308,open,0.11,15.1,0.0385,0.1455,0.09507415,129.81,0.093,0.0,BTC-3APR20-6000-C,5981.37,122.34,0.0895,27.2,0.1,27.2,136.43,4.45204,-22.4428,0.94066,0.00027,0.54144
5977.62,SYN.BTC-23MAR20,1584788341309,open,22.3,0.0005,0.0675,0.02151211,133.8,0.0255,0.0,BTC-23MAR20-5750-P,5981.37,120.07,0.018,28.0,0.026,20.0,151.03,1.54301,-55.03383,-0.10656,0.00063,-0.32538
5977.4,SYN.BTC-24APR20,1584788341308,open,0.3,216.2,0.2355,0.4155,0.32579284,124.41,0.5588,0.0,BTC-24APR20-7500-P,5981.37,0.0,0.0,0.0,0.0,0.0,0.0,6.6812,-12.26809,-5.46224,0.00016,-0.65881
5977.62,SYN.BTC-23MAR20,1584788341308,open,0.0,0.0485,0.1885,0.11669238,140.0,None,0.0,BTC-23MAR20-6625-P,5981.37,0.0,0.0845,4.0,0.144,4.0,260.03,1.06338,-39.68437,-0.29237,0.00041,-0.83508
5977.4,SYN.BTC-24APR20,1584788341309,open,0.81,0.1,0.7415,0.9805,0.85513705,131.42,0.93,0.0,BTC-24APR20-11000-P,5981.37,0.0,0.0005,0.1,0.0,0.0,0.0,3.02726,-5.8722,-9.77629,7e-05,-0.90711
5977.4,SYN.BTC-24APR20,1584788341309,open,0.96,0.0,0.897,1.1535,1.01816077,134.92,None,0.0,BTC-24APR20-12000-P,5981.37,0.0,0.0,0.0,0.0,0.0,0.0,2.39402,-4.76752,-10.81815,5e-05,-0.93189
5977.62,SYN.BTC-23MAR20,1584788341309,open,10.0,0.0005,0.051,0.01424107,131.2,0.015,0.0,BTC-23MAR20-6375-C,5981.37,116.92,0.011,30.0,0.017,20.0,142.8,1.39534,-48.80048,0.0761,0.00058,0.26197
5977.62,SYN.BTC-23MAR20,1584788341308,open,0.0,0.0005,0.0595,0.01933322,129.41,None,0.0,BTC-23MAR20-6250-C,5981.37,112.47,0.015,29.0,0.023,20.0,143.34,1.55589,-53.67077,0.09609,0.00065,0.33216
5973.96,SYN.BTC-3APR20,1584788341310,open,0.19,5.0,0.1335,0.292,0.21251928,129.71,0.1385,0.0,BTC-3APR20-7000-P,5981.37,0.0,0.07,2.0,0.0,0.0,0.0,3.89219,-19.60536,-1.92622,0.00024,-0.70152
5973.96,SYN.BTC-3APR20,1584788341308,open,0.04,2.4,0.0035,0.0615,0.02725351,132.68,0.074,0.0,BTC-3APR20-7500-C,5981.37,123.76,0.0225,34.9,0.03,23.9,137.61,3.28069,-16.90297,0.39619,0.0002,0.21525
5973.96,SYN.BTC-3APR20,1584788341309,open,0.05,24.1,0.017,0.111,0.06035516,132.14,0.067,0.0,BTC-3APR20-5500-P,5981.37,124.93,0.0555,30.2,0.0655,22.2,139.75,4.03209,-20.69059,-0.80951,0.00024,-0.32378
5977.62,SYN.BTC-23MAR20,1584788341308,open,0.0,0.0005,0.0385,0.00833065,139.66,None,0.0,BTC-23MAR20-6625-C,5981.37,125.74,0.006,31.0,0.0105,20.0,151.39,1.06067,-39.4871,0.0479,0.00041,0.16427
5974.13,BTC-27MAR20,1584788341347,open,0.23,1075.5,0.1875,0.3515,0.26668127,147.15,0.264,0.0,BTC-27MAR20-7500-P,5981.37,65.48,0.2555,8.0,0.302,3.0,244.46,1.60602,-20.1107,-1.09286,0.00019,-0.8697
5977.4,SYN.BTC-24APR20,1584788341346,open,0.2,182.2,0.1235,0.2425,0.1897213,126.26,0.185,0.0,BTC-24APR20-5500-C,5981.37,121.14,0.184,19.9,0.1925,0.6,128.74,6.68258,-12.45315,2.60132,0.00016,0.65863
5974.13,BTC-27MAR20,1584788341349,open,0.23,1075.5,0.1875,0.3515,0.26668127,147.15,0.264,0.0,BTC-27MAR20-7500-P,5981.37,65.48,0.2555,3.0,0.302,3.0,244.46,1.60602,-20.1107,-1.09286,0.00019,-0.8697
5974.13,BTC-27MAR20,1584788341351,open,0.1,659.6,0.055,0.1945,0.12377349,135.14,0.1,0.0,BTC-27MAR20-6500-P,5981.37,129.15,0.121,0.5,0.1525,5.0,194.64,2.78432,-32.01841,-0.75159,0.00036,-0.65774
6015.61,BTC-25SEP20,1584788341356,open,0.28,197.1,0.2065,0.3855,0.29993747,108.03,0.275,0.0,BTC-25SEP20-6000-P,5981.37,105.04,0.292,6.4,0.307,5.0,110.69,15.95157,-4.58598,-20.06113,8e-05,-0.34795
5974.13,BTC-27MAR20,1584788341360,open,0.2,153.0,0.1195,0.2355,0.18341249,163.03,0.2035,0.0,BTC-27MAR20-5000-C,5981.37,118.42,0.171,10.0,0.2105,5.0,238.86,1.90019,-26.36245,0.62419,0.0002,0.83246
5974.13,BTC-27MAR20,1584788341364,open,0.03,1616.5,0.001,0.052,0.01870453,137.7,0.0195,0.0,BTC-27MAR20-7000-C,5981.37,134.34,0.0175,0.5,0.02,19.0,141.24,2.16104,-25.32234,0.18031,0.00027,0.20619
5989.24,BTC-26JUN20,1584788341366,open,0.07,634.8,0.0365,0.126,0.08024816,123.25,0.0775,0.0,BTC-26JUN20-4000-P,5981.37,120.71,0.077,25.6,0.0835,25.6,125.69,7.81522,-4.97162,-3.98286,7e-05,-0.17024
5989.24,BTC-26JUN20,1584788341371,open,0.22,413.0,0.154,0.317,0.23807252,117.12,0.2535,0.0,BTC-26JUN20-6000-P,5981.37,113.96,0.232,25.6,0.244,1.7,120.06,11.77243,-7.11633,-9.86843,0.00011,-0.38258
5977.62,SYN.BTC-23MAR20,1584788341386,open,0.0,0.0005,0.081,0.02934878,131.65,None,0.0,BTC-23MAR20-5875-P,5981.37,123.18,0.027,20.0,0.034,20.0,148.3,1.66464,-58.41918,-0.13459,0.00069,-0.40879
5977.62,SYN.BTC-23MAR20,1584788341393,open,0.0,0.0005,0.0385,0.00833515,139.66,None,0.0,BTC-23MAR20-6625-C,5981.37,125.74,0.006,31.0,0.011,20.0,153.98,1.06067,-39.4871,0.0479,0.00041,0.16427
6015.61,BTC-25SEP20,1584788341403,open,0.42,0.1,0.3365,0.4645,0.41013995,109.57,0.3815,0.0,BTC-25SEP20-4500-C,5981.37,105.07,0.4005,8.0,0.4195,24.3,113.95,12.87622,-3.7548,11.36146,6e-05,0.77706
5977.62,SYN.BTC-23MAR20,1584788341415,open,0.0,0.0025,0.096,0.04651553,131.46,None,0.0,BTC-23MAR20-5875-C,5981.37,104.53,0.039,21.3,0.051,15.3,147.7,1.66456,-58.33114,0.16736,0.00069,0.59129
5978.82,SYN.BTC-22MAR20,1584788341417,open,0.04,4.5,0.0005,0.07,0.02338882,128.25,0.031,0.0,BTC-22MAR20-6000-C,5981.37,108.44,0.0195,18.4,0.027,17.1,146.83,1.16794,-74.89264,0.06694,0.00106,0.49007
5973.96,SYN.BTC-3APR20,1584788341422,open,0.09,16.3,0.0255,0.1245,0.07641198,127.87,0.078,0.0,BTC-3APR20-6250-C,5981.37,120.64,0.071,29.0,0.0815,21.0,134.69,4.46588,-22.17631,0.83555,0.00028,0.47289
5977.4,SYN.BTC-24APR20,1584788341425,open,0.1,118.7,0.053,0.168,0.10986825,126.29,0.122,0.0,BTC-24APR20-5500-P,5981.37,122.36,0.1055,26.2,0.113,16.0,129.07,6.6826,-12.45691,-2.50348,0.00016,-0.34137
5973.96,SYN.BTC-3APR20,1584788341427,open,0.16,0.2,0.076,0.192,0.13968069,132.09,0.17,0.0,BTC-3APR20-5500-C,5981.37,124.43,0.1345,23.2,0.1465,23.2,142.2,4.03193,-20.68173,1.13079,0.00024,0.67625
5973.96,SYN.BTC-3APR20,1584788341429,open,0.13,0.2,0.055,0.1675,0.11583741,130.78,0.124,0.0,BTC-3APR20-5750-C,5981.37,122.72,0.11,25.8,0.1215,25.8,138.67,4.3061,-21.86881,1.04067,0.00026,0.60964
5977.62,SYN.BTC-23MAR20,1584788341431,open,0.0,0.0005,0.081,0.02934878,131.65,None,0.0,BTC-23MAR20-5875-P,5981.37,121.38,0.0265,7.0,0.034,20.0,148.3,1.66464,-58.41918,-0.13459,0.00069,-0.40879
5978.82,SYN.BTC-22MAR20,1584788341433,open,0.04,4.5,0.0005,0.07,0.02338882,128.25,0.031,0.0,BTC-22MAR20-6000-C,5981.37,108.44,0.0195,18.4,0.028,7.0,151.95,1.16794,-74.89264,0.06694,0.00106,0.49007
5973.96,SYN.BTC-3APR20,1584788341445,open,0.09,16.3,0.0255,0.1245,0.07641198,127.87,0.078,0.0,BTC-3APR20-6250-C,5981.37,120.64,0.071,29.0,0.0825,8.0,136.02,4.46588,-22.17631,0.83555,0.00028,0.47289
5977.4,SYN.BTC-24APR20,1584788341447,open,0.1,118.7,0.053,0.168,0.10986825,126.29,0.122,0.0,BTC-24APR20-5500-P,5981.37,122.36,0.1055,5.0,0.113,16.0,129.07,6.6826,-12.45691,-2.50348,0.00016,-0.34137
5977.62,SYN.BTC-23MAR20,1584788341457,open,0.0,0.0005,0.0385,0.00833515,139.66,None,0.0,BTC-23MAR20-6625-C,5981.37,125.74,0.006,31.0,0.0105,20.0,151.39,1.06067,-39.4871,0.0479,0.00041,0.16427
5973.96,SYN.BTC-3APR20,1584788341459,open,0.13,0.2,0.055,0.1675,0.11583741,130.78,0.124,0.0,BTC-3APR20-5750-C,5981.37,122.72,0.11,25.8,0.121,18.8,137.98,4.3061,-21.86881,1.04067,0.00026,0.60964
5978.82,SYN.BTC-22MAR20,1584788341460,open,0.02,18.6,0.0005,0.0825,0.0269317,128.55,0.0275,0.0,BTC-22MAR20-6000-P,5981.37,118.46,0.025,1.5,0.0325,20.0,156.85,1.16795,-75.07104,-0.077,0.00106,-0.50985
5977.4,SYN.BTC-24APR20,1584788341462,open,0.05,305.7,0.016,0.0875,0.04856362,131.73,0.047,0.0,BTC-24APR20-4500-P,5981.37,130.4,0.0475,0.5,0.05,0.3,133.5,4.81006,-9.35236,-1.27864,0.00011,-0.18191
5977.62,SYN.BTC-23MAR20,1584788341468,open,0.0,0.0005,0.0385,0.00833515,139.66,None,0.0,BTC-23MAR20-6625-C,5981.37,125.74,0.006,31.0,0.011,20.0,153.98,1.06067,-39.4871,0.0479,0.00041,0.16427
5973.96,SYN.BTC-3APR20,1584788341469,open,0.16,0.2,0.076,0.192,0.13968069,132.09,0.17,0.0,BTC-3APR20-5500-C,5981.37,124.43,0.1345,23.2,0.1465,6.0,142.2,4.03193,-20.68173,1.13079,0.00024,0.67625
5973.96,SYN.BTC-3APR20,1584788341471,open,0.13,0.2,0.055,0.1675,0.11583741,130.78,0.124,0.0,BTC-3APR20-5750-C,5981.37,122.72,0.11,25.8,0.1215,25.8,138.67,4.3061,-21.86881,1.04067,0.00026,0.60964
5973.96,SYN.BTC-3APR20,1584788341473,open,0.07,47.5,0.027,0.135,0.07834853,130.83,0.0535,0.0,BTC-3APR20-5750-P,5981.37,124.78,0.074,7.0,0.0835,21.1,137.96,4.30611,-21.87734,-0.98778,0.00026,-0.39037
5989.24,BTC-26JUN20,1584788341479,open,0.22,413.0,0.154,0.317,0.23807252,117.12,0.2535,0.0,BTC-26JUN20-6000-P,5981.37,113.96,0.232,25.6,0.2435,13.1,119.81,11.77243,-7.11633,-9.86843,0.00011,-0.38258
6015.61,BTC-25SEP20,1584788341481,open,0.42,0.1,0.3365,0.4645,0.41013995,109.57,0.3815,0.0,BTC-25SEP20-4500-C,5981.37,105.3,0.401,16.3,0.4195,24.3,113.95,12.87622,-3.7548,11.36146,6e-05,0.77706
5978.82,SYN.BTC-22MAR20,1584788341483,open,0.04,4.5,0.0005,0.07,0.02338882,128.25,0.031,0.0,BTC-22MAR20-6000-C,5981.37,108.44,0.0195,18.4,0.027,17.1,146.83,1.16794,-74.89264,0.06694,0.00106,0.49007
5973.96,SYN.BTC-3APR20,1584788341485,open,0.09,16.3,0.0255,0.1245,0.07641198,127.87,0.078,0.0,BTC-3APR20-6250-C,5981.37,120.64,0.071,29.0,0.0815,21.0,134.69,4.46588,-22.17631,0.83555,0.00028,0.47289
5977.4,SYN.BTC-24APR20,1584788341486,open,0.1,118.7,0.053,0.168,0.10986825,126.29,0.122,0.0,BTC-24APR20-5500-P,5981.37,122.36,0.1055,26.2,0.113,16.0,129.07,6.6826,-12.45691,-2.50348,0.00016,-0.34137
5973.96,SYN.BTC-3APR20,1584788341488,open,0.16,0.2,0.076,0.192,0.13968069,132.09,0.17,0.0,BTC-3APR20-5500-C,5981.37,124.43,0.1345,23.2,0.1465,23.2,142.2,4.03193,-20.68173,1.13079,0.00024,0.67625
5977.62,SYN.BTC-23MAR20,1584788341490,open,0.0,0.0005,0.081,0.02934878,131.65,None,0.0,BTC-23MAR20-5875-P,5981.37,121.38,0.0265,27.0,0.034,20.0,148.3,1.66464,-58.41918,-0.13459,0.00069,-0.40879
5977.62,SYN.BTC-23MAR20,1584788341491,open,0.0,0.0005,0.0385,0.00833515,139.66,None,0.0,BTC-23MAR20-6625-C,5981.37,125.74,0.006,31.0,0.0115,11.0,156.53,1.06067,-39.4871,0.0479,0.00041,0.16427
5973.96,SYN.BTC-3APR20,1584788341492,open,0.13,0.2,0.055,0.1675,0.11583741,130.78,0.124,0.0,BTC-3APR20-5750-C,5981.37,122.72,0.11,25.8,0.1215,7.0,138.67,4.3061,-21.86881,1.04067,0.00026,0.60964
5977.62,SYN.BTC-23MAR20,1584788341494,open,0.0,0.0005,0.0385,0.00833515,139.66,None,0.0,BTC-23MAR20-6625-C,5981.37,125.74,0.006,31.0,0.011,20.0,153.98,1.06067,-39.4871,0.0479,0.00041,0.16427
5973.96,SYN.BTC-3APR20,1584788341501,open,0.13,0.2,0.055,0.1675,0.11583741,130.78,0.124,0.0,BTC-3APR20-5750-C,5981.37,122.72,0.11,25.8,0.1215,25.8,138.67,4.3061,-21.86881,1.04067,0.00026,0.60964
5978.82,SYN.BTC-22MAR20,1584788341503,open,0.04,4.5,0.0005,0.07,0.02338882,128.25,0.031,0.0,BTC-22MAR20-6000-C,5981.37,108.44,0.0195,18.4,0.0275,17.1,149.39,1.16794,-74.89264,0.06694,0.00106,0.49007
5973.96,SYN.BTC-3APR20,1584788341505,open,0.09,16.3,0.0255,0.1245,0.07641198,127.87,0.078,0.0,BTC-3APR20-6250-C,5981.37,120.64,0.071,29.0,0.082,21.0,135.35,4.46588,-22.17631,0.83555,0.00028,0.47289
5973.96,SYN.BTC-3APR20,1584788341511,open,0.09,16.3,0.0255,0.1245,0.07641198,127.87,0.078,0.0,BTC-3APR20-6250-C,5981.37,120.64,0.071,29.0,0.0815,21.0,134.69,4.46588,-22.17631,0.83555,0.00028,0.47289
5973.96,SYN.BTC-3APR20,1584788341527,open,0.09,16.3,0.0255,0.1245,0.07641198,127.87,0.078,0.0,BTC-3APR20-6250-C,5981.37,120.64,0.071,29.0,0.082,21.0,135.35,4.46588,-22.17631,0.83555,0.00028,0.47289
5973.96,SYN.BTC-3APR20,1584788341534,open,0.09,16.3,0.0255,0.1245,0.07641198,127.87,0.078,0.0,BTC-3APR20-6250-C,5981.37,120.64,0.071,29.0,0.0815,21.0,134.69,4.46588,-22.17631,0.83555,0.00028,0.47289
5973.96,SYN.BTC-3APR20,1584788341540,open,0.09,16.3,0.0255,0.1245,0.07641198,127.87,0.078,0.0,BTC-3APR20-6250-C,5981.37,120.64,0.071,29.0,0.082,21.0,135.35,4.46588,-22.17631,0.83555,0.00028,0.47289
5973.96,SYN.BTC-3APR20,1584788341548,open,0.09,16.3,0.0255,0.1245,0.07641198,127.87,0.078,0.0,BTC-3APR20-6250-C,5981.37,120.64,0.071,29.0,0.0815,21.0,134.69,4.46588,-22.17631,0.83555,0.00028,0.47289
5974.13,BTC-27MAR20,1584788341560,open,0.0,1998.1,0.0005,0.0165,0.00182539,190.14,0.0015,0.0,BTC-27MAR20-10000-C,5981.37,175.3,0.001,73.2,0.003,16.0,205.12,0.39734,-6.42917,0.01938,4e-05,0.02197
5974.13,BTC-27MAR20,1584788341562,open,0.01,700.1,0.0005,0.023,0.00494057,166.4,0.0065,0.0,BTC-27MAR20-8500-C,5981.37,155.87,0.0035,25.0,0.0065,25.0,176.16,0.88914,-12.59049,0.05184,9e-05,0.05883
6015.61,BTC-25SEP20,1584788341564,open,0.22,173.1,0.13,0.2745,0.21092549,108.81,0.2055,0.0,BTC-25SEP20-8000-C,5981.37,107.29,0.2065,1.0,0.2145,9.0,110.09,17.21238,-4.98455,9.26388,8e-05,0.51004
5973.96,SYN.BTC-3APR20,1584788341567,open,0.09,16.3,0.0255,0.1245,0.07641198,127.87,0.078,0.0,BTC-3APR20-6250-C,5981.37,120.64,0.071,29.0,0.082,21.0,135.35,4.46588,-22.17631,0.83555,0.00028,0.47289
127.79,SYN.ETH-24APR20,1584788341565,open,0.17,295.0,0.117,0.2245,0.17865,139.6,0.173,0.0,ETH-24APR20-130-P,128.24,136.14,0.1745,254.0,0.192,254.0,150.77,0.15302,-0.3153,-0.07238,0.00723,-0.43161
127.79,SYN.ETH-24APR20,1584788341565,open,0.25,78.0,0.181,0.2715,0.240186,143.89,0.32,0.0,ETH-24APR20-110-C,128.24,132.12,0.228,48.0,0.2505,48.0,153.8,0.13269,-0.2818,0.05603,0.00608,0.71264
5973.96,SYN.BTC-3APR20,1584788341576,open,0.09,16.3,0.0255,0.1245,0.07641198,127.87,0.078,0.0,BTC-3APR20-6250-C,5981.37,120.64,0.071,29.0,0.0815,21.0,134.69,4.46588,-22.17631,0.83555,0.00028,0.47289
5974.13,BTC-27MAR20,1584788341578,open,0.05,503.7,0.0035,0.0775,0.03556944,134.62,0.035,0.0,BTC-27MAR20-6500-C,5981.37,129.21,0.033,20.0,0.0375,0.9,138.88,2.78181,-31.86735,0.29422,0.00036,0.34144
5978.82,SYN.BTC-22MAR20,1584788341600,open,0.02,24.0,0.0005,0.099,0.03864307,124.17,0.04,0.0,BTC-22MAR20-6125-P,5981.37,112.07,0.0365,1.5,0.043,1.5,147.46,1.09231,-67.81718,-0.0978,0.00103,-0.6431
5974.13,BTC-27MAR20,1584788341618,open,3.55,0.0,3.4205,3.9845,3.68687491,198.09,None,0.0,BTC-27MAR20-28000-P,5981.37,0.0,0.0,0.0,0.0,0.0,0.0,0.0,0.0,-4.50738,0.0,-1.0
5978.78,SYN.BTC-24APR20,1584788341669,open,1.28,0.0,1.211,1.504,1.34850352,145.14,None,0.0,BTC-24APR20-14000-P,5981.37,0.0,0.0,0.0,0.0,0.0,0.0,1.70372,-3.64974,-12.78602,4e-05,-0.95573
6014.11,BTC-25SEP20,1584788341724,open,0.51,182.1,0.42,0.654,0.54105602,108.84,0.525,0.0,BTC-25SEP20-8000-P,5981.37,103.58,0.526,4.8,0.5475,4.8,111.09,17.20815,-4.98463,-31.91838,8e-05,-0.49001
6014.11,BTC-25SEP20,1584788341729,open,0.31,189.8,0.22,0.3635,0.30227528,107.96,0.3185,0.0,BTC-25SEP20-6000-C,5981.37,104.29,0.2925,16.6,0.3105,24.6,111.07,15.95099,-4.58314,10.82146,8e-05,0.65185
5987.74,BTC-26JUN20,1584788341731,open,0.32,348.4,0.248,0.4395,0.34675776,115.58,0.3755,0.0,BTC-26JUN20-7000-P,5981.37,113.0,0.3415,19.2,0.356,1.3,120.06,12.29876,-7.33694,-13.23328,0.00011,-0.48587
5973.96,SYN.BTC-3APR20,1584788341745,open,0.09,30.4,0.0405,0.1615,0.0994416,129.86,0.0945,0.0,BTC-3APR20-6000-P,5981.37,122.52,0.094,6.0,0.104,19.9,135.94,4.45202,-22.45149,-1.17593,0.00027,-0.45854
5989.24,BTC-26JUN20,1584788341747,open,0.11,1059.6,0.0485,0.1605,0.10745259,117.08,0.124,0.0,BTC-26JUN20-9000-C,5981.37,114.78,0.103,0.4,0.1115,10.0,119.21,11.4797,-6.93684,3.92555,0.0001,0.35434
5974.13,BTC-27MAR20,1584788341782,open,3.88,0.0,3.7365,4.341,4.02165169,198.09,None,0.0,BTC-27MAR20-30000-P,5981.37,0.0,0.0,0.0,0.0,0.0,0.0,0.0,0.0,-4.82934,0.0,-1.0
5974.13,BTC-27MAR20,1584788341800,open,1.44,2.0,1.3685,1.6705,1.51083779,198.09,0.4565,0.0,BTC-27MAR20-15000-P,5981.37,0.0,0.0,0.0,0.0,0.0,0.0,0.0058,-0.09778,-2.41449,0.0,-0.9998
5974.13,BTC-27MAR20,1584788341804,open,1.28,69.5,1.2105,1.4925,1.34347207,198.09,2.8715,0.0,BTC-27MAR20-14000-P,5981.37,0.0,0.0,0.0,0.0,0.0,0.0,0.01475,-0.24862,-2.25319,0.0,-0.99945
5989.24,BTC-26JUN20,1584788341804,open,1.31,12.5,1.22,1.54,1.37339687,120.3,1.427,0.0,BTC-26JUN20-14000-P,5981.37,0.0,0.0005,0.1,0.0,0.0,0.0,7.01744,-4.35705,-35.43048,6e-05,-0.85547
5974.13,BTC-27MAR20,1584788341838,open,2.58,5.6,2.4735,2.9165,2.68254458,198.09,2.888,0.0,BTC-27MAR20-22000-P,5981.37,0.0,0.0,0.0,0.0,0.0,0.0,1e-05,-0.00014,-3.54151,0.0,-1.0
5989.24,BTC-26JUN20,1584788341840,open,2.91,0.0,2.7815,3.283,3.01670737,131.25,None,0.0,BTC-26JUN20-24000-P,5981.37,0.0,0.0005,1.0,0.0,0.0,0.0,2.8293,-1.91654,-63.16393,2e-05,-0.95681
5989.24,BTC-26JUN20,1584788341840,open,3.55,0.0,3.4105,3.989,3.68153791,134.52,None,0.0,BTC-26JUN20-28000-P,5981.37,0.0,0.0005,1.0,0.0,0.0,0.0,2.10684,-1.46273,-73.93982,2e-05,-0.96987
6015.54,BTC-25SEP20,1584788341840,open,4.19,1.0,4.022,4.692,4.33630536,118.23,7.779,0.0,BTC-25SEP20-32000-P,5981.37,0.0,0.0,0.0,0.0,0.0,0.0,5.20829,-1.63872,-163.34268,2e-05,-0.939
6015.54,BTC-25SEP20,1584788341840,open,3.55,0.0,3.3965,3.9895,3.6753127,115.47,None,0.0,BTC-25SEP20-28000-P,5981.37,0.0,0.0,0.0,0.0,0.0,0.0,6.08651,-1.87041,-142.45388,3e-05,-0.92537
6015.54,BTC-25SEP20,1584788341840,open,4.84,1.5,4.6475,5.3925,4.9969063,118.56,4.64,0.0,BTC-25SEP20-36000-P,5981.37,0.0,0.0,0.0,0.0,0.0,0.0,4.21164,-1.32888,-184.24144,2e-05,-0.95334
5989.24,BTC-26JUN20,1584788341850,open,4.2,3.0,4.04,4.697,4.34765231,137.67,6.119,0.0,BTC-26JUN20-32000-P,5981.37,0.0,0.0005,1.1,0.0,0.0,0.0,1.63931,-1.16484,-84.65262,1e-05,-0.97768
6015.54,BTC-25SEP20,1584788341854,open,2.28,1.4,2.1525,2.6015,2.36655528,112.55,2.526,0.0,BTC-25SEP20-20000-P,5981.37,0.0,0.0,0.0,0.0,0.0,0.0,9.56686,-2.86556,-99.93193,5e-05,-0.86084
6015.54,BTC-25SEP20,1584788341856,open,1.96,0.9,1.845,2.2585,2.04307933,111.28,2.2055,0.0,BTC-25SEP20-18000-P,5981.37,0.0,0.0,0.0,0.0,0.0,0.0,10.71866,-3.17443,-89.11193,5e-05,-0.83487
5974.13,BTC-27MAR20,1584788341855,open,0.23,1075.5,0.1875,0.3515,0.26642857,146.21,0.264,0.0,BTC-27MAR20-7500-P,5981.37,0.0,0.255,9.0,0.302,3.0,244.46,1.59073,-19.79143,-1.09434,0.00019,-0.87149
5989.24,BTC-26JUN20,1584788341861,open,3.23,0.0,3.096,3.6345,3.34827053,131.3,None,0.0,BTC-26JUN20-26000-P,5981.37,0.0,0.0005,1.0,0.0,0.0,0.0,2.29738,-1.55682,-68.58922,2e-05,-0.96654
5978.82,SYN.BTC-22MAR20,1584788341862,open,0.06,2.5,0.0005,0.0865,0.03614391,136.92,0.0605,0.0,BTC-22MAR20-5875-C,5981.37,109.44,0.031,6.0,0.0445,7.5,181.45,1.11865,-76.58062,0.08317,0.00095,0.6159
5974.13,BTC-27MAR20,1584788341864,open,4.53,0.0,4.368,5.053,4.69120525,198.09,None,0.0,BTC-27MAR20-34000-P,5981.37,0.0,0.0,0.0,0.0,0.0,0.0,0.0,0.0,-5.47325,0.0,-1.0
5974.13,BTC-27MAR20,1584788341864,open,2.9,0.0,2.7895,3.2725,3.01732135,198.09,None,0.0,BTC-27MAR20-24000-P,5981.37,0.0,0.0005,1.1,0.0,0.0,0.0,0.0,-2e-05,-3.86347,0.0,-1.0
6015.54,BTC-25SEP20,1584788341871,open,1.65,3.4,1.541,1.921,1.72483133,110.96,2.028,0.0,BTC-25SEP20-16000-P,5981.37,0.0,0.0,0.0,0.0,0.0,0.0,12.19286,-3.60063,-78.08348,6e-05,-0.79695
5974.13,BTC-27MAR20,1584788341871,open,4.2,0.0,4.0525,4.697,4.35642847,198.09,None,0.0,BTC-27MAR20-32000-P,5981.37,0.0,0.0,0.0,0.0,0.0,0.0,0.0,0.0,-5.15129,0.0,-1.0
5989.24,BTC-26JUN20,1584788341883,open,1.94,1.0,1.8415,2.23,2.02466722,125.07,0.9,0.0,BTC-26JUN20-18000-P,5981.37,0.0,0.0005,1.0,0.0,0.0,0.0,4.71344,-3.04265,-46.76244,4e-05,-0.91707
5989.24,BTC-26JUN20,1584788341883,open,2.59,0.0,2.469,2.933,2.68672767,132.27,None,0.0,BTC-26JUN20-22000-P,5981.37,0.0,0.0005,0.1,0.0,0.0,0.0,3.59748,-2.45601,-57.67701,3e-05,-0.94162
5974.13,BTC-27MAR20,1584788341893,open,1.93,0.0,1.842,2.2045,2.01299153,198.09,1.23,0.0,BTC-27MAR20-18000-P,5981.37,0.0,0.0125,1.0,0.0,0.0,0.0,0.00034,-0.00578,-2.89759,0.0,-0.99999
5974.13,BTC-27MAR20,1584788341912,open,2.25,3.0,2.158,2.5605,2.34776786,198.09,2.2095,0.0,BTC-27MAR20-20000-P,5981.37,0.0,0.0,0.0,0.0,0.0,0.0,5e-05,-0.00089,-3.21956,0.0,-1.0
5974.13,BTC-27MAR20,1584788341930,open,5.5,0.8,5.3155,6.121,5.69553558,199.22,5.8915,0.0,BTC-27MAR20-40000-P,5981.37,0.0,0.0,0.0,0.0,0.0,0.0,0.0,0.0,-6.43912,0.0,-1.0
5974.13,BTC-27MAR20,1584788341932,open,1.6,21.1,1.5265,1.8485,1.67821839,198.09,2.255,0.0,BTC-27MAR20-16000-P,5981.37,0.0,0.0,0.0,0.0,0.0,0.0,0.00226,-0.03815,-2.57558,0.0,-0.99993
5974.13,BTC-27MAR20,1584788341932,open,4.85,0.1,4.684,5.409,5.02598203,198.12,5.7275,0.0,BTC-27MAR20-36000-P,5981.37,0.0,0.0,0.0,0.0,0.0,0.0,0.0,0.0,-5.79521,0.0,-1.0
6015.54,BTC-25SEP20,1584788341934,open,1.35,103.4,1.24,1.585,1.4089328,109.28,1.7,0.0,BTC-25SEP20-14000-P,5981.37,0.0,0.0005,0.1,0.0,0.0,0.0,13.61291,-3.95892,-66.95584,7e-05,-0.75347
6015.54,BTC-25SEP20,1584788342033,open,0.11,548.1,0.048,0.1645,0.10876643,108.82,0.12,0.0,BTC-25SEP20-12000-C,5981.37,105.93,0.1015,18.7,0.1135,6.4,110.68,15.23866,-4.41317,6.24937,8e-05,0.3106
6015.54,BTC-25SEP20,1584788342035,open,0.01,388.9,0.0005,0.0325,0.01247579,118.66,0.0145,0.0,BTC-25SEP20-36000-C,5981.37,115.69,0.0105,21.1,0.015,8.0,122.04,4.22661,-1.33471,1.06486,2e-05,0.04687
6015.54,BTC-25SEP20,1584788342037,open,0.07,502.5,0.0215,0.111,0.06445531,110.67,0.06,0.0,BTC-25SEP20-16000-C,5981.37,109.44,0.062,0.5,0.067,6.4,111.92,12.14883,-3.57807,4.25359,6e-05,0.20183
127.83,ETH-27MAR20,1584788342054,open,0.18,116.0,0.1175,0.185,0.167962,169.48,0.1115,0.0,ETH-27MAR20-110-C,128.24,149.86,0.161,60.0,0.181,26.0,203.74,0.04675,-0.67429,0.0128,0.01049,0.78991
5977.4,SYN.BTC-24APR20,1584788342098,open,0.06,506.6,0.017,0.096,0.05522691,124.55,0.068,0.0,BTC-24APR20-8000-C,5981.37,120.91,0.0515,33.4,0.059,16.0,128.2,6.14581,-11.29837,1.25535,0.00015,0.2815
5974.13,BTC-27MAR20,1584788342112,open,0.01,547.5,0.0005,0.0375,0.01101564,146.21,0.0125,0.0,BTC-27MAR20-7500-C,5981.37,140.34,0.0095,25.0,0.0125,25.0,151.63,1.59073,-19.79143,0.113,0.00019,0.12851
5980.29,SYN.BTC-22MAR20,1584788342142,open,0.06,2.5,0.0005,0.0865,0.03614391,136.39,0.0605,0.0,BTC-22MAR20-5875-C,5981.37,122.19,0.0335,1.5,0.0445,7.5,180.74,1.11741,-76.20432,0.08343,0.00095,0.61764
127.82,SYN.ETH-3APR20,1584788342233,open,0.26,0.0,0.2045,0.382,0.291589,153.22,None,0.0,ETH-3APR20-160-P,128.24,120.32,0.273,60.0,0.3105,60.0,182.7,0.07821,-0.46537,-0.04641,0.00886,-0.73775
127.82,SYN.ETH-3APR20,1584788342233,open,0.33,0.0,0.2685,0.453,0.358035,153.39,None,0.0,ETH-3APR20-170-P,128.24,119.53,0.3425,59.0,0.3805,59.0,192.28,0.06697,-0.3989,-0.05227,0.00758,-0.80119
127.82,SYN.ETH-3APR20,1584788342233,open,0.2,12.0,0.1455,0.3125,0.228205,151.09,0.135,0.0,ETH-3APR20-150-P,128.24,127.53,0.2125,103.0,0.2445,103.0,174.4,0.08761,-0.51406,-0.04021,0.01006,-0.66349
5989.32,BTC-26JUN20,1584788342315,open,0.86,0.5,0.7695,1.04,0.90250295,117.53,1.05,0.0,BTC-26JUN20-11000-P,5981.85,0.0,0.0005,3.0,0.0,0.0,0.0,9.6263,-5.83927,-26.40295,9e-05,-0.75843
5974.38,BTC-27MAR20,1584788342315,open,0.55,33.1,0.5005,0.6965,0.59330436,190.42,1.108,0.0,BTC-27MAR20-9500-P,5981.85,0.0,0.0005,5.0,0.0,0.0,0.0,0.59963,-9.71674,-1.49771,5e-05,-0.96398
5989.32,BTC-26JUN20,1584788342316,open,1.16,0.1,1.068,1.3715,1.21464399,119.88,1.729,0.0,BTC-26JUN20-13000-P,5981.85,0.0,0.0005,1.1,1.792,0.1,432.02,7.86928,-4.86911,-32.46941,7e-05,-0.82792
5974.86,BTC-27MAR20,1584788342316,open,1.11,12.0,1.0525,1.3145,1.17614972,222.49,1.485,0.0,BTC-27MAR20-13000-P,5981.85,0.0,0.1,1.0,0.0,0.0,0.0,0.09961,-1.88588,-2.08875,1e-05,-0.99551
5974.86,BTC-27MAR20,1584788342317,open,0.87,0.1,0.8165,1.0485,0.92594504,219.66,0.6,0.0,BTC-27MAR20-11500-P,5981.85,0.0,0.0005,2.0,0.0,0.0,0.0,0.26298,-4.91552,-1.83938,2e-05,-0.98645
5974.86,BTC-27MAR20,1584788342317,open,0.47,766.9,0.4215,0.6105,0.51053105,181.4,0.388,0.0,BTC-27MAR20-9000-P,5981.85,0.0,0.04,0.2,0.0,0.0,0.0,0.75641,-11.67648,-1.40672,7e-05,-0.95203
6016.02,BTC-25SEP20,1584788342317,open,0.18,361.9,0.1005,0.24,0.17721178,108.83,0.183,0.0,BTC-25SEP20-9000-C,5981.85,104.7,0.1655,22.6,0.1805,9.0,109.99,17.084,-4.94815,8.44951,8e-05,0.45007
5974.86,BTC-27MAR20,1584788342317,open,0.39,917.1,0.343,0.5235,0.42774188,167.59,0.3825,0.0,BTC-27MAR20-8500-P,5981.85,0.0,0.2905,5.0,0.435,0.1,204.59,0.90758,-12.94298,-1.31515,9e-05,-0.93961
5974.86,BTC-27MAR20,1584788342317,open,4.2,0.0,4.0535,4.698,4.35642847,453.32,None,0.0,BTC-27MAR20-32000-P,5981.85,0.0,0.0,0.0,0.0,0.0,0.0,0.09516,-3.67077,-5.14782,0.0,-0.99573
5974.86,BTC-27MAR20,1584788342317,open,0.79,251.7,0.7375,0.96,0.84211241,203.74,1.07,0.0,BTC-27MAR20-11000-P,5981.85,0.0,0.5635,5.0,0.0,0.0,0.0,0.25064,-4.34555,-1.75946,2e-05,-0.98719
5974.86,BTC-27MAR20,1584788342318,open,3.55,0.0,3.422,3.986,3.68687491,417.66,None,0.0,BTC-27MAR20-28000-P,5981.85,0.0,0.0,0.0,0.0,0.0,0.0,0.09031,-3.20978,-4.50406,0.0,-0.99597
6016.02,BTC-25SEP20,1584788342318,open,0.77,257.4,0.6725,0.9485,0.81248426,109.0,0.81,0.0,BTC-25SEP20-10000-P,5981.85,0.0,0.01,1.0,0.955,0.5,159.17,16.65193,-4.83049,-43.80433,8e-05,-0.6021
5974.86,BTC-27MAR20,1584788342318,open,4.85,0.1,4.685,5.4105,5.02598203,484.97,5.7275,0.0,BTC-27MAR20-36000-P,5981.85,0.0,0.0,0.0,0.0,0.0,0.0,0.10004,-4.12842,-5.79157,0.0,-0.99549
5989.32,BTC-26JUN20,1584788342318,open,1.63,2.9,1.53,1.884,1.69795946,123.51,1.776,0.0,BTC-26JUN20-16000-P,5981.85,0.0,0.0005,0.9,0.0,0.0,0.0,5.80517,-3.70064,-41.13798,5e-05,-0.88992
5974.86,BTC-27MAR20,1584788342318,open,4.53,0.0,4.3695,5.054,4.69120525,469.59,None,0.0,BTC-27MAR20-34000-P,5981.85,0.0,0.0,0.0,0.0,0.0,0.0,0.0976,-3.89999,-5.4697,0.0,-0.99561
5974.86,BTC-27MAR20,1584788342318,open,5.5,0.8,5.317,6.1225,5.69553558,500.0,5.8915,0.0,BTC-27MAR20-40000-P,5981.85,0.0,0.0,0.0,0.0,0.0,0.0,0.08338,-3.54786,-6.43616,0.0,-0.99632
5974.86,BTC-27MAR20,1584788342318,open,3.23,0.0,3.105,3.6285,3.35209813,397.95,None,0.0,BTC-27MAR20-26000-P,5981.85,0.0,0.0,0.0,0.0,0.0,0.0,0.08794,-2.97787,-4.18218,0.0,-0.99609
5974.86,BTC-27MAR20,1584788342319,open,3.88,0.0,3.7375,4.342,4.02165169,436.06,None,0.0,BTC-27MAR20-30000-P,5981.85,0.0,0.0,0.0,0.0,0.0,0.0,0.09272,-3.44072,-4.82594,0.0,-0.99585
5989.8,BTC-26JUN20,1584788342319,open,3.88,5.5,3.7255,4.342,4.01416133,136.57,5.702,0.0,BTC-26JUN20-30000-P,5981.85,0.0,0.0005,1.0,0.0,0.0,0.0,1.88204,-1.3266,-79.29543,1e-05,-0.97369
6016.02,BTC-25SEP20,1584788342319,open,0.64,277.0,0.542,0.7985,0.6733194,108.87,0.6195,0.0,BTC-25SEP20-9000-P,5981.85,0.0,0.1,1.0,1.18,0.1,313.54,17.08464,-4.94997,-37.8755,8e-05,-0.54981
5978.78,SYN.BTC-24APR20,1584788342315,open,1.61,0.0,1.526,1.8575,1.68120569,154.89,None,0.0,BTC-24APR20-16000-P,5981.85,0.0,0.0,0.0,0.0,0.0,0.0,1.31213,-2.99971,-14.69942,3e-05,-0.96786
5978.78,SYN.BTC-24APR20,1584788342316,open,2.9,0.0,2.788,3.2755,3.01657199,184.48,None,0.0,BTC-24APR20-24000-P,5981.85,0.0,0.0005,0.1,0.0,0.0,0.0,0.65776,-1.79105,-22.20885,1e-05,-0.98581
6016.02,BTC-25SEP20,1584788342321,open,2.91,16.1,2.774,3.2925,3.01886503,114.7,3.1855,0.0,BTC-25SEP20-24000-P,5981.85,0.0,0.0,0.0,0.0,0.0,0.0,7.68726,-2.34649,-121.28886,4e-05,-0.89796
5989.8,BTC-26JUN20,1584788342321,open,2.26,0.1,2.154,2.5815,2.35518319,129.2,1.85,0.0,BTC-26JUN20-20000-P,5981.85,0.0,0.0005,1.0,0.0,0.0,0.0,4.1264,-2.75163,-52.23275,3e-05,-0.93037
5978.78,SYN.BTC-24APR20,1584788342315,open,3.55,2.0,3.419,3.9855,3.68538229,198.64,4.2765,0.0,BTC-24APR20-28000-P,5981.85,0.0,0.0,0.0,0.0,0.0,0.0,0.57969,-1.69961,-25.93073,1e-05,-0.98774
5978.78,SYN.BTC-24APR20,1584788342315,open,2.25,0.0,2.157,2.5655,2.34811151,169.08,2.4195,0.0,BTC-24APR20-20000-P,5981.85,0.0,0.0,0.0,0.0,0.0,0.0,0.82381,-2.05593,-18.47595,1e-05,-0.98154
5980.29,SYN.BTC-22MAR20,1584788342315,open,0.01,9.4,0.0005,0.0685,0.01877965,137.69,0.022,0.0,BTC-22MAR20-5875-P,5981.85,128.15,0.017,0.5,0.022,20.9,154.85,1.11814,-76.978,-0.05767,0.00095,-0.38319
5978.78,SYN.BTC-24APR20,1584788342316,open,1.12,0.5,1.054,1.329,1.18327324,141.62,0.869,0.0,BTC-24APR20-13000-P,5981.85,0.0,0.0005,0.1,0.0,0.0,0.0,2.07067,-4.32842,-11.80108,4e-05,-0.94346
128.11,SYN.ETH-23MAR20,1584788342340,open,0.0,0.0005,0.0405,0.0128,149.5,None,0.0,ETH-23MAR20-140-C,128.24,125.32,0.008,334.0,0.0175,287.0,170.76,0.02714,-1.08164,0.00136,0.02153,0.21928
128.11,SYN.ETH-23MAR20,1584788342341,open,0.0,0.069,0.21,0.140308,158.56,None,0.0,ETH-23MAR20-145-P,128.24,0.0,0.0905,17.0,0.176,17.0,316.06,0.02149,-0.90846,-0.00651,0.01607,-0.84915
128.11,SYN.ETH-23MAR20,1584788342340,open,0.0,0.0005,0.0565,0.018585,135.73,None,0.0,ETH-23MAR20-135-C,128.24,123.39,0.0155,273.0,0.027,273.0,168.0,0.0325,-1.17573,0.00193,0.02839,0.31213
128.11,SYN.ETH-23MAR20,1584788342341,open,20.0,0.0005,0.028,0.008107,156.44,0.01,0.0,ETH-23MAR20-145-C,128.24,132.04,0.0045,297.0,0.012,297.0,178.3,0.02115,-0.8819,0.00092,0.01603,0.14724
128.11,SYN.ETH-23MAR20,1584788342340,open,0.0,0.0005,0.0525,0.016408,146.06,None,0.0,ETH-23MAR20-120-P,128.24,123.71,0.0115,326.0,0.0225,285.0,172.07,0.02914,-1.13438,-0.00175,0.02365,-0.24924
5978.78,SYN.BTC-24APR20,1584788342345,open,0.1,118.7,0.053,0.168,0.10986825,126.36,0.122,0.0,BTC-24APR20-5500-P,5981.85,122.45,0.1055,26.2,0.1125,16.0,128.72,6.68254,-12.46351,-2.50271,0.00016,-0.34116
5989.8,BTC-26JUN20,1584788342350,open,0.44,381.1,0.3615,0.5775,0.4716869,115.6,0.4,0.0,BTC-26JUN20-8000-P,5981.85,62.33,0.3725,0.1,0.8,6.1,282.14,12.09481,-7.21644,-16.63366,0.00011,-0.57461
5978.78,SYN.BTC-24APR20,1584788342351,open,0.65,14.5,0.587,0.8095,0.6940838,127.6,0.9535,0.0,BTC-24APR20-10000-P,5981.85,89.15,0.6765,5.0,0.0,0.0,0.0,3.84276,-7.23756,-8.68176,9e-05,-0.8705
5978.78,SYN.BTC-24APR20,1584788342360,open,0.24,1056.5,0.178,0.3455,0.26240158,124.53,0.312,0.0,BTC-24APR20-7000-P,5981.85,0.0,0.055,0.1,1.171,0.1,500.0,7.08321,-13.01893,-4.72655,0.00017,-0.5894
127.83,ETH-27MAR20,1584788342405,open,1.9,0.0,1.8855,2.0635,1.972704,221.9,None,0.0,ETH-27MAR20-380-P,128.3,0.0,0.0,0.0,0.0,0.0,0.0,6e-05,-0.00117,-0.06117,1e-05,-0.9999
127.83,ETH-27MAR20,1584788342405,open,0.99,7.0,0.9745,1.096,1.034684,221.44,1.163,0.0,ETH-27MAR20-260-P,128.3,0.0,0.0,0.0,0.0,0.0,0.0,0.00375,-0.07069,-0.04169,0.00064,-0.9915
138.41,SYN.ETH-25SEP20,1584788342405,open,0.06,523.0,0.022,0.1065,0.061621,121.01,0.07,0.0,ETH-25SEP20-440-C,128.3,115.51,0.0515,298.0,0.0725,353.0,126.51,0.26468,-0.08524,0.0876,0.00222,0.18457
127.83,ETH-27MAR20,1584788342405,open,1.29,0.0,1.278,1.4185,1.347013,221.77,None,0.0,ETH-27MAR20-300-P,128.3,0.0,0.0,0.0,0.0,0.0,0.0,0.00099,-0.01869,-0.04826,0.00017,-0.99808
127.83,ETH-27MAR20,1584788342405,open,0.02,4693.0,0.0005,0.032,0.017098,165.58,0.0185,0.0,ETH-27MAR20-160-C,128.3,162.09,0.016,240.0,0.018,4.0,168.39,0.04068,-0.57318,0.0031,0.00934,0.16766
138.41,SYN.ETH-25SEP20,1584788342405,open,1.15,684.0,1.041,1.257,1.151353,117.54,1.228,0.0,ETH-25SEP20-280-P,128.3,155.64,1.257,54.0,1.3695,54.0,195.15,0.36363,-0.11375,-1.29085,0.00314,-0.66053
127.69,ETH-26JUN20,1584788342405,open,0.04,1477.0,0.0055,0.05,0.03526,136.63,0.0445,0.0,ETH-26JUN20-360-C,128.3,130.14,0.0285,300.0,0.0425,300.0,142.94,0.14007,-0.09877,0.03252,0.00237,0.13123
138.41,SYN.ETH-25SEP20,1584788342405,open,3.66,0.0,3.497,3.8165,3.655613,124.65,None,0.0,ETH-25SEP20-640-P,128.3,0.0,0.0,0.0,0.0,0.0,0.0,0.17798,-0.05905,-3.24349,0.00145,-0.89707
127.69,ETH-26JUN20,1584788342405,open,3.59,0.0,3.561,3.853,3.709302,144.37,None,0.0,ETH-26JUN20-600-P,128.3,0.0,0.01,50.0,0.0,0.0,0.0,0.06099,-0.04544,-1.58117,0.00098,-0.95622
127.75,ETH-26JUN20,1584788342405,open,0.53,1847.0,0.4635,0.6275,0.56142,131.21,0.65,0.0,ETH-26JUN20-180-P,128.3,117.3,0.5335,59.0,0.5795,59.0,140.1,0.25883,-0.17528,-0.38268,0.00455,-0.5672
138.41,SYN.ETH-25SEP20,1584788342405,open,4.23,0.0,4.057,4.411,4.228118,126.51,None,0.0,ETH-25SEP20-720-P,128.3,0.0,0.0,0.0,0.0,0.0,0.0,0.15648,-0.05269,-3.66311,0.00125,-0.91356
127.75,ETH-26JUN20,1584788342405,open,4.2,0.0,4.1705,4.497,4.332322,150.77,None,0.0,ETH-26JUN20-680-P,128.3,0.0,0.0,0.0,0.0,0.0,0.0,0.05538,-0.04309,-1.79483,0.00085,-0.96115
127.89,ETH-27MAR20,1584788342406,open,0.39,2045.0,0.3675,0.4555,0.416314,184.45,0.42,0.0,ETH-27MAR20-180-P,128.3,0.0,0.396,58.0,0.4405,58.0,268.18,0.02625,-0.41207,-0.02731,0.00541,-0.91044
127.89,ETH-27MAR20,1584788342405,open,0.83,1727.0,0.823,0.9355,0.878227,220.58,1.25,0.0,ETH-27MAR20-240-P,128.3,0.0,0.854,54.0,0.9105,54.0,396.04,0.007,-0.13138,-0.03831,0.00121,-0.98254
127.89,ETH-27MAR20,1584788342406,open,0.0,2595.0,0.0005,0.016,0.001446,192.15,0.0035,0.0,ETH-27MAR20-220-C,128.3,168.58,0.0005,167.0,0.0035,200.0,219.13,0.00709,-0.11592,0.00034,0.0014,0.01773
138.41,SYN.ETH-25SEP20,1584788342406,open,0.43,91.0,0.337,0.4985,0.423263,113.3,0.4265,0.0,ETH-25SEP20-160-P,128.3,135.95,0.4855,91.0,0.5345,91.0,154.36,0.38598,-0.11638,-0.5935,0.00345,-0.40979
127.89,ETH-27MAR20,1584788342406,open,0.01,2914.0,0.0005,0.0225,0.007807,198.62,0.005,0.0,ETH-27MAR20-90-P,128.3,179.1,0.005,409.0,0.0115,350.0,219.72,0.02038,-0.34452,-0.00148,0.0039,-0.06423
127.75,ETH-26JUN20,1584788342406,open,0.03,5490.0,0.0035,0.043,0.028188,138.67,0.035,0.0,ETH-26JUN20-400-C,128.3,131.75,0.022,300.0,0.035,300.0,145.43,0.12165,-0.08706,0.02686,0.00203,0.1074
127.75,ETH-26JUN20,1584788342406,open,3.29,0.0,3.2575,3.533,3.397744,146.49,None,0.0,ETH-26JUN20-560-P,128.3,0.0,0.01,50.0,0.0,0.0,0.0,0.07525,-0.0569,-1.47181,0.00119,-0.94305
127.75,ETH-26JUN20,1584788342406,open,2.08,0.0,2.046,2.2625,2.160775,140.2,None,0.0,ETH-26JUN20-400-P,128.3,0.0,0.01,50.0,0.0,0.0,0.0,0.12488,-0.09036,-1.03394,0.00206,-0.88861
127.75,ETH-26JUN20,1584788342406,open,0.01,3895.0,0.0005,0.025,0.010422,144.34,0.012,0.0,ETH-26JUN20-600-C,128.3,134.86,0.0065,65.0,0.0155,300.0,153.68,0.06102,-0.04546,0.01131,0.00098,0.04379
138.41,SYN.ETH-25SEP20,1584788342406,open,0.04,745.0,0.01,0.07,0.039989,123.06,0.056,0.0,ETH-25SEP20-560-C,128.3,117.02,0.0315,300.0,0.0495,300.0,129.1,0.20647,-0.06762,0.06185,0.0017,0.12681
138.41,SYN.ETH-25SEP20,1584788342406,open,2.24,0.0,2.113,2.3745,2.240582,121.01,None,0.0,ETH-25SEP20-440-P,128.3,0.0,0.0,0.0,0.0,0.0,0.0,0.26468,-0.08524,-2.17721,0.00222,-0.81543
138.41,SYN.ETH-25SEP20,1584788342406,open,0.12,522.0,0.0625,0.148,0.128903,138.35,0.107,0.0,ETH-25SEP20-80-P,128.3,131.43,0.1175,280.0,0.14,280.0,145.06,0.22862,-0.08417,-0.1967,0.00168,-0.14719
127.89,ETH-27MAR20,1584788342406,open,3.28,1.0,3.2535,3.516,3.380818,457.68,3.3565,0.0,ETH-27MAR20-560-P,128.3,0.0,0.02,50.0,0.0,0.0,0.0,0.00512,-0.19933,-0.08994,0.00042,-0.98786
127.75,ETH-26JUN20,1584788342406,open,0.58,42.0,0.5275,0.581,0.56607,139.62,0.7865,0.0,ETH-26JUN20-60-C,128.3,0.0,0.02,5.0,0.7405,1.0,329.01,0.09712,-0.06999,0.12027,0.00161,0.92078
127.75,ETH-26JUN20,1584788342406,open,0.41,169.0,0.3455,0.5005,0.437727,130.14,0.4855,0.0,ETH-26JUN20-160-P,128.3,117.86,0.4125,89.0,0.4655,89.0,143.66,0.26256,-0.17636,-0.31802,0.00466,-0.5002
138.41,SYN.ETH-25SEP20,1584788342406,open,0.06,1116.0,0.0175,0.0955,0.053072,121.85,0.0715,0.0,ETH-25SEP20-480-C,128.3,116.16,0.0435,299.0,0.0635,356.0,127.53,0.24378,-0.07905,0.07775,0.00203,0.16221
127.89,ETH-27MAR20,1584788342406,open,2.06,4.0,2.0375,2.2245,2.129159,356.52,1.862,0.0,ETH-27MAR20-400-P,128.3,0.0,0.0,0.0,0.0,0.0,0.0,0.00465,-0.14116,-0.0642,0.0005,-0.98912
127.75,ETH-26JUN20,1584788342406,open,0.16,2791.0,0.08,0.1915,0.151756,130.88,0.1555,0.0,ETH-26JUN20-180-C,128.3,126.3,0.1425,277.0,0.1605,277.0,135.19,0.25874,-0.17478,0.09501,0.00456,0.43197
138.41,SYN.ETH-25SEP20,1584788342407,open,1.69,0.0,1.5685,1.8075,1.687445,119.39,None,0.0,ETH-25SEP20-360-P,128.3,0.0,0.0,0.0,4.46,1.0,500.0,0.31273,-0.09937,-1.7395,0.00266,-0.75417
127.75,ETH-26JUN20,1584788342406,open,0.03,2491.0,0.009,0.0505,0.035958,139.91,0.041,0.0,ETH-26JUN20-60-P,128.3,131.85,0.03,300.0,0.0425,300.0,148.26,0.09732,-0.07027,-0.03913,0.00161,-0.07943
127.75,ETH-26JUN20,1584788342407,open,0.01,5033.0,0.0005,0.023,0.00845,144.34,0.01,0.0,ETH-26JUN20-640-C,128.3,130.72,0.004,465.0,0.0145,300.0,156.62,0.05242,-0.03905,0.00945,0.00084,0.03632
127.89,ETH-27MAR20,1584788342407,open,2.97,1.0,2.9495,3.1935,3.067903,435.25,3.276,0.0,ETH-27MAR20-520-P,128.3,0.0,0.006,50.0,0.0,0.0,0.0,0.00499,-0.18487,-0.08351,0.00044,-0.98821
127.75,ETH-26JUN20,1584788342407,open,1.49,124.0,1.4455,1.6405,1.551486,135.44,1.68,0.0,ETH-26JUN20-320-P,128.3,0.0,0.01,50.0,0.0,0.0,0.0,0.1645,-0.11499,-0.80858,0.0028,-0.83324
138.41,SYN.ETH-25SEP20,1584788342407,open,0.27,257.0,0.1945,0.3255,0.267277,113.3,0.263,0.0,ETH-25SEP20-160-C,128.3,109.26,0.256,273.0,0.2785,273.0,117.33,0.38598,-0.11638,0.23007,0.00345,0.59021
138.41,SYN.ETH-25SEP20,1584788342407,open,0.1,493.0,0.049,0.1585,0.104285,118.4,0.124,0.0,ETH-25SEP20-320-C,128.3,113.28,0.092,291.0,0.117,341.0,123.52,0.3383,-0.1066,0.13024,0.0029,0.28709
127.79,SYN.ETH-24APR20,1584788342405,open,1.45,0.0,1.4325,1.59,1.514307,164.32,None,0.0,ETH-24APR20-320-P,128.3,0.0,0.0,0.0,0.0,0.0,0.0,0.04434,-0.10754,-0.29147,0.00178,-0.94333
127.75,ETH-26JUN20,1584788342407,open,0.05,1307.0,0.0095,0.0655,0.045416,134.53,0.054,0.0,ETH-26JUN20-320-C,128.3,129.32,0.039,299.0,0.052,299.0,139.55,0.16269,-0.11296,0.04019,0.00279,0.16394
127.89,ETH-27MAR20,1584788342407,open,1.45,981.0,1.4305,1.5805,1.50339,291.75,1.452,0.0,ETH-27MAR20-320-P,128.3,0.0,0.0,0.0,0.0,0.0,0.0,0.00468,-0.11608,-0.05131,0.00061,-0.98906
127.89,ETH-27MAR20,1584788342407,open,0.68,2174.0,0.671,0.7745,0.722482,204.63,0.8,0.0,ETH-27MAR20-220-P,128.3,0.0,0.7,55.0,0.754,55.0,359.68,0.00949,-0.16529,-0.03495,0.00176,-0.97497
127.75,ETH-26JUN20,1584788342407,open,0.02,864.0,0.0015,0.0325,0.01787,140.72,0.021,0.0,ETH-26JUN20-480-C,128.3,131.41,0.012,362.0,0.025,300.0,149.89,0.09,-0.06536,0.01825,0.00148,0.07168
127.75,ETH-26JUN20,1584788342407,open,0.66,936.0,0.591,0.7615,0.691244,131.78,0.79,0.0,ETH-26JUN20-200-P,128.3,115.12,0.6595,58.0,0.7125,58.0,142.54,0.24939,-0.16963,-0.44657,0.00437,-0.62581
127.75,ETH-26JUN20,1584788342407,open,2.99,0.0,2.954,3.213,3.087621,145.76,None,0.0,ETH-26JUN20-520-P,128.3,0.0,0.01,50.0,0.0,0.0,0.0,0.08603,-0.06472,-1.36305,0.00136,-0.93239
138.41,SYN.ETH-25SEP20,1584788342407,open,0.13,1361.0,0.067,0.1855,0.128378,117.54,0.144,0.0,ETH-25SEP20-280-C,128.3,112.97,0.1165,287.0,0.1405,335.0,122.11,0.36363,-0.11375,0.15039,0.00314,0.33947
138.41,SYN.ETH-25SEP20,1584788342407,open,0.04,413.0,0.0075,0.062,0.035467,123.88,0.0455,0.0,ETH-25SEP20-600-C,128.3,117.73,0.0275,300.0,0.0445,300.0,130.03,0.19148,-0.06313,0.0559,0.00157,0.11394
127.75,ETH-26JUN20,1584788342407,open,2.68,0.0,2.6505,2.8945,2.776974,143.16,None,0.0,ETH-26JUN20-480-P,128.3,0.0,0.01,50.0,0.0,0.0,0.0,0.09499,-0.07019,-1.25455,0.00153,-0.92306
138.41,SYN.ETH-25SEP20,1584788342407,open,2.52,0.0,2.388,2.662,2.52103,121.85,None,0.0,ETH-25SEP20-480-P,128.3,0.0,0.0,0.0,0.0,0.0,0.0,0.24378,-0.07905,-2.39294,0.00203,-0.83779
127.89,ETH-27MAR20,1584788342407,open,0.0,7004.0,0.0005,0.0155,0.000985,215.99,0.001,0.0,ETH-27MAR20-70-P,128.3,197.82,0.0005,472.0,0.0045,417.0,276.61,0.00423,-0.07767,-0.00022,0.00074,-0.00974
138.41,SYN.ETH-25SEP20,1584788342408,open,3.09,0.0,2.94,3.2345,3.08594,123.06,None,0.0,ETH-25SEP20-560-P,128.3,0.0,0.0,0.0,0.0,0.0,0.0,0.20647,-0.06762,-2.82062,0.0017,-0.87319
127.89,ETH-27MAR20,1584788342408,open,0.32,68.0,0.2745,0.3185,0.303747,196.53,0.332,0.0,ETH-27MAR20-90-C,128.3,0.0,0.001,10.0,0.0,0.0,0.0,0.01997,-0.33392,0.01305,0.00386,0.93746
138.41,SYN.ETH-25SEP20,1584788342408,open,0.18,869.0,0.11,0.2395,0.179976,115.52,0.208,0.0,ETH-25SEP20-220-C,128.3,111.82,0.1695,281.0,0.1905,281.0,119.23,0.39203,-0.12053,0.18701,0.00344,0.44247
127.89,ETH-27MAR20,1584788342408,open,1.75,6.0,1.7335,1.902,1.816254,325.37,1.8335,0.0,ETH-27MAR20-360-P,128.3,0.0,0.0,0.0,0.0,0.0,0.0,0.00459,-0.1271,-0.05776,0.00054,-0.98929
127.89,ETH-27MAR20,1584788342408,open,0.0,4525.0,0.0005,0.0155,0.0,222.9,0.0105,0.0,ETH-27MAR20-520-C,128.3,0.0,0.0,0.0,0.002,419.0,437.55,0.0,0.0,0.0,0.0,0.0
138.41,SYN.ETH-25SEP20,1584788342408,open,1.42,89.0,1.302,1.5295,1.416257,118.4,1.4935,0.0,ETH-25SEP20-320-P,128.3,160.62,1.5295,51.0,1.6655,51.0,208.38,0.3383,-0.1066,-1.51689,0.0029,-0.71291
127.89,ETH-27MAR20,1584788342408,open,0.53,4045.0,0.5195,0.614,0.568509,197.82,0.889,0.0,ETH-27MAR20-200-P,128.3,0.0,0.548,57.0,0.5955,57.0,312.12,0.01643,-0.27656,-0.03129,0.00315,-0.95114
127.89,ETH-27MAR20,1584788342408,open,0.0,7905.0,0.0005,0.0155,0.0,224.27,0.0005,0.0,ETH-27MAR20-640-C,128.3,0.0,0.0,0.0,0.0005,34.0,427.41,0.0,0.0,0.0,0.0,0.0
127.89,ETH-27MAR20,1584788342408,open,0.0,6278.0,0.0005,0.0155,1.3e-05,221.76,0.0005,0.0,ETH-27MAR20-360-C,128.3,0.0,0.0,0.0,0.002,419.0,341.34,0.00012,-0.0017,0.0,2e-05,0.0002
138.41,SYN.ETH-25SEP20,1584788342408,open,0.65,111.0,0.551,0.7365,0.648726,114.75,0.6725,0.0,ETH-25SEP20-200-P,128.3,142.72,0.7285,58.0,0.789,58.0,164.37,0.39591,-0.12091,-0.82847,0.0035,-0.51414
127.89,ETH-27MAR20,1584788342408,open,1.14,918.0,1.127,1.258,1.190736,258.65,1.132,0.0,ETH-27MAR20-280-P,128.3,0.0,0.2,50.0,0.0,0.0,0.0,0.00546,-0.1202,-0.04483,0.0008,-0.98692
138.41,SYN.ETH-25SEP20,1584788342408,open,0.54,1093.0,0.441,0.6155,0.533746,114.3,0.6,0.0,ETH-25SEP20-180-P,128.3,139.2,0.604,59.0,0.659,59.0,159.25,0.39457,-0.12003,-0.71103,0.0035,-0.46429
127.75,ETH-26JUN20,1584788342408,open,0.11,1487.0,0.0425,0.138,0.103646,131.91,0.108,0.0,ETH-26JUN20-220-C,128.3,127.46,0.0955,285.0,0.1115,285.0,136.12,0.23619,-0.1608,0.07428,0.00413,0.32273
127.89,ETH-27MAR20,1584788342408,open,0.0,4605.0,0.0005,0.0155,3e-06,221.94,0.0035,0.0,ETH-27MAR20-400-C,128.3,0.0,0.0,0.0,0.002,419.0,369.51,3e-05,-0.00036,0.0,1e-05,5e-05
127.75,ETH-26JUN20,1584788342408,open,0.01,1127.0,0.0005,0.021,0.006388,146.6,0.007,0.0,ETH-26JUN20-720-C,128.3,136.01,0.0035,66.0,0.0105,300.0,157.06,0.04222,-0.03194,0.00731,0.00066,0.02794
138.41,SYN.ETH-25SEP20,1584788342408,open,0.03,615.0,0.0065,0.0595,0.028963,125.81,0.028,0.0,ETH-25SEP20-680-C,128.3,119.61,0.022,300.0,0.037,300.0,132.01,0.16747,-0.05607,0.04684,0.00135,0.09471
138.41,SYN.ETH-25SEP20,1584788342408,open,0.23,226.0,0.162,0.288,0.229021,111.92,0.31,0.0,ETH-25SEP20-120-P,128.3,129.46,0.271,223.0,0.3145,223.0,148.13,0.33497,-0.09977,-0.36351,0.00304,-0.28122
127.75,ETH-26JUN20,1584788342408,open,4.51,1.0,4.4735,4.817,4.645044,153.71,4.3,0.0,ETH-26JUN20-720-P,128.3,0.0,0.0,0.0,0.0,0.0,0.0,0.05312,-0.04214,-1.90152,0.0008,-0.96309
127.75,ETH-26JUN20,1584788342408,open,1.78,1.0,1.7445,1.9495,1.854588,137.78,1.827,0.0,ETH-26JUN20-360-P,128.3,0.0,0.01,50.0,0.0,0.0,0.0,0.14265,-0.10144,-0.92223,0.00239,-0.86534
127.75,ETH-26JUN20,1584788342409,open,0.79,528.0,0.724,0.8995,0.826569,132.34,0.869,0.0,ETH-26JUN20-220-P,128.3,112.79,0.792,57.0,0.866,57.0,152.93,0.2366,-0.16161,-0.50944,0.00413,-0.67591
127.75,ETH-26JUN20,1584788342409,open,0.92,264.0,0.8635,1.043,0.965396,132.47,1.233,0.0,ETH-26JUN20-240-P,128.3,109.8,0.929,56.0,0.9935,56.0,148.07,0.22157,-0.15149,-0.57144,0.00386,-0.71995
138.41,SYN.ETH-25SEP20,1584788342409,open,0.33,69.0,0.244,0.3895,0.321778,112.78,0.335,0.0,ETH-25SEP20-140-P,128.3,132.58,0.3735,158.0,0.42,158.0,150.97,0.36708,-0.11018,-0.47725,0.0033,-0.3481
127.75,ETH-26JUN20,1584788342409,open,3.9,0.0,3.8655,4.174,4.020589,149.63,None,0.0,ETH-26JUN20-640-P,128.3,0.0,0.01,50.0,0.0,0.0,0.0,0.06138,-0.0474,-1.68735,0.00095,-0.95589
138.41,SYN.ETH-25SEP20,1584788342409,open,0.24,1178.0,0.16,0.2925,0.233262,114.3,0.21,0.0,ETH-25SEP20-180-C,128.3,110.36,0.222,276.0,0.2445,276.0,118.25,0.39457,-0.12003,0.21548,0.0035,0.53571
138.41,SYN.ETH-25SEP20,1584788342409,open,5.09,0.0,4.896,5.2925,5.089916,129.58,None,0.0,ETH-25SEP20-840-P,128.3,0.0,0.0,0.0,0.0,0.0,0.0,0.13355,-0.04606,-4.28869,0.00105,-0.92985
127.89,ETH-27MAR20,1584788342409,open,0.25,3242.0,0.216,0.303,0.26876,167.19,0.248,0.0,ETH-27MAR20-160-P,128.3,86.4,0.252,59.0,0.29,59.0,224.34,0.04123,-0.58657,-0.0226,0.00937,-0.82892
127.79,SYN.ETH-24APR20,1584788342405,open,0.05,1688.0,0.0105,0.065,0.043714,144.53,0.038,0.0,ETH-24APR20-200-C,128.3,139.68,0.0395,534.0,0.048,393.0,149.3,0.11303,-0.24111,0.02004,0.00516,0.21266
127.89,ETH-27MAR20,1584788342409,open,2.67,0.0,2.6445,2.8695,2.754987,411.11,None,0.0,ETH-27MAR20-480-P,128.3,0.0,0.004,50.0,0.0,0.0,0.0,0.00487,-0.17033,-0.07707,0.00045,-0.98854
127.89,ETH-27MAR20,1584788342409,open,0.01,4808.0,0.0005,0.023,0.008194,181.17,0.0195,0.0,ETH-27MAR20-180-C,128.3,169.17,0.006,300.0,0.0105,350.0,192.13,0.02526,-0.38936,0.00158,0.00529,0.08503
127.89,ETH-27MAR20,1584788342410,open,2.36,1.0,2.341,2.547,2.442072,384.99,2.11,0.0,ETH-27MAR20-440-P,128.3,0.0,0.003,50.0,0.0,0.0,0.0,0.00475,-0.15573,-0.07063,0.00047,-0.98885
128.18,SYN.ETH-22MAR20,1584788342405,open,0.0,41.0,0.0005,0.0155,6.3e-05,180.5,0.0005,0.0,ETH-22MAR20-165-C,128.3,0.0,0.0,0.0,0.001,1.0,250.17,0.00048,-0.00809,1e-05,0.00068,0.00246
127.82,SYN.ETH-3APR20,1584788342405,open,0.02,5.0,0.001,0.044,0.015628,159.31,0.03,0.0,ETH-3APR20-190-C,128.3,147.54,0.0115,300.0,0.02,357.0,170.31,0.04801,-0.297,0.0047,0.00523,0.11995
128.18,SYN.ETH-22MAR20,1584788342405,open,0.0,2.0,0.0005,0.0205,0.00123,133.08,0.023,0.0,ETH-22MAR20-115-P,128.3,127.82,0.001,355.0,0.008,300.0,216.5,0.00593,-0.1577,-0.00014,0.01131,-0.04485
128.18,SYN.ETH-22MAR20,1584788342405,open,0.0,12.0,0.0005,0.038,0.005151,133.19,0.005,0.0,ETH-22MAR20-120-P,128.3,131.85,0.005,5.0,0.0135,295.0,195.58,0.01453,-0.66029,-0.00047,0.02768,-0.14841
127.79,SYN.ETH-24APR20,1584788342405,open,0.72,252.0,0.6795,0.8125,0.753951,148.05,0.733,0.0,ETH-24APR20-220-P,128.3,0.0,0.0,0.0,0.0,0.0,0.0,0.09618,-0.21016,-0.18859,0.00429,-0.83621
127.79,SYN.ETH-24APR20,1584788342405,open,0.01,3908.0,0.0005,0.019,0.0044,170.45,0.007,0.0,ETH-24APR20-400-C,128.3,158.23,0.0025,169.0,0.007,350.0,182.38,0.02375,-0.05976,0.0026,0.00092,0.02632
128.18,SYN.ETH-22MAR20,1584788342405,open,0.01,5.0,0.0005,0.027,0.002519,130.0,0.0075,0.0,ETH-22MAR20-140-C,128.3,115.32,0.0015,350.0,0.0095,350.0,194.31,0.01002,-0.32286,0.00026,0.01956,0.08794
128.18,SYN.ETH-22MAR20,1584788342405,open,0.0,11.0,0.0005,0.0155,0.00019,180.16,0.0005,0.0,ETH-22MAR20-160-C,128.3,0.0,0.0,0.0,0.0015,1.0,239.94,0.00119,-0.02432,2e-05,0.00167,0.00678
127.79,SYN.ETH-24APR20,1584788342405,open,0.03,670.0,0.003,0.0385,0.023771,150.28,0.029,0.0,ETH-24APR20-240-C,128.3,144.9,0.0205,350.0,0.027,350.0,155.26,0.08038,-0.17828,0.01207,0.00353,0.12553
127.79,SYN.ETH-24APR20,1584788342405,open,0.01,12098.0,0.0005,0.021,0.00622,166.2,0.007,0.0,ETH-24APR20-360-C,128.3,155.78,0.004,165.0,0.009,350.0,176.31,0.03115,-0.07642,0.00359,0.00124,0.03653
128.18,SYN.ETH-22MAR20,1584788342405,open,0.11,6.0,0.067,0.204,0.131912,130.0,0.0415,0.0,ETH-22MAR20-145-P,128.3,0.0,0.0845,16.0,0.171,16.0,436.85,0.00408,-0.26542,-0.00339,0.00797,-0.97159
127.82,SYN.ETH-3APR20,1584788342405,open,0.01,300.0,0.0005,0.031,0.009024,164.69,0.008,0.0,ETH-3APR20-210-C,128.3,137.97,0.0035,300.0,0.016,300.0,187.45,0.03345,-0.21393,0.00291,0.00352,0.07346
128.18,SYN.ETH-22MAR20,1584788342405,open,0.0,105.0,0.0005,0.016,0.00068,130.0,0.005,0.0,ETH-22MAR20-145-C,128.3,123.79,0.0005,5.0,0.0065,358.0,213.44,0.00408,-0.0872,9e-05,0.00797,0.02841
127.79,SYN.ETH-24APR20,1584788342405,open,0.02,1773.0,0.0015,0.0325,0.017518,157.66,0.0195,0.0,ETH-24APR20-70-P,128.3,149.78,0.0145,408.0,0.021,590.0,166.06,0.05093,-0.11852,-0.0101,0.00213,-0.06768
128.18,SYN.ETH-22MAR20,1584788342405,open,0.0,11.0,0.0005,0.0155,0.000529,179.61,0.0075,0.0,ETH-22MAR20-155-C,128.3,178.17,0.0005,2.0,0.004,365.0,257.5,0.00267,-0.06786,5e-05,0.00377,0.01718
127.79,SYN.ETH-24APR20,1584788342405,open,0.58,1276.0,0.5355,0.6675,0.60931,145.08,0.5965,0.0,ETH-24APR20-200-P,128.3,120.45,0.5895,57.0,0.648,57.0,184.37,0.11345,-0.24294,-0.16548,0.00516,-0.78597
127.79,SYN.ETH-24APR20,1584788342405,open,2.06,0.0,2.0405,2.2305,2.135591,175.38,None,0.0,ETH-24APR20-400-P,128.3,0.0,0.0,0.0,0.0,0.0,0.0,0.0271,-0.07015,-0.36822,0.00102,-0.96916
127.79,SYN.ETH-24APR20,1584788342405,open,2.37,0.0,2.3445,2.552,2.447564,181.2,None,0.0,ETH-24APR20-440-P,128.3,0.0,0.0,0.0,0.0,0.0,0.0,0.02258,-0.0604,-0.40594,0.00082,-0.97522
127.79,SYN.ETH-24APR20,1584788342405,open,0.32,2158.0,0.2705,0.3965,0.342808,141.13,0.218,0.0,ETH-24APR20-160-P,128.3,128.65,0.3285,80.0,0.363,80.0,158.35,0.14812,-0.30855,-0.1143,0.00692,-0.62092
127.79,SYN.ETH-24APR20,1584788342405,open,1.01,4.0,0.977,1.117,1.052862,153.26,1.122,0.0,ETH-24APR20-260-P,128.3,0.0,0.0,0.0,0.0,0.0,0.0,0.06777,-0.1533,-0.23174,0.00292,-0.9011
128.18,SYN.ETH-22MAR20,1584788342405,open,0.18,0.0,0.1405,0.286,0.209777,179.61,None,0.0,ETH-22MAR20-155-P,128.3,0.0,0.1575,14.0,0.251,14.0,500.0,0.00267,-0.23991,-0.00367,0.00377,-0.98282
128.18,SYN.ETH-22MAR20,1584788342405,open,0.0,0.0,0.0005,0.0155,0.00047,150.36,None,0.0,ETH-22MAR20-110-P,128.3,151.75,0.0005,64.0,0.0055,300.0,247.04,0.00268,-0.06028,-5e-05,0.00453,-0.01728
127.79,SYN.ETH-24APR20,1584788342405,open,1.3,0.0,1.2795,1.43,1.359011,158.88,None,0.0,ETH-24APR20-300-P,128.3,0.0,0.0,0.0,0.0,0.0,0.0,0.04883,-0.11451,-0.27217,0.00203,-0.93589
128.11,SYN.ETH-23MAR20,1584788342406,open,0.0,0.0005,0.0335,0.007781,146.05,None,0.0,ETH-23MAR20-115-P,128.3,134.33,0.006,346.0,0.0155,298.0,189.01,0.02037,-0.79316,-0.00097,0.01654,-0.13932
127.82,SYN.ETH-3APR20,1584788342405,open,0.02,48.0,0.002,0.052,0.020202,154.97,0.0395,0.0,ETH-3APR20-180-C,128.3,143.72,0.0155,297.0,0.025,351.0,165.4,0.05631,-0.33889,0.00591,0.0063,0.15136
127.82,SYN.ETH-3APR20,1584788342405,open,0.4,1.0,0.337,0.5285,0.428881,155.97,0.4035,0.0,ETH-3APR20-180-P,128.3,0.0,0.3625,13.0,0.476,13.0,239.61,0.0568,-0.34403,-0.05751,0.00632,-0.84665
127.79,SYN.ETH-24APR20,1584788342405,open,0.04,327.0,0.011,0.072,0.046632,148.02,0.071,0.0,ETH-24APR20-90-P,128.3,142.33,0.0425,533.0,0.051,341.0,153.9,0.09393,-0.20521,-0.02426,0.00419,-0.15796
128.18,SYN.ETH-22MAR20,1584788342405,open,0.3,0.0,0.252,0.411,0.326705,245.1,None,0.0,ETH-22MAR20-170-P,128.3,0.0,0.0005,50.0,0.0,0.0,0.0,0.00181,-0.22198,-0.00405,0.00187,-0.98905
128.18,SYN.ETH-22MAR20,1584788342405,open,0.0,23.0,0.0005,0.0155,1.9e-05,180.65,0.0005,0.0,ETH-22MAR20-170-C,128.3,0.0,0.0,0.0,0.0025,1.0,318.61,0.00018,-0.0025,0.0,0.00025,0.00082
127.79,SYN.ETH-24APR20,1584788342405,open,0.0,3905.0,0.0005,0.018,0.003254,174.51,0.005,0.0,ETH-24APR20-440-C,128.3,159.09,0.0015,167.0,0.006,350.0,189.64,0.01861,-0.04794,0.00195,0.0007,0.0197
127.79,SYN.ETH-24APR20,1584788342405,open,0.02,1506.0,0.0005,0.029,0.014124,155.84,0.026,0.0,ETH-24APR20-280-C,128.3,148.36,0.011,350.0,0.0175,350.0,162.96,0.05708,-0.13129,0.00764,0.00242,0.07855
127.79,SYN.ETH-24APR20,1584788342405,open,1.15,8.0,1.1295,1.274,1.205958,157.35,0.604,0.0,ETH-24APR20-280-P,128.3,0.0,0.0,0.0,0.0,0.0,0.0,0.05856,-0.13601,-0.25199,0.00246,-0.91874
127.82,SYN.ETH-3APR20,1584788342405,open,0.47,0.0,0.408,0.607,0.502568,160.54,None,0.0,ETH-3APR20-190-P,128.3,0.0,0.0,0.0,0.0,0.0,0.0,0.04865,-0.30328,-0.06224,0.00526,-0.87777
127.82,SYN.ETH-3APR20,1584788342405,open,0.61,0.0,0.5525,0.7655,0.652484,166.62,None,0.0,ETH-3APR20-210-P,128.3,0.0,0.0,0.0,0.0,0.0,0.0,0.03445,-0.22292,-0.07107,0.00359,-0.92364
128.18,SYN.ETH-22MAR20,1584788342405,open,0.26,0.0,0.215,0.3695,0.287728,224.74,None,0.0,ETH-22MAR20-165-P,128.3,0.0,0.2325,13.0,0.3315,13.0,500.0,0.00204,-0.22958,-0.00392,0.00231,-0.98742
128.18,SYN.ETH-22MAR20,1584788342405,open,0.14,1.0,0.104,0.245,0.170774,153.3,0.048,0.0,ETH-22MAR20-150-P,128.3,0.0,0.1205,15.0,0.211,15.0,495.38,0.00302,-0.23184,-0.00354,0.00501,-0.98012
128.18,SYN.ETH-22MAR20,1584788342405,open,0.22,0.0,0.178,0.328,0.248835,207.28,None,0.0,ETH-22MAR20-160-P,128.3,0.0,0.1945,14.0,0.291,14.0,500.0,0.00257,-0.26672,-0.00379,0.00315,-0.98355
128.18,SYN.ETH-22MAR20,1584788342405,open,0.0,47.0,0.0005,0.0155,0.000534,153.29,0.0035,0.0,ETH-22MAR20-150-C,128.3,151.81,0.0005,12.0,0.005,362.0,236.01,0.00302,-0.06848,6e-05,0.00501,0.01988
128.18,SYN.ETH-22MAR20,1584788342405,open,0.02,144.0,0.0005,0.043,0.007658,130.0,0.011,0.0,ETH-22MAR20-135-C,128.3,110.43,0.005,326.0,0.0145,281.0,173.72,0.01844,-0.98155,0.00064,0.03599,0.21699
127.79,SYN.ETH-24APR20,1584788342406,open,1.76,0.0,1.7365,1.9095,1.824291,169.66,None,0.0,ETH-24APR20-360-P,128.3,0.0,0.0,0.0,0.0,0.0,0.0,0.03386,-0.08479,-0.33016,0.00132,-0.95954
127.79,SYN.ETH-24APR20,1584788342405,open,0.86,27.0,0.8285,0.9645,0.902485,151.21,0.9705,0.0,ETH-24APR20-240-P,128.3,0.0,0.0,0.0,0.0,0.0,0.0,0.08129,-0.18142,-0.2105,0.00355,-0.87242
128.18,SYN.ETH-22MAR20,1584788342405,open,0.02,0.0,0.0005,0.092,0.033308,130.0,0.016,0.0,ETH-22MAR20-130-P,128.3,91.53,0.026,228.0,0.0475,228.0,203.32,0.0246,-1.59902,-0.00187,0.04801,-0.57523
127.79,SYN.ETH-24APR20,1584788342405,open,0.01,1882.0,0.0005,0.024,0.009355,162.01,0.008,0.0,ETH-24APR20-320-C,128.3,154.27,0.007,168.0,0.012,350.0,169.43,0.04228,-0.10111,0.00522,0.00172,0.05336
127.89,ETH-27MAR20,1584788342428,open,0.0,4227.0,0.0005,0.0185,0.003931,191.82,0.007,0.0,ETH-27MAR20-200-C,128.3,171.73,0.002,364.0,0.0065,350.0,210.77,0.01486,-0.24256,0.00081,0.00294,0.04312
6016.02,BTC-25SEP20,1584788342443,open,0.39,214.6,0.3045,0.512,0.41249994,107.53,0.33,0.0,BTC-25SEP20-7000-P,5981.85,104.13,0.403,4.8,0.422,4.8,110.89,16.91306,-4.8399,-25.93313,8e-05,-0.42491
6016.02,BTC-25SEP20,1584788342445,open,0.15,3.4,0.0925,0.22,0.15826177,109.67,0.116,0.0,BTC-25SEP20-4500-P,5981.85,107.16,0.153,6.4,0.1625,6.4,111.6,12.87603,-3.75815,-11.80687,6e-05,-0.2229
5989.8,BTC-26JUN20,1584788342448,open,0.14,347.6,0.082,0.2095,0.14694882,118.77,0.1415,0.0,BTC-26JUN20-5000-P,5981.85,115.81,0.142,25.6,0.152,49.2,121.64,10.2758,-6.29932,-6.69237,9e-05,-0.27388
5989.8,BTC-26JUN20,1584788342450,open,0.14,347.6,0.082,0.2095,0.14694882,118.77,0.1415,0.0,BTC-26JUN20-5000-P,5981.85,115.81,0.142,25.6,0.1515,25.6,121.35,10.2758,-6.29932,-6.69237,9e-05,-0.27388
6016.02,BTC-25SEP20,1584788342451,open,0.28,197.1,0.2065,0.3855,0.29971927,107.98,0.275,0.0,BTC-25SEP20-6000-P,5981.85,104.87,0.2915,6.7,0.307,5.0,110.71,15.95316,-4.58442,-20.05816,8e-05,-0.34798
6016.02,BTC-25SEP20,1584788342452,open,0.51,182.1,0.4195,0.654,0.54071987,108.95,0.525,0.0,BTC-25SEP20-8000-P,5981.85,103.69,0.526,4.8,0.547,4.8,111.03,17.2131,-4.99108,-31.91368,8e-05,-0.48954
6016.02,BTC-25SEP20,1584788342454,open,0.26,132.7,0.1665,0.312,0.24893998,107.47,0.265,0.0,BTC-25SEP20-7000-C,5981.85,104.33,0.24,21.8,0.2575,26.0,110.55,16.91405,-4.83761,10.09905,8e-05,0.57497
6016.02,BTC-25SEP20,1584788342456,open,0.31,189.8,0.22,0.3635,0.30238216,107.92,0.3185,0.0,BTC-25SEP20-6000-C,5981.85,104.24,0.2925,21.4,0.3105,24.6,111.03,15.95446,-4.58231,10.82794,8e-05,0.65195
5989.8,BTC-26JUN20,1584788342457,open,0.14,347.6,0.082,0.2095,0.14694882,118.77,0.1415,0.0,BTC-26JUN20-5000-P,5981.85,115.81,0.142,25.6,0.1515,42.2,121.35,10.2758,-6.29932,-6.69237,9e-05,-0.27388
6016.02,BTC-25SEP20,1584788342457,open,0.09,546.7,0.031,0.1315,0.08112251,109.03,0.091,0.0,BTC-25SEP20-14000-C,5981.85,106.75,0.076,25.6,0.086,6.4,111.19,13.58342,-3.94128,5.09168,7e-05,0.2455
6016.02,BTC-25SEP20,1584788342479,open,0.28,197.1,0.2065,0.3855,0.29971927,107.98,0.275,0.0,BTC-25SEP20-6000-P,5981.85,104.87,0.2915,6.7,0.307,17.2,110.71,15.95316,-4.58442,-20.05816,8e-05,-0.34798
5979.46,SYN.BTC-24APR20,1584788342716,open,0.5,215.8,0.438,0.645,0.53905474,125.65,0.74,0.0,BTC-24APR20-9000-P,5981.85,0.0,0.0,0.0,0.0,0.0,0.0,4.94813,-9.17687,-7.48495,0.00012,-0.8097
5979.46,SYN.BTC-24APR20,1584788342716,open,0.96,0.0,0.896,1.153,1.01761754,135.24,None,0.0,BTC-24APR20-12000-P,5981.85,0.0,0.0,0.0,0.0,0.0,0.0,2.41387,-4.81841,-10.81497,5e-05,-0.93119
5979.46,SYN.BTC-24APR20,1584788342716,open,0.81,0.1,0.7405,0.9805,0.85464478,131.65,0.93,0.0,BTC-24APR20-11000-P,5981.85,0.0,0.0005,0.1,0.0,0.0,0.0,3.04359,-5.91401,-9.7734,7e-05,-0.90647
5979.46,SYN.BTC-24APR20,1584788342716,open,0.36,486.0,0.299,0.489,0.39334385,124.68,0.6628,0.0,BTC-24APR20-8000-P,5981.85,0.0,0.01,2.0,1.138,1.0,500.0,6.15468,-11.32644,-6.16664,0.00015,-0.71785
5980.29,SYN.BTC-22MAR20,1584788336073,open,0.0,3.2,0.0005,0.0245,0.00244757,178.58,0.0025,0.0,BTC-22MAR20-5250-P,5981.85,160.61,0.0015,33.0,0.005,20.4,213.51,0.36104,-14.71924,-0.00935,0.00024,-0.06268
5980.29,SYN.BTC-22MAR20,1584788074497,open,0.0,8.9,0.0005,0.0325,0.00443444,178.53,0.005,0.0,BTC-22MAR20-5375-P,5981.85,160.53,0.003,32.0,0.0065,20.0,199.96,0.52565,-26.65657,-0.01543,0.00034,-0.10311
5980.29,SYN.BTC-22MAR20,1584787946954,open,0.0,10.5,0.0005,0.045,0.00784318,148.65,0.005,0.0,BTC-22MAR20-5625-P,5981.85,133.91,0.006,30.0,0.0105,20.0,167.54,0.79508,-47.15759,-0.0284,0.00062,-0.19007
5980.29,SYN.BTC-22MAR20,1584788333001,open,0.03,27.9,0.0005,0.056,0.01426674,123.44,0.0145,0.0,BTC-22MAR20-6125-C,5981.85,108.55,0.0115,29.5,0.016,1.0,133.27,1.09319,-67.47015,0.04925,0.00103,0.35747
5980.29,SYN.BTC-22MAR20,1584788284077,open,0.0,1.2,0.0005,0.0385,0.00579738,163.18,0.0065,0.0,BTC-22MAR20-5500-P,5981.85,145.12,0.004,31.0,0.0085,20.0,186.26,0.64698,-34.84614,-0.0207,0.00046,-0.13843
5980.29,SYN.BTC-22MAR20,1584787806614,open,0.01,3.7,0.0005,0.0385,0.00637173,137.18,0.009,0.0,BTC-22MAR20-6375-C,5981.85,117.57,0.004,31.0,0.0085,20.0,153.27,0.76702,-37.88137,0.02483,0.00065,0.1794
5980.29,SYN.BTC-22MAR20,1584788336319,open,0.01,9.4,0.0005,0.0685,0.01869164,137.69,0.022,0.0,BTC-22MAR20-5875-P,5981.85,128.15,0.017,0.5,0.022,20.9,154.85,1.11814,-76.978,-0.05767,0.00095,-0.38319
5980.29,SYN.BTC-22MAR20,1584788254373,open,0.01,17.0,0.0005,0.033,0.00449278,145.79,0.01,0.0,BTC-22MAR20-6500-C,5981.85,124.4,0.0025,20.0,0.0065,32.0,164.07,0.61627,-26.70711,0.01786,0.00049,0.12897
5980.29,SYN.BTC-22MAR20,1584788099710,open,0.01,20.0,0.0005,0.0545,0.01150019,138.21,0.008,0.0,BTC-22MAR20-5750-P,5981.85,122.04,0.009,29.0,0.015,20.0,159.0,0.96788,-66.88689,-0.04035,0.00082,-0.26964
5980.29,SYN.BTC-22MAR20,1584788333416,open,0.04,10.5,0.002,0.12,0.05544146,137.12,0.0385,0.0,BTC-22MAR20-6250-P,5981.85,82.67,0.048,17.2,0.0625,13.2,177.67,0.96232,-65.97597,-0.11321,0.00082,-0.73343
5980.29,SYN.BTC-22MAR20,1584788109180,open,0.01,19.5,0.0005,0.0285,0.00334257,155.55,0.0115,0.0,BTC-22MAR20-6625-C,5981.85,129.49,0.0015,20.0,0.0055,33.0,178.75,0.49829,-19.8699,0.01327,0.00037,0.09583
5980.29,SYN.BTC-22MAR20,1584788336075,open,0.02,26.3,0.0005,0.048,0.01034181,135.51,0.008,0.0,BTC-22MAR20-6250-C,5981.85,120.84,0.008,25.6,0.012,20.0,146.04,0.95741,-61.52006,0.03639,0.00082,0.26389
5980.29,SYN.BTC-22MAR20,1584788319473,open,0.0,18.0,0.0005,0.018,0.00112566,156.47,0.003,0.0,BTC-22MAR20-6875-C,5981.85,137.22,0.0005,34.2,0.004,34.0,204.43,0.23931,-6.67927,0.00522,0.00018,0.03746
5980.29,SYN.BTC-22MAR20,1584787799087,open,0.0,104.8,0.0005,0.023,0.00198149,156.2,0.0045,0.0,BTC-22MAR20-6750-C,5981.85,136.84,0.001,34.5,0.0045,33.0,190.12,0.35469,-11.76674,0.00851,0.00026,0.06127
5979.06,SYN.BTC-23MAR20,1584788278237,open,0.0,0.0005,0.0575,0.01594949,139.2,None,0.0,BTC-23MAR20-5625-P,5981.85,125.86,0.013,29.0,0.02,20.0,156.24,1.37379,-50.97525,-0.08299,0.00054,-0.2541
5979.06,SYN.BTC-23MAR20,1584788191886,open,22.3,0.0005,0.0675,0.02142971,134.09,0.0255,0.0,BTC-23MAR20-5750-P,5981.85,120.38,0.018,28.0,0.026,20.0,151.36,1.54216,-55.12147,-0.10639,0.00063,-0.32475
5979.06,SYN.BTC-23MAR20,1584788277069,open,1.0,0.0005,0.0495,0.01228263,147.13,0.012,0.0,BTC-23MAR20-5500-P,5981.85,135.19,0.01,30.0,0.0155,20.0,162.52,1.19698,-46.94546,-0.06499,0.00044,-0.19918
5979.06,SYN.BTC-23MAR20,1584788333063,open,8.0,0.001,0.081,0.03427151,125.26,0.032,0.0,BTC-23MAR20-6000-C,5981.85,112.5,0.0305,32.1,0.039,18.1,142.22,1.7099,-57.09354,0.14387,0.00074,0.50238
5979.06,SYN.BTC-23MAR20,1584788140723,open,0.0,0.0035,0.1105,0.05021428,127.51,None,0.0,BTC-23MAR20-6125-P,5981.85,113.56,0.0465,23.5,0.058,18.5,154.64,1.66973,-56.7565,-0.19563,0.00071,-0.58633
5979.06,SYN.BTC-23MAR20,1584788141939,open,3.0,0.001,0.0935,0.03777393,126.11,0.04,0.0,BTC-23MAR20-6000-P,5981.85,117.74,0.0355,26.0,0.045,20.0,150.96,1.70989,-57.47931,-0.16447,0.00074,-0.4974
5979.06,SYN.BTC-23MAR20,1584788118218,open,10.0,0.0005,0.051,0.01430043,130.97,0.015,0.0,BTC-23MAR20-6375-C,5981.85,116.67,0.011,30.0,0.017,20.0,142.53,1.39684,-48.76873,0.07624,0.00058,0.26239
5979.06,SYN.BTC-23MAR20,1584788138812,open,7.0,0.0005,0.0695,0.02580555,126.63,0.031,0.0,BTC-23MAR20-6125-C,5981.85,109.62,0.021,28.0,0.0295,20.0,140.11,1.66894,-56.33569,0.11894,0.00072,0.41283
5979.06,SYN.BTC-23MAR20,1584788232510,open,0.0,0.0005,0.0445,0.01117241,136.47,None,0.0,BTC-23MAR20-6500-C,5981.85,120.6,0.008,30.0,0.014,20.0,149.9,1.23667,-44.98792,0.06123,0.00049,0.21041
5979.06,SYN.BTC-23MAR20,1584788095152,open,0.0,0.0005,0.0595,0.01940837,129.15,None,0.0,BTC-23MAR20-6250-C,5981.85,112.19,0.015,29.0,0.023,20.0,143.04,1.55732,-53.61392,0.09629,0.00066,0.33272
5979.06,SYN.BTC-23MAR20,1584788277080,open,0.0,0.0005,0.0345,0.00672202,145.45,None,0.0,BTC-23MAR20-6750-C,5981.85,130.07,0.0045,20.0,0.009,32.0,159.53,0.92245,-35.76609,0.0389,0.00035,0.13328
5979.46,SYN.BTC-24APR20,1584787701914,open,0.01,368.1,0.0005,0.025,0.00842307,140.16,0.0115,0.0,BTC-24APR20-13000-C,5981.85,133.98,0.0065,25.0,0.0105,25.0,145.97,2.00347,-4.14467,0.25412,4e-05,0.05421
5979.46,SYN.BTC-24APR20,1584788336039,open,0.02,464.6,0.0005,0.037,0.01480431,131.24,0.0165,0.0,BTC-24APR20-11000-C,5981.85,127.55,0.013,25.1,0.0165,20.0,134.5,3.02199,-5.85371,0.4319,7e-05,0.09263
5979.46,SYN.BTC-24APR20,1584787934909,open,0.01,375.4,0.0005,0.029,0.01051884,134.67,0.016,0.0,BTC-24APR20-12000-C,5981.85,130.7,0.009,25.0,0.012,20.0,138.25,2.38537,-4.74155,0.31768,5e-05,0.06776
5978.78,SYN.BTC-24APR20,1584787701133,open,0.0,364.6,0.0005,0.017,0.00217635,162.87,0.0015,0.0,BTC-24APR20-20000-C,5981.85,156.02,0.0015,1.9,0.003,25.9,169.46,0.66697,-1.60334,0.06798,1e-05,0.01442
5978.78,SYN.BTC-24APR20,1584787701138,open,0.01,619.2,0.0005,0.021,0.00635434,143.19,0.0115,0.0,BTC-24APR20-14000-C,5981.85,135.64,0.0045,25.0,0.0085,25.0,150.44,1.62057,-3.42505,0.19566,3e-05,0.04161
5978.78,SYN.BTC-24APR20,1584787701727,open,0.0,1507.0,0.0005,0.016,0.00107076,184.52,0.001,0.0,BTC-24APR20-28000-C,5981.85,171.77,0.0005,17.1,0.002,25.0,197.03,0.34774,-0.94707,0.03202,1e-05,0.00684
5978.78,SYN.BTC-24APR20,1584787701885,open,0.0,396.8,0.0005,0.016,0.00144843,174.52,0.0025,0.0,BTC-24APR20-24000-C,5981.85,167.92,0.001,0.1,0.002,25.0,180.87,0.46112,-1.18777,0.04429,1e-05,0.00943
5978.78,SYN.BTC-24APR20,1584787701552,open,0.01,262.6,0.0005,0.0305,0.01283913,162.73,0.015,0.0,BTC-24APR20-3000-P,5981.85,156.68,0.011,45.0,0.015,25.0,169.26,1.897,-4.55636,-0.35219,4e-05,-0.05062
5978.78,SYN.BTC-24APR20,1584787701900,open,0.0,838.2,0.0005,0.019,0.00446057,151.95,0.0075,0.0,BTC-24APR20-16000-C,5981.85,146.84,0.0035,0.5,0.0055,25.0,156.78,1.20655,-2.70604,0.13645,2e-05,0.02905
6016.02,BTC-25SEP20,1584788253437,open,0.03,142.6,0.006,0.0595,0.02827016,113.69,0.034,0.0,BTC-25SEP20-24000-C,5981.85,111.43,0.0255,20.0,0.031,8.0,115.84,7.50809,-2.27176,2.18459,4e-05,0.0988
5989.32,BTC-26JUN20,1584787752179,open,0.09,958.4,0.033,0.1325,0.08355119,117.12,0.074,0.0,BTC-26JUN20-10000-C,5981.85,113.41,0.077,18.7,0.0895,28.7,120.48,10.59446,-6.40441,3.31285,0.0001,0.2919
6016.02,BTC-25SEP20,1584788336315,open,0.13,332.5,0.061,0.186,0.12733839,108.83,0.1205,0.0,BTC-25SEP20-11000-C,5981.85,105.49,0.1185,18.5,0.1315,16.4,110.39,16.00455,-4.63554,6.92791,8e-05,0.35106
6016.02,BTC-25SEP20,1584788315054,open,0.04,179.4,0.0145,0.065,0.03807073,116.09,0.0365,0.0,BTC-25SEP20-2500-P,5981.85,113.9,0.036,32.0,0.0405,8.0,118.53,5.83807,-1.80365,-3.36837,3e-05,-0.07067
6016.02,BTC-25SEP20,1584788273402,open,0.02,262.6,0.004,0.0475,0.02075773,115.52,0.023,0.0,BTC-25SEP20-28000-C,5981.85,113.22,0.0185,20.0,0.023,8.0,117.67,6.09634,-1.87423,1.67305,3e-05,0.07478
5989.32,BTC-26JUN20,1584788335579,open,0.25,255.4,0.1605,0.2945,0.23627595,117.04,0.243,0.0,BTC-26JUN20-6000-C,5981.85,112.84,0.228,35.4,0.242,24.2,119.96,11.77325,-7.11191,6.05773,0.00011,0.61735
5974.86,BTC-27MAR20,1584787780787,open,0.0,327.5,0.0005,0.0155,0.0,198.07,0.0005,0.0,BTC-27MAR20-24000-C,5981.85,0.0,0.0,0.0,0.001,40.0,403.35,0.0,-1e-05,0.0,0.0,0.0
5975.29,SYN.BTC-3APR20,1584788007178,open,0.04,2.4,0.0035,0.0615,0.02729283,132.61,0.074,0.0,BTC-3APR20-7500-C,5981.85,123.69,0.0225,34.9,0.03,23.9,137.53,3.28229,-16.90208,0.39648,0.0002,0.21535
5975.29,SYN.BTC-3APR20,1584788091553,open,0.01,67.9,0.0015,0.0425,0.0162381,160.37,0.015,0.0,BTC-3APR20-4250-P,5981.85,151.69,0.0135,37.0,0.0195,37.0,169.86,1.969,-12.26214,-0.24498,0.0001,-0.09996
5974.86,BTC-27MAR20,1584787780762,open,0.0,522.4,0.0005,0.0155,0.0,198.07,0.0005,0.0,BTC-27MAR20-26000-C,5981.85,0.0,0.0,0.0,0.001,27.0,422.61,0.0,0.0,0.0,0.0,0.0
5975.29,SYN.BTC-3APR20,1584788335575,open,0.02,50.0,0.0005,0.037,0.01278598,139.3,0.017,0.0,BTC-3APR20-8500-C,5981.85,132.67,0.0105,38.0,0.015,25.0,145.32,2.13691,-11.55937,0.20905,0.00012,0.11194
5974.86,BTC-27MAR20,1584787780882,open,0.0,925.1,0.0005,0.0155,7e-08,198.07,0.001,0.0,BTC-27MAR20-20000-C,5981.85,0.0,0.0,0.0,0.001,45.0,358.67,5e-05,-0.0004,0.0,0.0,0.0
5974.38,BTC-27MAR20,1584787780573,open,0.0,371.4,0.0005,0.0155,0.00049685,198.03,0.0005,0.0,BTC-27MAR20-11500-C,5981.85,0.0,0.0,0.0,0.002,45.0,234.61,0.13937,-2.34859,0.00583,1e-05,0.00655
5975.29,SYN.BTC-3APR20,1584788194235,open,0.11,15.1,0.0385,0.1455,0.09517572,129.69,0.093,0.0,BTC-3APR20-6000-C,5981.85,122.2,0.0895,27.2,0.1,27.2,136.29,4.45267,-22.42467,0.94151,0.00027,0.54175
5989.8,BTC-26JUN20,1584787701527,open,0.01,609.7,0.0005,0.02,0.00517971,135.02,0.0065,0.0,BTC-26JUN20-30000-C,5981.85,130.7,0.004,21.0,0.0065,32.0,139.16,1.77392,-1.2362,0.30743,1e-05,0.02451
128.11,SYN.ETH-23MAR20,1584788324827,open,0.0,0.0005,0.077,0.03081,131.02,None,0.0,ETH-23MAR20-130-C,128.3,117.6,0.027,256.0,0.04,256.0,163.28,0.03642,-1.27198,0.0028,0.03296,0.45658
138.41,SYN.ETH-25SEP20,1584787038004,open,0.1,493.0,0.049,0.1585,0.104285,118.4,0.124,0.0,ETH-25SEP20-320-C,128.3,113.28,0.092,291.0,0.117,341.0,123.52,0.3383,-0.1066,0.13024,0.0029,0.28709
5989.8,BTC-26JUN20,1584787701526,open,0.01,1087.3,0.0005,0.033,0.01256671,130.72,0.0185,0.0,BTC-26JUN20-22000-C,5981.85,124.94,0.0095,60.0,0.016,34.0,136.26,3.44988,-2.3276,0.68016,3e-05,0.05535
138.41,SYN.ETH-25SEP20,1584788317309,open,0.16,482.0,0.0925,0.219,0.160184,116.33,0.15,0.0,ETH-25SEP20-240-C,128.3,111.74,0.1475,283.0,0.173,328.0,120.91,0.3847,-0.1191,0.17392,0.00335,0.4043
138.41,SYN.ETH-25SEP20,1584786460536,open,0.03,522.0,0.0055,0.0535,0.026182,126.51,0.0245,0.0,ETH-25SEP20-720-C,128.3,120.1,0.0195,300.0,0.034,300.0,132.93,0.15648,-0.05269,0.04293,0.00125,0.08644
5989.32,BTC-26JUN20,1584787701007,open,0.02,586.8,0.003,0.0435,0.01853903,124.12,0.0205,0.0,BTC-26JUN20-18000-C,5981.85,121.39,0.0165,20.0,0.0205,32.0,126.6,4.61301,-2.95525,0.98646,4e-05,0.0806
5974.86,BTC-27MAR20,1584787780880,open,0.0,377.3,0.0005,0.0155,1e-08,198.07,0.0005,0.0,BTC-27MAR20-22000-C,5981.85,0.0,0.0,0.0,0.001,40.0,382.18,1e-05,-6e-05,0.0,0.0,0.0
