underlying_price,underlying_index,timestamp,state,settlement_price,open_interest,min_price,max_price,mark_price,mark_iv,last_price,interest_rate,instrument_name,index_price,bid_iv,best_bid_price,best_bid_amount,best_ask_price,best_ask_amount,ask_iv,vega,theta,rho,gamma,delta
7185.61,SYN.BTC-3JAN20,1577876340139,open,0.01,447.5,0.0005,0.025,0.00496013,50.73,0.0045,0.0,BTC-3JAN20-7000-P,7183.23,48.6,0.0045,8.0,0.0055,24.0,53.18,1.56534,-21.16919,-0.08688,0.00116,-0.23032
131.02,SYN.ETH-31JAN20,1577876340162,open,0.18,192.0,0.136,0.221,0.177529,70.9,0.176,0.0,ETH-31JAN20-150-P,130.37,69.32,0.176,48.0,0.181,240.0,74.44,0.12746,-0.15125,-0.09562,0.01279,-0.71408
131.02,SYN.ETH-31JAN20,1577876340162,open,0.08,96.0,0.051,0.116,0.083027,69.65,0.08,0.0,ETH-31JAN20-130-C,130.37,66.09,0.079,396.0,0.086,144.0,72.28,0.14811,-0.17265,0.05065,0.01513,0.55528
131.02,SYN.ETH-31JAN20,1577876340164,open,0.32,0.0,0.295,0.345,0.319625,89.04,None,0.0,ETH-31JAN20-90-C,130.37,0.0,0.313,1.0,0.332,37.0,118.68,0.04147,-0.0618,0.06711,0.00331,0.94538
131.02,SYN.ETH-31JAN20,1577876340164,open,0.08,1.0,0.043,0.111,0.075211,69.65,0.068,0.0,ETH-31JAN20-130-P,130.37,66.81,0.072,144.0,0.079,650.0,73.01,0.14811,-0.17265,-0.05576,0.01513,-0.44472
131.02,SYN.ETH-31JAN20,1577876340164,open,0.02,1130.0,0.007,0.044,0.022094,73.87,0.021,0.0,ETH-31JAN20-110-P,130.37,71.0,0.02,744.0,0.024,457.0,76.42,0.09675,-0.11961,-0.02117,0.00932,-0.17535
131.64,SYN.ETH-28FEB20,1577876340176,open,0.05,12.0,0.026,0.089,0.054903,78.08,0.055,0.0,ETH-28FEB20-160-C,130.37,76.03,0.052,474.0,0.058,462.0,80.25,0.18706,-0.12618,0.055,0.00872,0.31842
131.64,SYN.ETH-28FEB20,1577876340176,open,0.03,334.0,0.012,0.056,0.030523,80.97,0.029,0.0,ETH-28FEB20-100-P,130.37,81.47,0.031,2.0,0.032,192.0,82.51,0.12509,-0.0875,-0.0388,0.00562,-0.15535
131.64,SYN.ETH-28FEB20,1577876340176,open,0.16,0.0,0.125,0.203,0.164877,76.3,None,0.0,ETH-28FEB20-120-C,130.37,72.89,0.16,621.0,0.169,384.0,79.18,0.18842,-0.1242,0.10669,0.00899,0.676
131.64,SYN.ETH-28FEB20,1577876340176,open,0.02,725.0,0.006,0.037,0.017942,84.68,0.017,0.0,ETH-28FEB20-90-P,130.37,81.79,0.016,800.0,0.019,50.0,86.21,0.09027,-0.06604,-0.02409,0.00388,-0.09745
131.64,SYN.ETH-28FEB20,1577876340179,open,0.27,21.0,0.237,0.304,0.270858,80.97,0.267,0.0,ETH-28FEB20-100-C,130.37,43.64,0.244,40.0,0.292,40.0,101.69,0.12509,-0.0875,0.11977,0.00562,0.84465
131.64,SYN.ETH-28FEB20,1577876340179,open,0.27,0.0,0.219,0.324,0.270367,78.08,None,0.0,ETH-28FEB20-160-P,130.37,0.0,0.215,1.0,0.0,0.0,0.0,0.18706,-0.12618,-0.1987,0.00872,-0.68158
131.64,SYN.ETH-28FEB20,1577876340179,open,0.04,3.0,0.018,0.074,0.042679,79.77,0.043,0.0,ETH-28FEB20-170-C,130.37,77.67,0.04,481.0,0.045,469.0,81.56,0.1697,-0.11695,0.04516,0.00774,0.25903
131.64,SYN.ETH-28FEB20,1577876340179,open,0.09,55.0,0.058,0.132,0.0945,75.77,0.095,0.0,ETH-28FEB20-140-C,130.37,73.56,0.091,409.0,0.098,220.0,77.97,0.20882,-0.13669,0.0802,0.01003,0.47875
131.64,SYN.ETH-28FEB20,1577876340179,open,0.12,7.0,0.086,0.163,0.124832,75.35,0.128,0.0,ETH-28FEB20-130-C,130.37,73.54,0.122,255.0,0.129,220.0,78.02,0.20531,-0.13365,0.09418,0.00992,0.57602
131.64,SYN.ETH-28FEB20,1577876340179,open,0.21,0.0,0.162,0.262,0.211203,76.72,None,0.0,ETH-28FEB20-150-P,130.37,74.63,0.208,144.0,0.217,144.0,80.5,0.20138,-0.13348,-0.17104,0.00955,-0.60822
131.64,SYN.ETH-28FEB20,1577876340179,open,0.33,20.0,0.305,0.364,0.334244,84.68,0.328,0.0,ETH-28FEB20-90-C,130.37,43.42,0.317,40.0,0.351,40.0,106.2,0.09027,-0.06604,0.11862,0.00388,0.90255
131.64,SYN.ETH-28FEB20,1577876340179,open,0.21,4.0,0.176,0.249,0.21331,77.71,0.211,0.0,ETH-28FEB20-110-C,130.37,50.49,0.183,41.0,0.217,1.0,80.73,0.15961,-0.10715,0.11596,0.00748,0.76884
131.64,SYN.ETH-28FEB20,1577876340182,open,0.03,461.0,0.013,0.062,0.033547,81.49,0.034,0.0,ETH-28FEB20-180-C,130.37,80.14,0.032,192.0,0.036,666.0,83.6,0.1516,-0.10673,0.0371,0.00677,0.21127
136.15,SYN.ETH-25SEP20,1577876340433,open,0.15,7.0,0.093,0.214,0.151637,89.56,0.201,0.0,ETH-25SEP20-220-C,130.37,86.95,0.143,392.0,0.16,392.0,92.08,0.45191,-0.07555,0.25264,0.00371,0.40448
136.15,SYN.ETH-25SEP20,1577876340487,open,0.2,20.0,0.136,0.26,0.198124,86.89,0.254,0.0,ETH-25SEP20-180-C,130.37,84.8,0.191,395.0,0.209,395.0,90.07,0.46531,-0.07546,0.30047,0.00394,0.49883
136.15,SYN.ETH-25SEP20,1577876340487,open,0.04,172.0,0.019,0.065,0.038928,92.4,0.036,0.0,ETH-25SEP20-60-P,130.37,89.15,0.035,170.0,0.043,470.0,95.67,0.16715,-0.02883,-0.11506,0.00133,-0.07622
136.15,SYN.ETH-25SEP20,1577876340487,open,0.28,20.0,0.217,0.338,0.278548,86.31,0.292,0.0,ETH-25SEP20-140-C,130.37,84.91,0.274,2.0,0.287,427.0,88.93,0.44036,-0.07095,0.35124,0.00375,0.63006
136.15,SYN.ETH-25SEP20,1577876340487,open,0.52,0.0,0.438,0.605,0.520195,86.89,0.58,0.0,ETH-25SEP20-180-P,130.37,0.0,0.0,0.0,0.599,1.0,110.07,0.46531,-0.07546,-1.02056,0.00394,-0.50117
136.15,SYN.ETH-25SEP20,1577876340487,open,0.31,0.0,0.238,0.378,0.306825,86.31,None,0.0,ETH-25SEP20-140-P,130.37,82.98,0.296,350.0,0.314,350.0,88.54,0.44036,-0.07095,-0.67623,0.00375,-0.36994
136.15,SYN.ETH-25SEP20,1577876340487,open,0.23,20.0,0.171,0.294,0.233176,86.31,0.237,0.0,ETH-25SEP20-160-C,130.37,83.6,0.224,391.0,0.244,391.0,89.52,0.46001,-0.07411,0.32675,0.00392,0.56018
136.15,SYN.ETH-25SEP20,1577876340487,open,0.14,18.0,0.091,0.189,0.138282,86.56,0.128,0.0,ETH-25SEP20-100-P,130.37,84.05,0.132,442.0,0.145,442.0,89.24,0.34142,-0.05516,-0.35367,0.0029,-0.21567
136.15,SYN.ETH-25SEP20,1577876340487,open,0.08,20.0,0.047,0.119,0.080363,88.92,0.081,0.0,ETH-25SEP20-80-P,130.37,85.56,0.074,460.0,0.087,460.0,92.37,0.26,-0.04315,-0.2205,0.00215,-0.14031
136.15,SYN.ETH-25SEP20,1577876340489,open,0.33,0.0,0.276,0.389,0.334377,86.31,None,0.0,ETH-25SEP20-120-C,130.37,82.47,0.323,423.0,0.343,423.0,89.24,0.40208,-0.06478,0.3709,0.00342,0.70557
136.15,SYN.ETH-25SEP20,1577876340489,open,0.4,0.0,0.352,0.453,0.403798,86.56,None,0.0,ETH-25SEP20-100-C,130.37,73.81,0.372,52.0,0.437,52.0,99.79,0.34142,-0.05516,0.38024,0.0029,0.78433
136.15,SYN.ETH-25SEP20,1577876340489,open,0.22,189.0,0.156,0.278,0.215758,86.31,0.199,0.0,ETH-25SEP20-120-P,130.37,82.68,0.205,412.0,0.222,412.0,88.43,0.40208,-0.06478,-0.50979,0.00342,-0.29443
136.15,SYN.ETH-25SEP20,1577876340489,open,0.17,8.0,0.113,0.235,0.173151,88.47,0.158,0.0,ETH-25SEP20-200-C,130.37,85.76,0.164,389.0,0.182,389.0,91.08,0.46149,-0.07621,0.27553,0.00383,0.4489
136.15,SYN.ETH-25SEP20,1577876340489,open,0.49,0.0,0.451,0.533,0.492776,88.92,None,0.0,ETH-25SEP20-80-C,130.37,73.81,0.465,53.0,0.516,53.0,100.86,0.26,-0.04315,0.36662,0.00215,0.85969
136.15,SYN.ETH-25SEP20,1577876340489,open,0.6,0.0,0.569,0.628,0.598237,92.4,None,0.0,ETH-25SEP20-60-C,130.37,73.88,0.578,56.0,0.612,56.0,103.1,0.16715,-0.02883,0.32528,0.00133,0.92378
131.64,SYN.ETH-28FEB20,1577876340635,open,0.01,520.0,0.001,0.025,0.010728,90.78,0.009,0.0,ETH-28FEB20-80-P,130.37,86.97,0.009,800.0,0.012,240.0,93.41,0.06209,-0.0487,-0.01467,0.00249,-0.05957
131.64,SYN.ETH-28FEB20,1577876340635,open,0.55,0.0,0.486,0.603,0.541426,85.63,None,0.0,ETH-28FEB20-200-P,130.37,0.0,0.001,5.0,0.0,0.0,0.0,0.11971,-0.08856,-0.29138,0.00509,-0.85457
132.25,ETH-27MAR20,1577876341346,open,0.24,0.0,0.201,0.284,0.243438,81.99,None,0.0,ETH-27MAR20-110-C,130.37,76.52,0.235,236.0,0.248,236.0,84.91,0.20555,-0.09812,0.15638,0.00609,0.74603
132.25,ETH-27MAR20,1577876341346,open,0.48,0.0,0.461,0.509,0.484126,96.56,None,0.0,ETH-27MAR20-70-C,130.37,0.0,0.47,46.0,0.497,46.0,116.77,0.07201,-0.04048,0.1432,0.00181,0.94437
132.25,ETH-27MAR20,1577876341346,open,0.08,130.0,0.042,0.113,0.075196,81.99,0.085,0.0,ETH-27MAR20-110-P,130.37,79.93,0.072,595.0,0.078,275.0,83.79,0.20555,-0.09812,-0.10242,0.00609,-0.25397
130.56,SYN.ETH-10JAN20,1577876341610,open,0.16,0.0,0.133,0.191,0.162399,82.01,None,0.0,ETH-10JAN20-110-C,130.37,0.0,0.157,1.0,0.177,32.0,127.28,0.03031,-0.14001,0.02405,0.00892,0.91986
130.56,SYN.ETH-10JAN20,1577876341610,open,0.09,227.0,0.052,0.122,0.085956,61.82,0.075,0.0,ETH-10JAN20-140-P,130.37,55.68,0.083,60.0,0.09,60.0,69.75,0.06465,-0.22515,-0.02655,0.02523,-0.75035
130.56,SYN.ETH-10JAN20,1577876341610,open,0.0,66.0,0.001,0.012,0.002447,100.15,0.002,0.0,ETH-10JAN20-100-P,130.37,96.4,0.002,299.0,0.003,326.0,104.28,0.01649,-0.09302,-0.00125,0.00397,-0.03706
130.56,SYN.ETH-10JAN20,1577876341610,open,0.0,2346.0,0.001,0.018,0.004647,66.46,0.005,0.0,ETH-10JAN20-150-C,130.37,63.99,0.004,18.0,0.005,15.0,67.73,0.03547,-0.1328,0.003,0.01288,0.09901
130.56,SYN.ETH-10JAN20,1577876341610,open,0.01,80.0,0.001,0.018,0.004896,82.01,0.004,0.0,ETH-10JAN20-110-P,130.37,77.96,0.004,596.0,0.006,301.0,86.54,0.03031,-0.14001,-0.0027,0.00892,-0.08014
130.56,SYN.ETH-10JAN20,1577876341610,open,0.01,385.0,0.002,0.031,0.011531,66.21,0.012,0.0,ETH-10JAN20-120-P,130.37,62.55,0.01,540.0,0.013,240.0,69.59,0.05569,-0.2077,-0.00648,0.02029,-0.19246
130.56,SYN.ETH-10JAN20,1577876341610,open,0.04,798.0,0.015,0.068,0.040356,61.49,0.039,0.0,ETH-10JAN20-130-C,130.37,57.69,0.038,248.0,0.043,1.0,65.76,0.08087,-0.28014,0.01577,0.03173,0.53709
130.56,SYN.ETH-10JAN20,1577876341610,open,0.04,271.0,0.012,0.066,0.036034,61.49,0.034,0.0,ETH-10JAN20-130-P,130.37,56.59,0.033,431.0,0.039,431.0,66.28,0.08087,-0.28014,-0.01584,0.03173,-0.46291
130.56,SYN.ETH-10JAN20,1577876341610,open,0.31,1.0,0.29,0.335,0.312041,120.0,0.311,0.0,ETH-10JAN20-90-C,130.37,0.0,0.3,35.0,0.32,35.0,176.83,0.0093,-0.06288,0.02125,0.00187,0.98132
130.56,SYN.ETH-10JAN20,1577876341610,open,0.16,1.0,0.118,0.192,0.153506,66.46,0.15,0.0,ETH-10JAN20-150-P,130.37,49.15,0.15,60.0,0.157,60.0,77.73,0.03547,-0.1328,-0.03348,0.01288,-0.90099
130.56,SYN.ETH-10JAN20,1577876341610,open,0.01,1263.0,0.002,0.034,0.013688,61.82,0.013,0.0,ETH-10JAN20-140-C,130.37,58.36,0.012,526.0,0.015,65.0,64.44,0.06465,-0.22515,0.00749,0.02523,0.24965
130.56,SYN.ETH-10JAN20,1577876341610,open,0.23,1.0,0.211,0.262,0.236541,100.15,0.235,0.0,ETH-10JAN20-100-C,130.37,0.0,0.222,33.0,0.247,33.0,149.99,0.01649,-0.09302,0.02306,0.00397,0.96294
130.56,SYN.ETH-10JAN20,1577876341610,open,0.0,291.0,0.001,0.011,0.001356,120.0,0.001,0.0,ETH-10JAN20-90-P,130.37,114.51,0.001,500.0,0.002,329.0,127.97,0.0093,-0.06288,-0.00064,0.00187,-0.01868
130.56,SYN.ETH-10JAN20,1577876341614,open,0.0,343.0,0.001,0.012,0.00202,74.11,0.002,0.0,ETH-10JAN20-160-C,130.37,65.67,0.001,11.0,0.003,332.0,80.07,0.0191,-0.07976,0.00135,0.00622,0.04444
130.56,SYN.ETH-10JAN20,1577876341614,open,0.23,0.0,0.191,0.268,0.22747,74.11,None,0.0,ETH-10JAN20-160-P,130.37,0.0,0.0,0.0,0.0,0.0,0.0,0.0191,-0.07976,-0.03756,0.00622,-0.95556
136.15,SYN.ETH-25SEP20,1577876341761,open,0.06,2.0,0.026,0.114,0.063567,97.88,0.065,0.0,ETH-25SEP20-400-C,130.37,95.03,0.057,399.0,0.07,299.0,100.57,0.31983,-0.05843,0.1296,0.0024,0.19327
136.15,SYN.ETH-25SEP20,1577876341761,open,2.01,0.0,1.884,2.133,2.001504,97.88,None,0.0,ETH-25SEP20-400-P,130.37,0.0,0.0,0.0,0.0,0.0,0.0,0.31983,-0.05843,-2.80603,0.0024,-0.80673
136.15,SYN.ETH-25SEP20,1577876341761,open,0.08,1.0,0.034,0.131,0.076578,97.2,0.067,0.0,ETH-25SEP20-360-C,130.37,95.4,0.072,1.0,0.081,397.0,98.9,0.35087,-0.06366,0.14951,0.00265,0.22621
136.15,SYN.ETH-25SEP20,1577876341761,open,0.13,2.0,0.078,0.195,0.134125,90.66,0.122,0.0,ETH-25SEP20-240-C,130.37,88.13,0.126,395.0,0.142,395.0,93.09,0.43895,-0.07428,0.23204,0.00356,0.36634
136.15,SYN.ETH-25SEP20,1577876341761,open,0.06,42.0,0.022,0.106,0.056559,99.96,0.057,0.0,ETH-25SEP20-440-C,130.37,98.32,0.053,100.0,0.06,303.0,101.51,0.29869,-0.05573,0.11655,0.0022,0.1732
136.15,SYN.ETH-25SEP20,1577876341761,open,2.29,0.0,2.164,2.428,2.288289,99.96,None,0.0,ETH-25SEP20-440-P,130.37,0.0,0.0,0.0,0.0,0.0,0.0,0.29869,-0.05573,-3.11264,0.0022,-0.8268
136.15,SYN.ETH-25SEP20,1577876341761,open,0.05,80.0,0.019,0.098,0.050554,101.68,0.05,0.0,ETH-25SEP20-480-C,130.37,99.41,0.046,100.0,0.055,300.0,103.81,0.27914,-0.05298,0.10538,0.00202,0.15602
136.15,SYN.ETH-25SEP20,1577876341761,open,1.44,0.0,1.332,1.555,1.438438,94.48,None,0.0,ETH-25SEP20-320-P,130.37,0.0,0.0,0.0,0.0,0.0,0.0,0.37644,-0.06639,-2.17923,0.00293,-0.7425
136.15,SYN.ETH-25SEP20,1577876341761,open,0.11,1.0,0.057,0.166,0.107105,92.6,0.097,0.0,ETH-25SEP20-280-C,130.37,90.21,0.1,400.0,0.114,400.0,94.88,0.4081,-0.07054,0.19697,0.00324,0.30423
136.15,SYN.ETH-25SEP20,1577876341761,open,0.9,0.0,0.802,0.998,0.896887,90.66,None,0.0,ETH-25SEP20-240-P,130.37,0.0,0.0,0.0,0.928,1.0,100.15,0.43895,-0.07428,-1.52934,0.00356,-0.63366
136.15,SYN.ETH-25SEP20,1577876341761,open,0.09,19.0,0.043,0.144,0.08809,94.48,0.083,0.0,ETH-25SEP20-320-C,130.37,92.25,0.082,394.0,0.094,298.0,96.6,0.37644,-0.06639,0.16927,0.00293,0.2575
136.15,SYN.ETH-25SEP20,1577876341761,open,2.58,0.0,2.445,2.724,2.576077,101.68,None,0.0,ETH-25SEP20-480-P,130.37,0.0,0.0,0.0,0.0,0.0,0.0,0.27914,-0.05298,-3.41736,0.00202,-0.84398
136.15,SYN.ETH-25SEP20,1577876341763,open,1.73,0.0,1.608,1.846,1.720721,97.2,None,0.0,ETH-25SEP20-360-P,130.37,0.0,0.0,0.0,0.0,0.0,0.0,0.35087,-0.06366,-2.49255,0.00265,-0.77379
132.25,ETH-27MAR20,1577876342091,open,0.03,8030.0,0.009,0.057,0.027598,94.5,0.028,0.0,ETH-27MAR20-240-C,130.37,92.06,0.025,300.0,0.03,540.0,96.66,0.14422,-0.07935,0.03562,0.00371,0.14209
134.2,ETH-26JUN20,1577876342091,open,0.17,203.0,0.118,0.227,0.172424,85.97,0.183,0.0,ETH-26JUN20-160-C,130.37,82.94,0.164,451.0,0.176,451.0,87.26,0.37269,-0.09058,0.21444,0.00497,0.50217
134.2,ETH-26JUN20,1577876342091,open,0.03,727.0,0.007,0.058,0.025543,103.31,0.025,0.0,ETH-26JUN20-440-C,130.37,100.25,0.022,420.0,0.029,420.0,106.08,0.16186,-0.04727,0.04729,0.0018,0.09826
134.2,ETH-26JUN20,1577876342095,open,0.02,295.0,0.004,0.045,0.017529,109.64,0.017,0.0,ETH-26JUN20-560-C,130.37,106.75,0.015,420.0,0.02,120.0,112.24,0.1228,-0.03806,0.03288,0.00128,0.0681
131.02,SYN.ETH-31JAN20,1577876342095,open,0.01,1862.0,0.001,0.026,0.009982,79.84,0.011,0.0,ETH-31JAN20-180-C,130.37,77.85,0.009,240.0,0.011,510.0,81.81,0.06625,-0.08852,0.00976,0.0059,0.10096
132.25,ETH-27MAR20,1577876342098,open,0.3,4564.0,0.243,0.362,0.301102,83.47,0.375,0.0,ETH-27MAR20-160-P,130.37,79.65,0.294,144.0,0.308,144.0,87.15,0.24689,-0.11999,-0.28214,0.00719,-0.60566
130.41,SYN.ETH-3JAN20,1577876342101,open,0.15,2.0,0.131,0.183,0.156979,112.54,0.157,0.0,ETH-3JAN20-110-C,130.37,0.0,0.143,29.0,0.169,29.0,234.22,0.0037,-0.11089,0.00554,0.00376,0.98423
134.2,ETH-26JUN20,1577876342104,open,0.21,695.0,0.16,0.268,0.215085,84.42,0.205,0.0,ETH-26JUN20-140-C,130.37,81.8,0.208,445.0,0.22,445.0,86.23,0.36364,-0.08677,0.24237,0.00494,0.58777
132.25,ETH-27MAR20,1577876342144,open,0.0,5912.0,0.001,0.011,0.001762,120.0,0.005,0.0,ETH-27MAR20-600-C,130.37,121.68,0.002,528.0,0.005,397.0,135.88,0.01788,-0.01249,0.00273,0.00036,0.01053
132.25,ETH-27MAR20,1577876342144,open,2.65,0.0,2.525,2.757,2.634512,120.0,None,0.0,ETH-27MAR20-480-P,130.37,0.0,0.004,50.0,0.0,0.0,0.0,0.04023,-0.02811,-1.12242,0.00081,-0.9728
132.25,ETH-27MAR20,1577876342156,open,0.41,20.0,0.388,0.445,0.415974,90.26,0.613,0.0,ETH-27MAR20-80-C,130.37,53.07,0.397,44.0,0.434,44.0,111.28,0.10052,-0.05283,0.15502,0.00271,0.9142
132.25,ETH-27MAR20,1577876342156,open,1.14,161.0,1.063,1.22,1.13677,101.63,1.397,0.0,ETH-27MAR20-280-P,130.37,0.0,0.002,50.0,0.0,0.0,0.0,0.1135,-0.06716,-0.6334,0.00271,-0.89888
132.25,ETH-27MAR20,1577876342156,open,0.02,1012.0,0.008,0.041,0.020889,90.26,0.022,0.0,ETH-27MAR20-80-P,130.37,87.73,0.019,320.0,0.023,620.0,92.98,0.10052,-0.05283,-0.0332,0.00271,-0.0858
130.41,SYN.ETH-3JAN20,1577876342156,open,0.0,1471.0,0.001,0.019,0.003332,93.67,0.003,0.0,ETH-3JAN20-120-P,130.37,91.0,0.003,288.0,0.004,600.0,98.71,0.01659,-0.41434,-0.0007,0.02027,-0.10157
131.02,SYN.ETH-31JAN20,1577876342156,open,0.12,425.0,0.083,0.162,0.121279,70.07,0.102,0.0,ETH-31JAN20-140-P,130.37,68.01,0.119,144.0,0.126,144.0,74.3,0.14563,-0.17077,-0.0764,0.01479,-0.59108
131.02,SYN.ETH-31JAN20,1577876342156,open,0.0,1797.0,0.001,0.012,0.002013,108.08,0.004,0.0,ETH-31JAN20-260-C,130.37,98.83,0.001,4.0,0.003,397.0,114.39,0.01786,-0.03231,0.00189,0.00118,0.01962
131.02,SYN.ETH-31JAN20,1577876342156,open,0.25,1.0,0.199,0.289,0.242289,73.43,0.148,0.0,ETH-31JAN20-160-P,130.37,60.66,0.233,240.0,1.238,1.0,500.0,0.10456,-0.12849,-0.11191,0.01013,-0.80123
131.02,SYN.ETH-31JAN20,1577876342156,open,0.84,0.0,0.779,0.894,0.833739,97.64,None,0.0,ETH-31JAN20-240-P,130.37,0.0,0.011,3.0,0.0,0.0,0.0,0.01916,-0.03131,-0.19437,0.0014,-0.97868
130.41,SYN.ETH-3JAN20,1577876342156,open,0.0,345.0,0.001,0.011,0.000277,120.0,0.001,0.0,ETH-3JAN20-160-C,130.37,0.0,0.0,0.0,0.001,1.0,143.53,0.00245,-0.03619,6e-05,0.00233,0.0098
132.25,ETH-27MAR20,1577876342158,open,1.74,7.0,1.646,1.832,1.733154,111.81,1.702,0.0,ETH-27MAR20-360-P,130.37,0.0,0.01,30.0,0.0,0.0,0.0,0.074,-0.04817,-0.83251,0.00161,-0.94241
132.25,ETH-27MAR20,1577876342162,open,0.7,30.0,0.633,0.771,0.698639,91.43,0.306,0.0,ETH-27MAR20-220-P,130.37,0.0,0.001,9.0,0.0,0.0,0.0,0.16672,-0.08875,-0.47338,0.00443,-0.82272
132.25,ETH-27MAR20,1577876342162,open,0.13,662.0,0.089,0.177,0.133303,81.33,0.125,0.0,ETH-27MAR20-140-C,130.37,79.11,0.129,264.0,0.138,264.0,83.76,0.25556,-0.12102,0.12066,0.00764,0.52109
134.2,ETH-26JUN20,1577876342162,open,0.08,567.0,0.038,0.127,0.078622,90.47,0.077,0.0,ETH-26JUN20-240-C,130.37,88.0,0.073,430.0,0.084,430.0,92.77,0.30976,-0.07922,0.12545,0.00392,0.27153
132.25,ETH-27MAR20,1577876342162,open,0.0,2340.0,0.001,0.014,0.003499,120.0,0.004,0.0,ETH-27MAR20-520-C,130.37,122.07,0.004,10.0,0.006,96.0,128.91,0.03059,-0.02137,0.00502,0.00062,0.01964
134.2,ETH-26JUN20,1577876342162,open,0.14,2971.0,0.086,0.192,0.137687,86.59,0.145,0.0,ETH-26JUN20-180-C,130.37,83.77,0.13,457.0,0.145,277.0,89.26,0.36632,-0.08967,0.18771,0.00485,0.42633
134.2,ETH-26JUN20,1577876342162,open,3.2,0.0,3.057,3.341,3.190406,109.64,None,0.0,ETH-26JUN20-560-P,130.37,0.0,0.01,50.0,0.0,0.0,0.0,0.1228,-0.03806,-2.68082,0.00128,-0.9319
134.2,ETH-26JUN20,1577876342162,open,3.79,0.0,3.634,3.949,3.782524,112.05,None,0.0,ETH-26JUN20-640-P,130.37,0.0,0.01,50.0,0.0,0.0,0.0,0.10152,-0.03215,-3.07545,0.00104,-0.9466
132.25,ETH-27MAR20,1577876342162,open,0.01,1564.0,0.003,0.037,0.01455,107.35,0.011,0.0,ETH-27MAR20-320-C,130.37,105.04,0.013,1.0,0.016,800.0,109.4,0.09119,-0.057,0.01894,0.00206,0.07542
132.25,ETH-27MAR20,1577876342162,open,2.35,0.0,2.232,2.449,2.334055,119.28,None,0.0,ETH-27MAR20-440-P,130.37,0.0,0.003,50.0,0.0,0.0,0.0,0.05172,-0.03592,-1.02593,0.00105,-0.96314
134.2,ETH-26JUN20,1577876342162,open,0.74,0.0,0.651,0.819,0.732485,89.03,None,0.0,ETH-26JUN20-220-P,130.37,0.0,0.639,50.0,0.0,0.0,0.0,0.33091,-0.08329,-0.92318,0.00426,-0.6871
132.25,ETH-27MAR20,1577876342162,open,0.06,2460.0,0.031,0.103,0.063707,85.68,0.064,0.0,ETH-27MAR20-180-C,130.37,83.45,0.06,586.0,0.067,286.0,87.63,0.22191,-0.1107,0.07249,0.00629,0.29668
130.41,SYN.ETH-3JAN20,1577876342162,open,0.0,1128.0,0.001,0.013,0.001531,66.95,0.003,0.0,ETH-3JAN20-140-C,130.37,61.02,0.001,305.0,0.002,40.0,71.36,0.01295,-0.19964,0.00048,0.02214,0.07294
130.41,SYN.ETH-3JAN20,1577876342162,open,0.02,2613.0,0.001,0.046,0.019907,64.05,0.02,0.0,ETH-3JAN20-130-C,130.37,53.84,0.017,420.0,0.024,420.0,78.42,0.03714,-0.63415,0.00346,0.06634,0.53654
130.41,SYN.ETH-3JAN20,1577876342162,open,0.0,432.0,0.001,0.011,0.001,105.17,0.001,0.0,ETH-3JAN20-150-C,130.37,0.0,0.0,0.0,0.002,600.0,119.87,0.00714,-0.13043,0.00022,0.00777,0.03449
131.02,SYN.ETH-31JAN20,1577876342162,open,0.01,1514.0,0.001,0.017,0.005539,86.81,0.006,0.0,ETH-31JAN20-200-C,130.37,81.68,0.004,760.0,0.007,760.0,90.97,0.04301,-0.06248,0.00554,0.00353,0.0572
134.2,ETH-26JUN20,1577876342164,open,0.09,830.0,0.049,0.144,0.09314,89.03,0.096,0.0,ETH-26JUN20-220-C,130.37,86.94,0.088,427.0,0.098,427.0,90.99,0.33091,-0.08329,0.14292,0.00426,0.3129
134.2,ETH-26JUN20,1577876342164,open,0.87,4.0,0.784,0.957,0.866998,90.47,0.934,0.0,ETH-26JUN20-240-P,130.37,0.0,0.01,50.0,0.0,0.0,0.0,0.30976,-0.07922,-1.03757,0.00392,-0.72847
132.25,ETH-27MAR20,1577876342164,open,0.29,1100.0,0.256,0.332,0.29443,83.5,0.303,0.0,ETH-27MAR20-100-C,130.37,62.41,0.269,43.0,0.325,43.0,106.0,0.17181,-0.08352,0.16166,0.005,0.81399
134.2,ETH-26JUN20,1577876342164,open,0.01,636.0,0.003,0.038,0.013523,112.05,0.015,0.0,ETH-26JUN20-640-C,130.37,108.5,0.011,420.0,0.016,120.0,115.15,0.10152,-0.03215,0.02593,0.00104,0.0534
134.2,ETH-26JUN20,1577876342164,open,2.9,0.0,2.768,3.036,2.893846,107.09,None,0.0,ETH-26JUN20-520-P,130.37,0.0,0.01,50.0,0.0,0.0,0.0,0.13135,-0.03976,-2.48391,0.00141,-0.92566
130.41,SYN.ETH-3JAN20,1577876342164,open,0.02,987.0,0.001,0.044,0.016755,64.05,0.02,0.0,ETH-3JAN20-130-P,130.37,50.86,0.013,434.0,0.019,434.0,71.93,0.03714,-0.63415,-0.00322,0.06634,-0.46346
132.25,ETH-27MAR20,1577876342168,open,0.2,118.0,0.155,0.242,0.199584,81.16,0.19,0.0,ETH-27MAR20-120-C,130.37,77.98,0.194,250.0,0.204,250.0,83.68,0.23192,-0.10959,0.1468,0.00694,0.67139
134.2,ETH-26JUN20,1577876342168,open,2.61,0.0,2.48,2.733,2.598789,105.41,None,0.0,ETH-26JUN20-480-P,130.37,0.0,0.01,50.0,0.0,0.0,0.0,0.14581,-0.04345,-2.28487,0.00159,-0.91465
134.2,ETH-26JUN20,1577876342168,open,0.03,1150.0,0.009,0.065,0.030051,100.98,0.03,0.0,ETH-26JUN20-400-C,130.37,97.86,0.026,420.0,0.034,420.0,103.82,0.18093,-0.05165,0.05501,0.00205,0.11465
130.41,SYN.ETH-3JAN20,1577876342168,open,0.0,2136.0,0.001,0.011,2.1e-05,120.0,0.001,0.0,ETH-3JAN20-100-P,130.37,0.0,0.0,0.0,0.001,40.0,185.63,0.00028,-0.00275,-1e-05,0.00027,-0.00088
131.02,SYN.ETH-31JAN20,1577876342168,open,0.54,0.0,0.484,0.585,0.531977,86.81,None,0.0,ETH-31JAN20-200-P,130.37,0.0,0.011,3.0,0.0,0.0,0.0,0.04301,-0.06248,-0.15816,0.00353,-0.9428
134.2,ETH-26JUN20,1577876342170,open,0.11,1558.0,0.064,0.165,0.112162,87.69,0.106,0.0,ETH-26JUN20-200-C,130.37,85.32,0.106,419.0,0.118,415.0,89.91,0.35074,-0.08694,0.16362,0.00458,0.36375
134.2,ETH-26JUN20,1577876342170,open,1.72,1.0,1.62,1.831,1.719125,98.73,1.827,0.0,ETH-26JUN20-360-P,130.37,0.0,0.015,2.0,0.0,0.0,0.0,0.20528,-0.05729,-1.67896,0.00238,-0.86261
134.2,ETH-26JUN20,1577876342170,open,0.04,778.0,0.012,0.074,0.036561,98.73,0.032,0.0,ETH-26JUN20-360-C,130.37,96.35,0.033,440.0,0.04,440.0,100.93,0.20528,-0.05729,0.06557,0.00238,0.13739
131.02,SYN.ETH-31JAN20,1577876342170,open,0.01,4142.0,0.002,0.027,0.011472,79.7,0.012,0.0,ETH-31JAN20-100-P,130.37,76.61,0.01,800.0,0.013,501.0,82.73,0.06432,-0.08579,-0.01163,0.00574,-0.09696
132.25,ETH-27MAR20,1577876342172,open,1.44,10.0,1.354,1.525,1.434209,107.35,1.59,0.0,ETH-27MAR20-320-P,130.37,0.0,0.011,5.0,0.0,0.0,0.0,0.09119,-0.057,-0.73394,0.00206,-0.92458
131.02,SYN.ETH-31JAN20,1577876342172,open,0.02,1570.0,0.006,0.043,0.021139,73.43,0.022,0.0,ETH-31JAN20-160-C,130.37,71.99,0.02,192.0,0.022,240.0,74.5,0.10456,-0.12849,0.01905,0.01013,0.19877
134.2,ETH-26JUN20,1577876342175,open,0.02,379.0,0.006,0.052,0.022037,105.41,0.024,0.0,ETH-26JUN20-480-C,130.37,102.5,0.019,420.0,0.025,120.0,108.04,0.14581,-0.04345,0.04117,0.00159,0.08535
134.2,ETH-26JUN20,1577876342175,open,0.01,315.0,0.003,0.04,0.015025,110.52,0.017,0.0,ETH-26JUN20-600-C,130.37,106.57,0.012,420.0,0.018,120.0,113.95,0.11005,-0.03438,0.0287,0.00114,0.05915
132.25,ETH-27MAR20,1577876342175,open,0.05,1619.0,0.025,0.083,0.050573,83.5,0.047,0.0,ETH-27MAR20-100-P,130.37,81.5,0.048,320.0,0.053,488.0,85.35,0.17181,-0.08352,-0.07361,0.005,-0.18601
134.2,ETH-26JUN20,1577876342175,open,0.17,2038.0,0.118,0.225,0.169807,84.42,0.145,0.0,ETH-26JUN20-120-P,130.37,80.85,0.161,255.0,0.175,437.0,86.52,0.33148,-0.0791,-0.31472,0.0045,-0.31414
132.25,ETH-27MAR20,1577876342177,open,3.25,0.0,3.112,3.374,3.236873,120.0,None,0.0,ETH-27MAR20-560-P,130.37,0.0,0.02,50.0,0.0,0.0,0.0,0.02334,-0.01631,-1.31386,0.00047,-0.98568
132.25,ETH-27MAR20,1577876342177,open,2.95,0.0,2.818,3.065,2.935446,120.0,None,0.0,ETH-27MAR20-520-P,130.37,0.0,0.006,50.0,0.0,0.0,0.0,0.03059,-0.02137,-1.21841,0.00062,-0.98036
134.2,ETH-26JUN20,1577876342177,open,2.02,0.0,1.906,2.13,2.010677,100.98,None,0.0,ETH-26JUN20-400-P,130.37,0.0,0.01,50.0,0.0,0.0,0.0,0.18093,-0.05165,-1.88335,0.00205,-0.88535
132.25,ETH-27MAR20,1577876342177,open,0.56,1147.0,0.495,0.628,0.558815,88.56,0.645,0.0,ETH-27MAR20-200-P,130.37,0.0,0.512,1.0,1.238,1.0,500.0,0.19344,-0.09974,-0.41434,0.00531,-0.77282
134.2,ETH-26JUN20,1577876342179,open,0.48,426.0,0.404,0.557,0.478969,86.59,0.47,0.0,ETH-26JUN20-180-P,130.37,82.93,0.469,180.0,0.522,200.0,102.21,0.36632,-0.08967,-0.68455,0.00485,-0.57367
134.2,ETH-26JUN20,1577876342232,open,1.15,0.0,1.056,1.241,1.143532,92.7,None,0.0,ETH-26JUN20-280-P,130.37,0.0,0.011,3.0,0.0,0.0,0.0,0.26692,-0.06994,-1.25941,0.0033,-0.79306
134.2,ETH-26JUN20,1577876342232,open,0.02,1346.0,0.008,0.039,0.020442,91.78,0.018,0.0,ETH-26JUN20-60-P,130.37,87.3,0.017,300.0,0.024,301.0,96.1,0.10707,-0.02778,-0.05044,0.00134,-0.05712
132.25,ETH-27MAR20,1577876342232,open,0.0,1221.0,0.001,0.011,0.001272,120.0,0.005,0.0,ETH-27MAR20-640-C,130.37,125.88,0.002,560.0,0.005,398.0,140.39,0.01376,-0.00961,0.00203,0.00028,0.0078
134.2,ETH-26JUN20,1577876342232,open,0.06,610.0,0.024,0.101,0.057094,92.7,0.06,0.0,ETH-26JUN20-280-C,130.37,91.13,0.054,436.0,0.06,25.0,94.15,0.26692,-0.06994,0.09745,0.0033,0.20694
132.25,ETH-27MAR20,1577876342232,open,0.85,118.0,0.774,0.918,0.842343,94.5,0.978,0.0,ETH-27MAR20-240-P,130.37,0.0,0.005,10.0,0.0,0.0,0.0,0.14422,-0.07935,-0.52904,0.00371,-0.85791
131.02,SYN.ETH-31JAN20,1577876342232,open,0.05,2315.0,0.026,0.083,0.052773,70.07,0.055,0.0,ETH-31JAN20-140-C,130.37,67.57,0.05,413.0,0.056,413.0,72.96,0.14563,-0.17077,0.0382,0.01479,0.40892
131.02,SYN.ETH-31JAN20,1577876342232,open,0.69,1.0,0.631,0.74,0.682605,93.82,0.739,0.0,ETH-31JAN20-220-P,130.37,0.0,0.011,3.0,0.0,0.0,0.0,0.02978,-0.04676,-0.17657,0.00226,-0.96379
131.02,SYN.ETH-31JAN20,1577876342232,open,0.0,825.0,0.001,0.012,0.002014,97.64,0.002,0.0,ETH-31JAN20-240-C,130.37,89.02,0.001,652.0,0.003,240.0,103.52,0.01916,-0.03131,0.00207,0.0014,0.02132
130.41,SYN.ETH-3JAN20,1577876342232,open,0.23,2.0,0.21,0.256,0.233215,120.0,0.235,0.0,ETH-3JAN20-100-C,130.37,0.0,0.222,32.0,0.244,32.0,308.5,0.00028,-0.00891,0.00513,0.00027,0.99912
134.2,ETH-26JUN20,1577876342234,open,0.04,434.0,0.017,0.086,0.045075,95.94,0.047,0.0,ETH-26JUN20-320-C,130.37,93.55,0.041,440.0,0.049,440.0,98.16,0.23347,-0.06332,0.07912,0.00279,0.16673
132.25,ETH-27MAR20,1577876342234,open,0.01,1405.0,0.001,0.026,0.008529,115.42,0.007,0.0,ETH-27MAR20-400-C,130.37,111.88,0.007,560.0,0.01,260.0,118.48,0.06065,-0.04076,0.0113,0.00128,0.04486
132.25,ETH-27MAR20,1577876342234,open,0.01,1422.0,0.002,0.031,0.011037,111.81,0.01,0.0,ETH-27MAR20-360-C,130.37,109.9,0.01,199.0,0.012,260.0,113.49,0.074,-0.04817,0.01449,0.00161,0.05759
132.25,ETH-27MAR20,1577876342234,open,0.19,647.0,0.141,0.246,0.191905,81.33,0.194,0.0,ETH-27MAR20-140-P,130.37,78.8,0.187,185.0,0.197,505.0,83.97,0.25556,-0.12102,-0.20872,0.00764,-0.47891
134.2,ETH-26JUN20,1577876342234,open,1.43,0.0,1.336,1.534,1.429576,95.94,1.06,0.0,ETH-26JUN20-320-P,130.37,0.0,0.015,2.0,0.0,0.0,0.0,0.23347,-0.06332,-1.47158,0.00279,-0.83327
131.02,SYN.ETH-31JAN20,1577876342234,open,0.39,25.0,0.338,0.433,0.383776,79.84,0.35,0.0,ETH-31JAN20-180-P,130.37,0.0,0.012,5.0,0.0,0.0,0.0,0.06625,-0.08852,-0.13758,0.0059,-0.89904
134.2,ETH-26JUN20,1577876342236,open,0.1,646.0,0.061,0.144,0.099771,85.26,0.119,0.0,ETH-26JUN20-100-P,130.37,82.4,0.094,477.0,0.106,277.0,88.32,0.27227,-0.06562,-0.20409,0.00366,-0.21407
134.2,ETH-26JUN20,1577876342236,open,0.57,1.0,0.55,0.598,0.573348,91.78,0.56,0.0,ETH-26JUN20-60-C,130.37,57.18,0.555,53.0,0.586,53.0,106.13,0.10707,-0.02778,0.24031,0.00134,0.94288
134.2,ETH-26JUN20,1577876342236,open,0.27,311.0,0.223,0.326,0.27562,84.42,0.273,0.0,ETH-26JUN20-120-C,130.37,80.53,0.266,258.0,0.279,438.0,85.79,0.33148,-0.0791,0.26679,0.0045,0.68586
132.25,ETH-27MAR20,1577876342236,open,2.04,5.0,1.939,2.14,2.033103,115.42,2.004,0.0,ETH-27MAR20-400-P,130.37,0.0,0.046,50.0,0.0,0.0,0.0,0.06065,-0.04076,-0.9298,0.00128,-0.95514
130.41,SYN.ETH-3JAN20,1577876342236,open,0.0,1017.0,0.001,0.011,0.000466,112.54,0.001,0.0,ETH-3JAN20-110-P,130.37,0.0,0.0,0.0,0.001,29.0,127.02,0.0037,-0.06079,-0.00011,0.00376,-0.01577
134.2,ETH-26JUN20,1577876342238,open,0.05,1008.0,0.025,0.082,0.050371,87.5,0.05,0.0,ETH-26JUN20-80-P,130.37,83.69,0.045,295.0,0.056,495.0,91.4,0.19154,-0.04738,-0.11359,0.00251,-0.12429
132.25,ETH-27MAR20,1577876342238,open,0.0,885.0,0.001,0.012,0.002469,120.0,0.004,0.0,ETH-27MAR20-560-C,130.37,122.81,0.003,520.0,0.005,97.0,131.01,0.02334,-0.01631,0.00369,0.00047,0.01432
132.25,ETH-27MAR20,1577876342238,open,0.11,1687.0,0.067,0.151,0.106957,81.16,0.1,0.0,ETH-27MAR20-120-P,130.37,78.9,0.103,261.0,0.11,581.0,82.9,0.23192,-0.10959,-0.13553,0.00694,-0.32861
132.25,ETH-27MAR20,1577876342238,open,0.43,1550.0,0.363,0.49,0.424765,85.68,0.407,0.0,ETH-27MAR20-180-P,130.37,70.73,0.401,300.0,1.358,1.0,500.0,0.22191,-0.1107,-0.35101,0.00629,-0.70332
132.25,ETH-27MAR20,1577876342238,open,0.0,1747.0,0.001,0.018,0.005022,120.0,0.005,0.0,ETH-27MAR20-480-C,130.37,116.38,0.004,520.0,0.007,220.0,125.81,0.04023,-0.02811,0.0069,0.00081,0.0272
131.02,SYN.ETH-31JAN20,1577876342238,open,0.99,0.0,0.927,1.052,0.986382,108.08,None,0.0,ETH-31JAN20-260-P,130.37,0.0,0.011,3.0,0.0,0.0,0.0,0.01786,-0.03231,-0.21092,0.00118,-0.98038
131.02,SYN.ETH-31JAN20,1577876342238,open,0.0,1986.0,0.001,0.013,0.003524,93.82,0.003,0.0,ETH-31JAN20-220-C,130.37,85.91,0.002,760.0,0.005,540.0,99.64,0.02978,-0.04676,0.00351,0.00226,0.03621
134.2,ETH-26JUN20,1577876342240,open,0.02,140.0,0.005,0.047,0.019032,107.09,0.021,0.0,ETH-26JUN20-520-C,130.37,103.83,0.016,420.0,0.022,120.0,110.0,0.13135,-0.03976,0.03597,0.00141,0.07434
134.2,ETH-26JUN20,1577876342240,open,0.37,733.0,0.295,0.437,0.364675,85.97,0.355,0.0,ETH-26JUN20-160-P,130.37,81.77,0.353,180.0,0.382,180.0,92.22,0.37269,-0.09058,-0.56091,0.00497,-0.49783
132.25,ETH-27MAR20,1577876342240,open,3.55,0.0,3.405,3.684,3.538624,120.0,None,0.0,ETH-27MAR20-600-P,130.37,0.0,0.03,50.0,0.0,0.0,0.0,0.01788,-0.01249,-1.40893,0.00036,-0.98947
132.25,ETH-27MAR20,1577876342240,open,0.02,2242.0,0.005,0.045,0.019568,101.63,0.02,0.0,ETH-27MAR20-280-C,130.37,99.76,0.018,1.0,0.021,800.0,103.27,0.1135,-0.06716,0.02538,0.00271,0.10112
132.25,ETH-27MAR20,1577876342244,open,3.86,0.0,3.699,3.994,3.840591,120.0,None,0.0,ETH-27MAR20-640-P,130.37,0.0,0.01,50.0,0.0,0.0,0.0,0.01376,-0.00961,-1.50373,0.00028,-0.9922
131.02,SYN.ETH-31JAN20,1577876342244,open,0.12,350.0,0.091,0.158,0.125466,69.78,0.125,0.0,ETH-31JAN20-120-C,130.37,66.25,0.122,258.0,0.13,48.0,74.35,0.12925,-0.15094,0.0622,0.01318,0.70543
130.41,SYN.ETH-3JAN20,1577876342243,open,0.08,1056.0,0.052,0.113,0.083165,93.67,0.118,0.0,ETH-3JAN20-120-C,130.37,52.34,0.08,60.0,0.084,20.0,99.92,0.01659,-0.41434,0.00546,0.02027,0.89843
134.2,ETH-26JUN20,1577876342246,open,2.31,0.0,2.192,2.431,2.304232,103.31,None,0.0,ETH-26JUN20-440-P,130.37,0.0,0.01,50.0,0.0,0.0,0.0,0.16186,-0.04727,-2.08491,0.0018,-0.90174
134.2,ETH-26JUN20,1577876342246,open,3.5,0.0,3.345,3.645,3.485964,110.52,None,0.0,ETH-26JUN20-600-P,130.37,0.0,0.01,50.0,0.0,0.0,0.0,0.11005,-0.03438,-2.87885,0.00114,-0.94085
132.25,ETH-27MAR20,1577876342246,open,0.01,1189.0,0.001,0.023,0.007023,119.28,0.007,0.0,ETH-27MAR20-440-C,130.37,116.53,0.006,30.0,0.008,260.0,121.68,0.05172,-0.03592,0.00928,0.00105,0.03686
130.41,SYN.ETH-3JAN20,1577876342247,open,0.23,0.0,0.192,0.267,0.227167,120.0,None,0.0,ETH-3JAN20-160-P,130.37,0.0,0.0,0.0,0.0,0.0,0.0,0.00245,-0.07828,-0.00816,0.00233,-0.9902
7295.52,BTC-27MAR20,1577876342579,open,0.15,544.9,0.1175,0.191,0.1513749,68.96,0.15,0.0,BTC-27MAR20-7000-C,7183.23,67.41,0.1485,15.2,0.1545,10.2,70.65,13.53267,-5.43369,7.94805,0.00016,0.61442
7455.52,BTC-26JUN20,1577876342579,open,0.14,186.9,0.0975,0.193,0.13994517,75.73,0.1485,0.0,BTC-26JUN20-9000-C,7183.23,73.94,0.135,12.7,0.1425,12.2,76.65,20.6146,-4.41299,11.66182,0.0001,0.46273
7455.52,BTC-26JUN20,1577876342579,open,0.02,24.9,0.0065,0.053,0.0210045,93.04,0.021,0.0,BTC-26JUN20-22000-C,7183.23,92.13,0.02,15.0,0.022,0.1,93.92,8.35867,-2.19839,2.45679,3e-05,0.08901
7295.52,BTC-27MAR20,1577876342579,open,2.84,0.0,2.763,2.9255,2.83987872,110.0,None,0.0,BTC-27MAR20-28000-P,7183.23,0.0,0.0015,10.0,0.0,0.0,0.0,1.11328,-0.71301,-65.70228,1e-05,-0.9879
7455.52,BTC-26JUN20,1577876342579,open,1.71,0.1,1.641,1.793,1.70858557,91.27,1.85,0.0,BTC-26JUN20-20000-P,7183.23,0.0,0.0005,3.0,1.88,0.1,169.87,9.65176,-2.49012,-93.94436,4e-05,-0.89168
7455.52,BTC-26JUN20,1577876342581,open,0.18,241.1,0.1335,0.229,0.17682223,74.27,0.173,0.0,BTC-26JUN20-8000-C,7183.23,73.06,0.1735,12.0,0.1795,4.9,75.24,20.55114,-4.31444,13.43219,0.0001,0.54861
7295.52,BTC-27MAR20,1577876342581,open,0.93,59.0,0.887,0.99,0.93298382,85.43,0.877,0.0,BTC-27MAR20-14000-P,7183.23,0.0,0.4,0.5,0.9895,0.5,132.93,5.55613,-2.7638,-31.70233,5e-05,-0.91398
7295.52,BTC-27MAR20,1577876342581,open,3.11,0.0,3.032,3.203,3.113422,110.0,None,0.0,BTC-27MAR20-30000-P,7183.23,0.0,0.0015,10.0,0.0,0.0,0.0,0.82489,-0.52831,-70.45796,1e-05,-0.99142
7295.52,BTC-27MAR20,1577876342581,open,2.56,0.0,2.4945,2.648,2.56657939,109.7,None,0.0,BTC-27MAR20-26000-P,7183.23,0.0,0.0015,10.0,0.0,0.0,0.0,1.48468,-0.94826,-60.92876,1e-05,-0.9831
7222.3,SYN.BTC-31JAN20,1577876342581,open,0.0,113.5,0.0005,0.012,0.00224836,80.07,0.003,0.0,BTC-31JAN20-11500-C,7183.23,75.42,0.0015,50.0,0.003,15.5,83.83,1.31478,-1.76187,0.15032,4e-05,0.02768
7222.3,SYN.BTC-31JAN20,1577876342581,open,0.18,52.5,0.1605,0.2075,0.18267135,63.83,0.183,0.0,BTC-31JAN20-6000-C,7183.23,39.83,0.1715,4.2,0.2045,4.0,93.74,4.46865,-4.77371,4.03817,0.00016,0.86577
7295.52,BTC-27MAR20,1577876342583,open,0.0,73.2,0.0005,0.0115,0.00190693,110.0,0.0025,0.0,BTC-27MAR20-28000-C,7183.23,110.6,0.002,12.0,0.003,15.0,116.06,1.11328,-0.71301,0.17496,1e-05,0.0121
7295.52,BTC-27MAR20,1577876342583,open,0.23,26.4,0.2,0.2655,0.23027225,69.38,0.23,0.0,BTC-27MAR20-6000-C,7183.23,67.48,0.2275,22.0,0.234,11.9,71.92,10.66286,-4.30741,9.31791,0.00012,0.77313
7455.52,BTC-26JUN20,1577876342583,open,0.93,13.4,0.8705,1.0045,0.93010717,82.22,1.1,0.0,BTC-26JUN20-14000-P,7183.23,0.0,0.5,3.0,1.35,0.1,242.87,14.8573,-3.45318,-62.23149,7e-05,-0.79238
7222.3,SYN.BTC-31JAN20,1577876342581,open,0.03,433.3,0.012,0.0495,0.02709885,56.45,0.0265,0.0,BTC-31JAN20-8000-C,7183.23,55.32,0.026,22.0,0.028,4.0,57.36,7.07623,-6.68471,1.55585,0.00029,0.29029
7295.52,BTC-27MAR20,1577876342589,open,0.01,509.8,0.0005,0.0205,0.00549785,100.34,0.0065,0.0,BTC-27MAR20-20000-C,7183.23,98.93,0.005,6.0,0.006,1.0,101.68,2.65195,-1.5493,0.48443,2e-05,0.03372
7222.3,SYN.BTC-31JAN20,1577876342589,open,0.0,427.0,0.0005,0.0135,0.00398782,78.63,0.004,0.0,BTC-31JAN20-5000-P,7183.23,76.59,0.0035,40.0,0.0045,3.0,80.63,1.79153,-2.35755,-0.26183,5e-05,-0.0403
7455.52,BTC-26JUN20,1577876342591,open,3.04,0.0,2.9485,3.14,3.03586943,100.97,None,0.0,BTC-26JUN20-30000-P,7183.23,0.0,0.002,1.0,0.0,0.0,0.0,5.48991,-1.56693,-143.94624,2e-05,-0.94839
7222.3,SYN.BTC-31JAN20,1577876342591,open,0.59,0.0,0.562,0.632,0.59455542,80.15,None,0.0,BTC-31JAN20-11500-P,7183.23,0.0,0.0015,10.0,0.0,0.0,0.0,1.32049,-1.7714,-9.26181,4e-05,-0.97218
7222.3,SYN.BTC-31JAN20,1577876342591,open,0.53,0.0,0.494,0.562,0.52571784,75.82,None,0.0,BTC-31JAN20-11000-P,7183.23,0.0,0.0015,10.0,0.0,0.0,0.0,1.54174,-1.95632,-8.82105,5e-05,-0.96646
7222.3,SYN.BTC-31JAN20,1577876342591,open,0.31,10.4,0.295,0.3305,0.3116804,78.6,0.3115,0.0,BTC-31JAN20-5000-C,7183.23,52.66,0.308,4.0,0.325,4.0,113.64,1.78989,-2.35458,3.83104,5e-05,0.95974
7185.68,SYN.BTC-3JAN20,1577876342591,open,0.18,0.0,0.16,0.21,0.18316025,100.06,None,0.0,BTC-3JAN20-8500-P,7183.23,0.0,0.167,2.0,0.2035,2.0,261.61,0.14395,-3.83951,-0.433,5e-05,-0.98944
7455.52,BTC-26JUN20,1577876342594,open,1.19,5.0,1.1235,1.2625,1.1851165,84.99,1.22,0.0,BTC-26JUN20-16000-P,7183.23,0.0,0.56,1.0,2.0,0.1,470.39,12.62306,-3.03284,-73.16832,6e-05,-0.84009
7455.52,BTC-26JUN20,1577876342594,open,0.02,75.9,0.0045,0.0435,0.01548681,97.34,0.017,0.0,BTC-26JUN20-26000-C,7183.23,96.22,0.0145,20.0,0.0165,0.1,98.46,6.67614,-1.83713,1.83292,3e-05,0.06622
7295.52,BTC-27MAR20,1577876342594,open,0.0,115.2,0.0005,0.013,0.00274843,109.7,0.004,0.0,BTC-27MAR20-26000-C,7183.23,105.6,0.002,33.1,0.0035,15.0,113.09,1.48468,-0.94826,0.24297,1e-05,0.0169
7455.52,BTC-26JUN20,1577876342594,open,0.35,107.9,0.2935,0.4115,0.34710442,75.73,0.336,0.0,BTC-26JUN20-9000-P,7183.23,68.43,0.327,9.0,0.3695,9.0,83.81,20.6146,-4.41299,-31.95137,0.0001,-0.53727
7455.52,BTC-26JUN20,1577876342596,open,0.1,359.0,0.067,0.1445,0.10047106,73.56,0.1015,0.0,BTC-26JUN20-6000-P,7183.23,71.98,0.097,12.7,0.104,14.2,75.16,16.42902,-3.41629,-12.59681,8e-05,-0.24819
7455.52,BTC-26JUN20,1577876342596,open,0.01,91.7,0.0025,0.037,0.01200524,100.97,0.0115,0.0,BTC-26JUN20-30000-C,7183.23,99.57,0.011,21.0,0.013,0.5,102.29,5.48991,-1.56693,1.43104,2e-05,0.05161
7295.52,BTC-27MAR20,1577876342596,open,0.0,159.1,0.0005,0.017,0.00399799,109.28,0.0045,0.0,BTC-27MAR20-24000-C,7183.23,107.37,0.0035,8.0,0.0045,57.0,111.06,1.98269,-1.26156,0.33944,1e-05,0.02377
7222.3,SYN.BTC-31JAN20,1577876342596,open,0.0,626.1,0.0005,0.016,0.0047493,68.87,0.006,0.0,BTC-31JAN20-10000-C,7183.23,66.57,0.004,39.0,0.0055,18.0,70.98,2.46795,-2.84453,0.32782,8e-05,0.0602
7222.3,SYN.BTC-31JAN20,1577876342596,open,0.0,395.3,0.0005,0.0125,0.00264152,75.75,0.0025,0.0,BTC-31JAN20-11000-C,7183.23,75.07,0.0025,24.0,0.003,1.0,77.37,1.53646,-1.94784,0.18184,5e-05,0.0334
7185.68,SYN.BTC-3JAN20,1577876342596,open,0.2,0.1,0.1835,0.2165,0.19983895,108.24,0.2405,0.0,BTC-3JAN20-5750-C,7183.23,0.0,0.1865,3.0,0.2085,3.0,254.26,0.02967,-0.85595,0.29481,1e-05,0.9982
7185.68,SYN.BTC-3JAN20,1577876342596,open,0.0,165.1,0.0005,0.0105,0.00024093,99.48,0.0005,0.0,BTC-3JAN20-8500-C,7183.23,0.0,0.0,0.0,0.0005,3.1,109.69,0.13937,-1.73126,0.00367,5e-05,0.01017
7185.68,SYN.BTC-3JAN20,1577876342596,open,0.03,161.5,0.012,0.0555,0.03079135,50.7,0.033,0.0,BTC-3JAN20-7000-C,7183.23,44.55,0.0295,6.0,0.0315,0.1,53.9,1.56452,-21.14445,0.27293,0.00116,0.7699
7185.68,SYN.BTC-3JAN20,1577876342596,open,0.0,1197.9,0.0005,0.018,0.00286215,55.13,0.003,0.0,BTC-3JAN20-7500-C,7183.23,49.45,0.002,31.0,0.0035,45.2,58.91,1.16722,-17.15185,0.05202,0.0008,0.14375
7185.68,SYN.BTC-3JAN20,1577876342596,open,0.0,154.2,0.0005,0.0105,0.00023961,108.12,0.0005,0.0,BTC-3JAN20-6000-P,7183.23,0.0,0.0,0.0,0.0005,11.0,119.54,0.12526,-1.72173,-0.00341,4e-05,-0.009
7222.3,SYN.BTC-31JAN20,1577876342600,open,0.32,4.8,0.2925,0.357,0.32238452,65.91,0.3445,0.0,BTC-31JAN20-9500-P,7183.23,0.0,0.0015,10.0,0.0,0.0,0.0,3.27144,-3.60837,-7.30308,0.00012,-0.91301
7185.68,SYN.BTC-3JAN20,1577876342600,open,0.0,375.8,0.0005,0.0105,0.00075779,60.76,0.001,0.0,BTC-3JAN20-7750-C,7183.23,56.37,0.0005,43.3,0.0015,0.5,69.96,0.47308,-5.44523,0.0157,0.00029,0.04327
7222.3,SYN.BTC-31JAN20,1577876342600,open,0.66,0.0,0.6295,0.702,0.66343902,83.96,None,0.0,BTC-31JAN20-12000-P,7183.23,0.0,0.0015,10.0,0.0,0.0,0.0,1.13,-1.58787,-9.69693,3e-05,-0.9769
7295.52,BTC-27MAR20,1577876342602,open,2.02,5.6,1.9575,2.0925,2.01995203,104.29,1.545,0.0,BTC-27MAR20-22000-P,7183.23,0.0,0.0015,10.0,0.0,0.0,0.0,2.19612,-1.33349,-51.37524,2e-05,-0.97314
7295.52,BTC-27MAR20,1577876342602,open,0.01,476.6,0.0005,0.0245,0.00740289,96.58,0.0085,0.0,BTC-27MAR20-18000-C,7183.23,94.54,0.0065,15.2,0.0085,57.0,98.86,3.36394,-1.89153,0.64812,3e-05,0.04516
7455.52,BTC-26JUN20,1577876342602,open,0.3,25.9,0.258,0.34,0.29569822,73.56,0.2975,0.0,BTC-26JUN20-6000-C,7183.23,71.2,0.2905,15.3,0.2985,10.3,74.83,16.42902,-3.41629,16.47865,8e-05,0.75181
7185.68,SYN.BTC-3JAN20,1577876342602,open,0.05,134.9,0.025,0.072,0.04661449,55.19,0.047,0.0,BTC-3JAN20-7500-P,7183.23,43.66,0.045,0.3,0.0475,6.0,60.36,1.16877,-17.1941,-0.33329,0.0008,-0.85597
7222.3,SYN.BTC-31JAN20,1577876342602,open,0.19,15.2,0.1635,0.226,0.1926836,58.36,0.2965,0.0,BTC-31JAN20-8500-P,7183.23,0.0,0.0,0.0,0.0,0.0,0.0,5.53718,-5.40844,-5.95002,0.00022,-0.81383
7222.3,SYN.BTC-31JAN20,1577876342602,open,0.01,948.3,0.0035,0.03,0.01344025,63.84,0.014,0.0,BTC-31JAN20-6000-P,7183.23,62.3,0.0125,24.1,0.014,24.0,64.74,4.46958,-4.77568,-0.87319,0.00016,-0.13427
7222.3,SYN.BTC-31JAN20,1577876342602,open,0.03,669.1,0.0115,0.048,0.02619871,59.32,0.027,0.0,BTC-31JAN20-6500-P,7183.23,57.97,0.025,18.0,0.027,19.3,60.22,6.42623,-6.38026,-1.57476,0.00025,-0.24019
7222.3,SYN.BTC-31JAN20,1577876342602,open,0.01,236.4,0.0005,0.02,0.00700043,65.88,0.0065,0.0,BTC-31JAN20-9500-C,7183.23,64.75,0.0065,7.0,0.0075,2.0,66.96,3.2685,-3.60359,0.47224,0.00012,0.08688
7295.52,BTC-27MAR20,1577876342604,open,0.0,209.8,0.0005,0.0105,0.00045223,110.0,0.001,0.0,BTC-27MAR20-36000-C,7183.23,110.97,0.0005,51.6,0.0015,11.0,123.3,0.34464,-0.22073,0.04743,0.0,0.00322
7295.52,BTC-27MAR20,1577876342604,open,0.46,7.4,0.444,0.4805,0.46021025,82.43,0.4255,0.0,BTC-27MAR20-4000-C,7183.23,48.29,0.452,5.0,0.4725,5.0,103.85,3.31121,-1.58915,8.50515,3e-05,0.95572
7295.52,BTC-27MAR20,1577876342604,open,0.0,164.7,0.0005,0.011,0.00130929,110.0,0.0025,0.0,BTC-27MAR20-30000-C,7183.23,111.6,0.0015,15.0,0.0025,15.0,118.2,0.82486,-0.52829,0.1248,1e-05,0.00858
7455.52,BTC-26JUN20,1577876342604,open,0.01,153.2,0.0005,0.02,0.00823775,81.94,0.0075,0.0,BTC-26JUN20-3000-P,7183.23,80.34,0.0075,11.0,0.009,10.0,83.51,3.52849,-0.81727,-1.38042,2e-05,-0.02997
7185.68,SYN.BTC-3JAN20,1577876342604,open,0.0,312.3,0.0005,0.0105,0.00048525,92.61,0.0005,0.0,BTC-3JAN20-8250-C,7183.23,0.0,0.0,0.0,0.001,57.6,104.05,0.25271,-3.48688,0.00732,0.0001,0.02031
7222.3,SYN.BTC-31JAN20,1577876342604,open,0.0,216.0,0.0005,0.0135,0.00374867,73.34,0.004,0.0,BTC-31JAN20-10500-C,7183.23,70.48,0.003,39.3,0.0045,34.0,75.89,2.01494,-2.47308,0.25342,6e-05,0.04662
7222.3,SYN.BTC-31JAN20,1577876342604,open,0.05,713.0,0.0275,0.074,0.04814351,56.44,0.0545,0.0,BTC-31JAN20-7500-C,7183.23,53.65,0.045,17.1,0.0475,1.5,55.87,8.14744,-7.69655,2.31197,0.00034,0.43924
7222.3,SYN.BTC-31JAN20,1577876342604,open,0.46,0.0,0.4265,0.4935,0.45759424,73.39,None,0.0,BTC-31JAN20-10500-P,7183.23,0.0,0.0015,10.0,0.0,0.0,0.0,2.01933,-2.48018,-8.34029,6e-05,-0.95326
7295.52,BTC-27MAR20,1577876342606,open,0.01,517.1,0.004,0.0365,0.01399792,85.43,0.0145,0.0,BTC-27MAR20-14000-C,7183.23,84.77,0.0135,9.0,0.0145,0.5,86.09,5.55613,-2.7638,1.23629,5e-05,0.08602
7295.52,BTC-27MAR20,1577876342606,open,3.93,0.0,3.838,4.0385,3.93498739,110.0,None,0.0,BTC-27MAR20-36000-P,7183.23,0.0,0.0015,10.0,0.0,0.0,0.0,0.34464,-0.22073,-84.65188,0.0,-0.99678
7455.52,BTC-26JUN20,1577876342606,open,0.11,375.2,0.0725,0.165,0.11254773,77.29,0.1135,0.0,BTC-26JUN20-10000-C,7183.23,76.53,0.1105,1.4,0.1145,12.9,78.02,19.92744,-4.35409,10.06048,0.0001,0.39101
7455.52,BTC-26JUN20,1577876342606,open,2.77,0.0,2.6865,2.87,2.76967732,99.85,None,0.0,BTC-26JUN20-28000-P,7183.23,0.0,0.002,1.0,0.0,0.0,0.0,6.16836,-1.74105,-134.0324,2e-05,-0.94017
7295.52,BTC-27MAR20,1577876342606,open,0.0,261.8,0.0005,0.018,0.00440255,104.29,0.0045,0.0,BTC-27MAR20-22000-C,7183.23,101.06,0.0035,38.0,0.0055,50.0,107.67,2.19605,-1.33344,0.38544,2e-05,0.02686
7455.52,BTC-26JUN20,1577876342606,open,3.31,0.0,3.211,3.413,3.3035324,103.58,None,0.0,BTC-26JUN20-32000-P,7183.23,0.0,0.002,1.0,0.0,0.0,0.0,5.22229,-1.52915,-153.72986,2e-05,-0.95152
7455.52,BTC-26JUN20,1577876342606,open,0.49,0.5,0.4655,0.5125,0.48621076,76.47,0.589,0.0,BTC-26JUN20-4000-C,7183.23,51.9,0.468,5.0,0.505,5.0,93.34,7.38554,-1.59651,15.83411,4e-05,0.92448
7185.68,SYN.BTC-3JAN20,1577876342606,open,0.01,524.1,0.0005,0.0335,0.00932212,46.38,0.01,0.0,BTC-3JAN20-7250-C,7183.23,45.21,0.009,0.1,0.0105,15.1,50.62,1.99107,-24.6148,0.14454,0.00162,0.40075
7455.52,BTC-26JUN20,1577876342608,open,0.38,0.0,0.351,0.417,0.38105525,73.87,None,0.0,BTC-26JUN20-5000-C,7183.23,56.44,0.355,5.0,0.4075,5.0,89.4,12.13057,-2.53296,16.92244,6e-05,0.84945
7295.52,BTC-27MAR20,1577876342608,open,0.05,636.1,0.03,0.085,0.05269746,69.38,0.052,0.0,BTC-27MAR20-6000-P,7183.23,68.56,0.0515,7.0,0.054,5.5,70.27,10.66294,-4.30756,-4.79875,0.00012,-0.22687
7455.52,BTC-26JUN20,1577876342608,open,0.23,132.8,0.1855,0.277,0.22756488,73.43,0.223,0.0,BTC-26JUN20-7000-C,7183.23,72.05,0.224,10.8,0.231,16.8,74.76,19.27073,-4.0001,15.17626,0.0001,0.64763
7295.52,BTC-27MAR20,1577876342608,open,0.04,1149.1,0.021,0.0775,0.04338762,73.95,0.0445,0.0,BTC-27MAR20-10000-C,7183.23,73.69,0.043,2.0,0.0445,2.6,74.68,11.05154,-4.75825,3.40971,0.00012,0.24204
7295.52,BTC-27MAR20,1577876342608,open,0.0,734.6,0.0005,0.0105,0.0002335,110.0,0.001,0.0,BTC-27MAR20-40000-C,7183.23,117.14,0.0005,458.1,0.0015,35.1,129.93,0.19734,-0.12639,0.0258,0.0,0.00174
7455.52,BTC-26JUN20,1577876342608,open,1.45,1.1,1.381,1.526,1.44533025,88.03,1.35,0.0,BTC-26JUN20-18000-P,7183.23,0.0,1.0,0.1,2.1,0.1,360.23,10.91022,-2.71494,-83.69254,5e-05,-0.87118
7185.68,SYN.BTC-3JAN20,1577876342608,open,0.13,0.5,0.1125,0.1495,0.13045186,86.12,0.1625,0.0,BTC-3JAN20-6250-C,7183.23,0.0,0.115,3.0,0.1435,3.0,209.34,0.14912,-3.42347,0.31703,7e-05,0.989
7185.68,SYN.BTC-3JAN20,1577876342608,open,0.15,0.0,0.126,0.175,0.14861283,92.93,None,0.0,BTC-3JAN20-8250-P,7183.23,0.0,0.132,2.0,0.1685,2.0,232.61,0.25644,-6.35231,-0.41651,0.0001,-0.97933
7185.68,SYN.BTC-3JAN20,1577876342608,open,0.0,361.4,0.0005,0.0115,0.00120878,85.02,0.001,0.0,BTC-3JAN20-6500-P,7183.23,81.89,0.001,17.6,0.0015,41.1,88.93,0.50451,-8.68593,-0.01775,0.00022,-0.04687
7295.52,BTC-27MAR20,1577876342610,open,0.67,55.3,0.6235,0.7225,0.66784327,79.8,0.68,0.0,BTC-27MAR20-12000-P,7183.23,0.0,0.644,1.1,0.6935,1.0,100.18,7.77562,-3.61266,-26.26979,8e-05,-0.86262
7295.52,BTC-27MAR20,1577876342610,open,0.1,1186.9,0.0655,0.1375,0.09748307,69.65,0.1015,0.0,BTC-27MAR20-8000-C,7183.23,68.62,0.0955,25.7,0.1,9.1,70.96,14.04136,-5.69416,6.1986,0.00016,0.45861
7295.52,BTC-27MAR20,1577876342610,open,0.0,83.5,0.0005,0.0105,0.00090916,110.0,0.0015,0.0,BTC-27MAR20-32000-C,7183.23,111.04,0.001,30.2,0.002,20.0,119.46,0.61377,-0.39309,0.08972,0.0,0.00614
7185.68,SYN.BTC-3JAN20,1577876342610,open,0.1,9.7,0.077,0.118,0.09662342,84.89,0.1185,0.0,BTC-3JAN20-6500-C,7183.23,0.0,0.0795,3.0,0.1105,3.0,178.71,0.50249,-11.37127,0.31636,0.00022,0.95336
7185.68,SYN.BTC-3JAN20,1577876342610,open,0.0,628.0,0.0005,0.0105,0.00048691,75.03,0.0005,0.0,BTC-3JAN20-8000-C,7183.23,0.0,0.0,0.0,0.001,15.1,84.85,0.29571,-3.49876,0.00886,0.00015,0.02447
7185.68,SYN.BTC-3JAN20,1577876342610,open,0.17,6.4,0.148,0.184,0.16523773,107.65,0.173,0.0,BTC-3JAN20-6000-C,7183.23,0.0,0.151,3.0,0.1745,3.0,223.24,0.12231,-3.50981,0.30501,4e-05,0.99124
7455.52,BTC-26JUN20,1577876342612,open,0.03,936.8,0.009,0.061,0.02600944,91.27,0.0245,0.0,BTC-26JUN20-20000-C,7183.23,90.08,0.0245,2.6,0.0275,15.0,92.4,9.65176,-2.49012,2.97383,4e-05,0.10832
7455.52,BTC-26JUN20,1577876342612,open,0.05,304.0,0.029,0.0845,0.05169929,73.87,0.049,0.0,BTC-26JUN20-5000-P,7183.23,72.2,0.049,22.1,0.0545,22.1,75.58,12.13057,-2.53296,-7.30711,6e-05,-0.15055
7455.52,BTC-26JUN20,1577876342612,open,2.24,0.0,2.1625,2.3295,2.23759066,95.88,None,0.0,BTC-26JUN20-24000-P,7183.23,0.0,0.002,1.0,0.0,0.0,0.0,7.57835,-2.0541,-114.14765,3e-05,-0.92188
7455.52,BTC-26JUN20,1577876342612,open,0.04,157.1,0.0165,0.079,0.0390556,84.99,0.0405,0.0,BTC-26JUN20-16000-C,7183.23,83.46,0.0365,20.0,0.0415,15.0,86.42,12.62306,-3.03284,4.36623,6e-05,0.15991
7295.52,BTC-27MAR20,1577876342612,open,0.01,1363.2,0.0005,0.0215,0.00849194,82.43,0.008,0.0,BTC-27MAR20-4000-P,7183.23,80.17,0.0075,37.1,0.0095,34.0,84.59,3.31121,-1.58915,-0.90589,3e-05,-0.04428
7295.52,BTC-27MAR20,1577876342612,open,0.41,136.4,0.371,0.4665,0.41410498,73.96,0.41,0.0,BTC-27MAR20-10000-P,7183.23,67.74,0.405,10.0,0.43,10.0,84.0,11.0525,-4.75923,-20.11743,0.00012,-0.75793
7455.52,BTC-26JUN20,1577876342612,open,0.01,133.6,0.0015,0.036,0.01141059,103.58,0.0115,0.0,BTC-26JUN20-32000-C,7183.23,101.49,0.01,22.3,0.013,15.0,105.76,5.22229,-1.52915,1.33924,2e-05,0.04848
7455.52,BTC-26JUN20,1577876342612,open,1.97,0.0,1.901,2.0595,1.97183824,93.04,None,0.0,BTC-26JUN20-22000-P,7183.23,0.0,0.11,1.0,2.22,0.1,203.25,8.35867,-2.19839,-104.15322,3e-05,-0.91099
7295.52,BTC-27MAR20,1577876342612,open,0.02,293.8,0.0095,0.0435,0.0218295,73.65,0.021,0.0,BTC-27MAR20-5000-P,7183.23,71.59,0.02,57.0,0.0235,39.0,75.48,6.57523,-2.81967,-2.23176,7e-05,-0.10819
7455.52,BTC-26JUN20,1577876342612,open,2.5,0.0,2.424,2.598,2.50283578,97.34,None,0.0,BTC-26JUN20-26000-P,7183.23,0.0,0.002,1.0,0.0,0.0,0.0,6.67614,-1.83713,-124.16072,3e-05,-0.93378
7185.68,SYN.BTC-3JAN20,1577876342612,open,0.0,146.3,0.0005,0.0105,0.00024548,86.53,0.001,0.0,BTC-3JAN20-6250-P,7183.23,0.0,0.0,0.0,0.0005,5.6,95.82,0.1527,-1.76393,-0.00426,7e-05,-0.0113
7185.68,SYN.BTC-3JAN20,1577876342612,open,0.0,371.7,0.0005,0.013,0.00170782,63.46,0.002,0.0,BTC-3JAN20-6750-P,7183.23,61.47,0.0015,20.3,0.002,1.0,66.07,0.77378,-12.27187,-0.03058,0.00046,-0.08111
7222.3,SYN.BTC-31JAN20,1577876342612,open,0.13,148.6,0.1065,0.1675,0.13479072,56.46,0.14,0.0,BTC-31JAN20-8000-P,7183.23,0.0,0.104,3.0,0.17,3.0,89.87,7.07677,-6.68652,-4.99203,0.00029,-0.70966
7222.3,SYN.BTC-31JAN20,1577876342612,open,0.02,786.6,0.0055,0.034,0.01576099,58.35,0.0185,0.0,BTC-31JAN20-8500-C,7183.23,57.35,0.015,21.3,0.0165,1.0,59.3,5.53584,-5.40575,1.00697,0.00022,0.1861
7455.52,BTC-26JUN20,1577876342614,open,0.17,345.4,0.124,0.2195,0.16646653,73.43,0.173,0.0,BTC-26JUN20-7000-P,7183.23,72.09,0.163,10.0,0.171,17.0,75.18,19.27073,-4.0001,-18.7451,0.0001,-0.35237
7295.52,BTC-27MAR20,1577876342614,open,0.0,141.4,0.0005,0.0105,0.00063802,110.0,0.002,0.0,BTC-27MAR20-34000-C,7183.23,114.82,0.001,45.2,0.002,17.0,123.43,0.45881,-0.29385,0.06499,0.0,0.00442
7455.52,BTC-26JUN20,1577876342614,open,0.05,560.8,0.025,0.0965,0.05230388,82.22,0.05,0.0,BTC-26JUN20-14000-C,7183.23,80.8,0.0495,19.6,0.055,14.6,83.56,14.8573,-3.45318,5.61124,7e-05,0.20762
7222.3,SYN.BTC-31JAN20,1577876342614,open,0.26,10.4,0.227,0.291,0.25665671,62.55,0.272,0.0,BTC-31JAN20-9000-P,7183.23,0.0,0.0,0.0,0.0,0.0,0.0,4.30358,-4.50534,-6.67732,0.00016,-0.87288
7295.52,BTC-27MAR20,1577876342614,open,2.29,0.0,2.226,2.3715,2.29371948,109.4,None,0.0,BTC-27MAR20-24000-P,7183.23,0.0,0.0015,10.0,0.0,0.0,0.0,1.99309,-1.26951,-56.12476,1e-05,-0.97608
7185.68,SYN.BTC-3JAN20,1577876342614,open,0.22,0.0,0.194,0.245,0.21788644,110.83,None,0.0,BTC-3JAN20-8750-P,7183.23,0.0,0.201,2.0,0.2385,2.0,288.84,0.10485,-3.09741,-0.44701,4e-05,-0.99265
7222.3,SYN.BTC-31JAN20,1577876342614,open,0.05,798.1,0.0285,0.0765,0.04916284,56.45,0.048,0.0,BTC-31JAN20-7000-P,7183.23,55.39,0.048,15.0,0.0515,29.3,58.58,7.93884,-7.50046,-2.60747,0.00033,-0.39192
7185.68,SYN.BTC-3JAN20,1577876342614,open,0.08,8.1,0.0575,0.1035,0.07930187,60.92,0.051,0.0,BTC-3JAN20-7750-P,7183.23,0.0,0.0645,2.0,0.0895,2.0,127.97,0.4768,-7.74292,-0.38241,0.00029,-0.95631
7185.68,SYN.BTC-3JAN20,1577876342600,open,0.11,5.1,0.092,0.139,0.11382273,75.29,0.12,0.0,BTC-3JAN20-8000-P,7183.23,0.0,0.0975,2.0,0.1335,2.0,201.4,0.29982,-6.01718,-0.40211,0.00015,-0.97512
7295.52,BTC-27MAR20,1577876342610,open,0.11,365.9,0.0775,0.1525,0.11087261,68.96,0.1075,0.0,BTC-27MAR20-7000-P,7183.23,67.69,0.1085,15.3,0.113,2.0,70.11,13.53266,-5.43389,-8.52133,0.00016,-0.38558
7455.52,BTC-26JUN20,1577876342610,open,0.02,16.5,0.0055,0.049,0.01849931,95.88,0.0195,0.0,BTC-26JUN20-24000-C,7183.23,94.37,0.017,15.0,0.02,2.0,97.33,7.57835,-2.0541,2.15418,3e-05,0.07812
7455.52,BTC-26JUN20,1577876342630,open,0.03,270.3,0.012,0.068,0.03101173,88.03,0.03,0.0,BTC-26JUN20-18000-C,7183.23,86.63,0.029,20.0,0.033,15.0,89.37,10.91022,-2.71494,3.53383,5e-05,0.12882
7455.52,BTC-26JUN20,1577876342630,open,0.68,8.2,0.625,0.7545,0.6831407,79.28,0.8905,0.0,BTC-26JUN20-12000-P,7183.23,0.0,0.09,1.5,0.91,0.1,163.8,17.43429,-3.90742,-50.73708,8e-05,-0.7212
7295.52,BTC-27MAR20,1577876342630,open,1.74,5.2,1.689,1.815,1.74690628,100.34,2.035,0.0,BTC-27MAR20-20000-P,7183.23,0.0,0.0015,10.0,1.8995,0.5,224.81,2.65195,-1.5493,-46.57074,2e-05,-0.96628
7295.52,BTC-27MAR20,1577876342630,open,3.66,0.0,3.5695,3.76,3.66103238,110.0,None,0.0,BTC-27MAR20-34000-P,7183.23,0.0,0.0015,10.0,0.0,0.0,0.0,0.45883,-0.29386,-79.9288,0.0,-0.99558
7295.52,BTC-27MAR20,1577876342630,open,3.38,0.0,3.3005,3.481,3.38720473,110.49,None,0.0,BTC-27MAR20-32000-P,7183.23,0.0,0.0015,10.0,0.0,0.0,0.0,0.63486,-0.40842,-75.19519,0.0,-0.99363
7295.52,BTC-27MAR20,1577876342630,open,0.02,1533.0,0.0085,0.0505,0.02299712,79.8,0.022,0.0,BTC-27MAR20-12000-C,7183.23,78.85,0.022,17.7,0.024,2.0,80.73,7.77546,-3.61254,1.96326,8e-05,0.13738
7295.52,BTC-27MAR20,1577876342630,open,0.3,102.3,0.2555,0.3495,0.29834969,71.97,0.302,0.0,BTC-27MAR20-9000-P,7183.23,68.35,0.292,11.0,0.3105,3.0,78.75,12.88794,-5.40066,-16.54014,0.00014,-0.66527
7455.52,BTC-26JUN20,1577876342630,open,0.25,163.4,0.201,0.3095,0.24985268,74.27,0.2585,0.0,BTC-26JUN20-8000-P,7183.23,72.14,0.244,7.3,0.255,7.3,76.13,20.55114,-4.31444,-25.33508,0.0001,-0.45139
7295.52,BTC-27MAR20,1577876342630,open,1.2,1.2,1.1535,1.2635,1.20314416,91.63,1.4,0.0,BTC-27MAR20-16000-P,7183.23,0.0,0.0015,10.0,1.2995,0.5,170.48,4.28163,-2.28427,-36.76549,4e-05,-0.93879
7295.52,BTC-27MAR20,1577876342630,open,0.19,273.1,0.1545,0.242,0.19405349,69.65,0.1895,0.0,BTC-27MAR20-8000-P,7183.23,68.07,0.191,17.8,0.1965,1.0,70.92,14.0414,-5.69447,-12.62343,0.00016,-0.54138
7455.52,BTC-26JUN20,1577876342630,open,0.45,136.4,0.3975,0.522,0.4538358,77.29,0.46,0.0,BTC-26JUN20-10000-P,7183.23,72.64,0.4415,6.0,0.491,6.0,90.98,19.92744,-4.35409,-38.39861,0.0001,-0.60899
7455.52,BTC-26JUN20,1577876342630,open,0.01,51.0,0.004,0.041,0.01407073,99.85,0.0145,0.0,BTC-26JUN20-28000-C,7183.23,97.88,0.0125,20.0,0.0155,10.0,101.53,6.16836,-1.74105,1.65306,2e-05,0.05983
7295.52,BTC-27MAR20,1577876342630,open,1.47,0.0,1.421,1.539,1.47469378,96.63,1.23,0.0,BTC-27MAR20-18000-P,7183.23,0.0,0.0015,10.0,1.5995,0.5,198.74,3.37039,-1.89615,-41.70009,3e-05,-0.95473
7455.52,BTC-26JUN20,1577876342630,open,0.61,17.8,0.593,0.623,0.60585133,81.94,0.612,0.0,BTC-26JUN20-3000-C,7183.23,0.0,0.597,6.0,0.6165,6.0,99.89,3.52849,-0.81727,13.15731,2e-05,0.97003
7295.52,BTC-27MAR20,1577876342630,open,0.06,990.1,0.037,0.1025,0.06471331,71.97,0.065,0.0,BTC-27MAR20-9000-C,7183.23,70.71,0.0625,28.0,0.067,16.5,73.26,12.88785,-5.40051,4.63463,0.00014,0.33472
7295.52,BTC-27MAR20,1577876342631,open,0.01,1573.2,0.0005,0.0295,0.00999638,91.59,0.0095,0.0,BTC-27MAR20-16000-C,7183.23,89.84,0.009,18.0,0.011,24.0,93.26,4.27648,-2.28063,0.8774,4e-05,0.06111
7455.52,BTC-26JUN20,1577876342631,open,0.02,490.9,0.01,0.0445,0.02272599,76.47,0.022,0.0,BTC-26JUN20-4000-P,7183.23,74.7,0.021,17.0,0.0245,23.0,78.23,7.38554,-1.59651,-3.54953,4e-05,-0.07552
7222.3,SYN.BTC-31JAN20,1577876342630,open,0.25,20.2,0.2265,0.2675,0.24577355,70.85,0.2455,0.0,BTC-31JAN20-5500-C,7183.23,43.32,0.239,4.0,0.2625,4.0,102.23,2.90084,-3.43986,4.02005,0.0001,0.92581
7185.68,SYN.BTC-3JAN20,1577876342630,open,0.0,191.7,0.0005,0.0105,0.00017538,109.99,0.0005,0.0,BTC-3JAN20-8750-C,7183.23,0.0,0.0,0.0,0.0005,8.1,125.51,0.10007,-1.26023,0.00251,3e-05,0.00698
7185.68,SYN.BTC-3JAN20,1577876342630,open,0.02,266.5,0.0045,0.0455,0.01828272,46.41,0.017,0.0,BTC-3JAN20-7250-P,7183.23,41.76,0.017,0.1,0.0195,0.1,50.79,1.99118,-24.63497,-0.228,0.00162,-0.59917
7185.68,SYN.BTC-3JAN20,1577876342630,open,0.23,0.1,0.219,0.25,0.23458782,0.0,0.2735,0.0,BTC-3JAN20-5500-C,7183.23,0.0,0.222,3.0,0.243,3.0,289.19,0.0,0.0,0.28264,0.0,1.0
7222.3,SYN.BTC-31JAN20,1577876342630,open,0.01,736.5,0.0005,0.02,0.00731171,70.87,0.007,0.0,BTC-31JAN20-5500-P,7183.23,68.8,0.0065,17.0,0.008,24.0,72.55,2.90219,-3.44236,-0.48208,0.0001,-0.07424
7185.68,SYN.BTC-3JAN20,1577876342630,open,0.0,131.5,0.0005,0.0105,4.907e-05,110.0,0.0005,0.0,BTC-3JAN20-5750-P,7183.23,0.0,0.0,0.0,0.0005,0.1,143.76,0.03383,-0.35262,-0.00079,1e-05,-0.00208
7222.3,SYN.BTC-31JAN20,1577876342630,open,0.0,280.4,0.0005,0.0115,0.00190122,83.86,0.002,0.0,BTC-31JAN20-12000-C,7183.23,81.08,0.0015,24.0,0.0025,18.4,87.37,1.12382,-1.57724,0.12443,3e-05,0.02295
7222.3,SYN.BTC-31JAN20,1577876342630,open,0.09,202.4,0.0605,0.1175,0.08660464,56.45,0.084,0.0,BTC-31JAN20-7500-P,7183.23,53.7,0.0835,25.8,0.089,14.4,58.58,8.1475,-7.69783,-3.82681,0.00034,-0.56074
7222.3,SYN.BTC-31JAN20,1577876342630,open,0.13,37.2,0.102,0.153,0.12619907,59.31,0.153,0.0,BTC-31JAN20-6500-C,7183.23,51.57,0.1195,23.0,0.129,23.0,62.43,6.42583,-6.37882,3.74579,0.00025,0.75984
7185.68,SYN.BTC-3JAN20,1577876342631,open,0.0,244.3,0.0005,0.0105,6.21e-06,110.0,0.0005,0.0,BTC-3JAN20-5500-P,7183.23,0.0,0.0,0.0,0.0005,5.1,168.66,0.00574,-0.0446,-0.00011,0.0,-0.0003
7222.3,SYN.BTC-31JAN20,1577876342630,open,0.01,601.9,0.001,0.0265,0.01050336,62.53,0.01,0.0,BTC-31JAN20-9000-C,7183.23,61.68,0.01,11.9,0.011,16.7,63.36,4.30148,-4.50169,0.68884,0.00016,0.12703
7222.3,SYN.BTC-31JAN20,1577876342630,open,0.39,0.0,0.3595,0.4245,0.38936413,68.91,None,0.0,BTC-31JAN20-10000-P,7183.23,0.0,0.0015,10.0,0.0,0.0,0.0,2.47177,-2.85056,-7.85668,8e-05,-0.93968
7295.52,BTC-27MAR20,1577876342793,open,0.34,2.1,0.3135,0.364,0.33647207,73.65,0.3345,0.0,BTC-27MAR20-5000-C,7183.23,67.25,0.331,4.0,0.3415,4.0,79.02,6.57466,-2.8192,9.53235,7e-05,0.89182
7295.52,BTC-27MAR20,1577876342809,open,0.34,2.1,0.3135,0.364,0.33647207,73.65,0.3345,0.0,BTC-27MAR20-5000-C,7183.23,67.25,0.331,4.0,0.342,4.0,79.54,6.57466,-2.8192,9.53235,7e-05,0.89182
130.41,SYN.ETH-3JAN20,1577876343014,open,0.0,12.0,0.001,0.011,2.8e-05,120.0,0.001,0.0,ETH-3JAN20-170-C,130.37,0.0,0.0,0.0,0.001,2.0,177.98,0.00037,-0.00365,1e-05,0.00035,0.00119
130.41,SYN.ETH-3JAN20,1577876343014,open,0.31,0.0,0.266,0.344,0.303598,120.0,None,0.0,ETH-3JAN20-170-P,130.37,0.0,0.0,0.0,0.0,0.0,0.0,0.00037,-0.01179,-0.00873,0.00035,-0.99881
130.56,SYN.ETH-10JAN20,1577876343018,open,0.31,0.0,0.265,0.348,0.30406,91.31,None,0.0,ETH-10JAN20-170-P,130.37,0.0,0.0,0.0,0.0,0.0,0.0,0.01659,-0.08532,-0.04022,0.00438,-0.96266
130.56,SYN.ETH-10JAN20,1577876343018,open,0.0,208.0,0.001,0.012,0.00202,91.31,0.002,0.0,ETH-10JAN20-170-C,130.37,81.52,0.001,2.0,0.003,500.0,98.14,0.01659,-0.08532,0.00112,0.00438,0.03734
7222.3,SYN.BTC-31JAN20,1577876343062,open,0.03,433.3,0.012,0.0495,0.02709885,56.45,0.0265,0.0,BTC-31JAN20-8000-C,7183.23,55.32,0.026,15.0,0.028,4.0,57.36,7.07623,-6.68471,1.55585,0.00029,0.29029
7258.91,SYN.BTC-28FEB20,1577876343064,open,0.12,5.6,0.0855,0.155,0.11710266,61.85,0.1155,0.0,BTC-28FEB20-7500-P,7183.23,59.89,0.114,26.4,0.1205,26.7,63.98,11.5309,-6.16117,-7.14667,0.00022,-0.5038
7567.05,SYN.BTC-25SEP20,1577876343154,open,0.19,33.0,0.1425,0.251,0.19128985,75.15,0.2,0.0,BTC-25SEP20-9000-C,7183.23,75.36,0.192,1.0,0.2015,5.0,78.14,25.82602,-3.62264,18.30744,8e-05,0.52095
131.02,SYN.ETH-31JAN20,1577876343162,open,0.18,0.0,0.15,0.214,0.182553,73.87,None,0.0,ETH-31JAN20-110-C,130.37,29.51,0.161,37.0,0.205,37.0,101.6,0.09675,-0.11961,0.06886,0.00932,0.82465
131.02,SYN.ETH-31JAN20,1577876343162,open,0.01,108.0,0.001,0.018,0.006521,89.04,0.006,0.0,ETH-31JAN20-90-P,130.37,83.91,0.005,800.0,0.008,800.0,93.48,0.04147,-0.0618,-0.00656,0.00331,-0.05462
131.02,SYN.ETH-31JAN20,1577876343164,open,0.03,718.0,0.013,0.059,0.032701,70.9,0.035,0.0,ETH-31JAN20-150-C,130.37,69.15,0.031,192.0,0.034,240.0,72.23,0.12746,-0.15125,0.02716,0.01279,0.28592
131.02,SYN.ETH-31JAN20,1577876343164,open,0.01,273.0,0.004,0.033,0.0141,76.31,0.016,0.0,ETH-31JAN20-170-C,130.37,74.54,0.013,240.0,0.015,540.0,77.71,0.08313,-0.10616,0.01342,0.00775,0.13925
131.02,SYN.ETH-31JAN20,1577876343164,open,0.32,0.0,0.267,0.36,0.311572,76.31,None,0.0,ETH-31JAN20-170-P,130.37,57.52,0.302,240.0,1.315,1.0,500.0,0.08313,-0.10616,-0.12573,0.00775,-0.86075
131.64,SYN.ETH-28FEB20,1577876343176,open,0.05,34.0,0.024,0.08,0.048941,77.71,0.047,0.0,ETH-28FEB20-110-P,130.37,75.27,0.046,734.0,0.052,734.0,80.22,0.15961,-0.10715,-0.05846,0.00748,-0.23116
131.64,SYN.ETH-28FEB20,1577876343176,open,0.08,56.0,0.043,0.114,0.076474,76.3,0.075,0.0,ETH-28FEB20-120-P,130.37,73.87,0.073,697.0,0.08,697.0,78.76,0.18842,-0.1242,-0.08359,0.00899,-0.324
131.64,SYN.ETH-28FEB20,1577876343179,open,0.16,0.0,0.113,0.206,0.158031,75.77,None,0.0,ETH-28FEB20-140-P,130.37,73.86,0.155,144.0,0.163,181.0,78.9,0.20882,-0.13669,-0.14179,0.01003,-0.52125
131.64,SYN.ETH-28FEB20,1577876343179,open,0.11,252.0,0.073,0.155,0.112397,75.35,0.11,0.0,ETH-28FEB20-130-P,130.37,73.81,0.11,144.0,0.114,200.0,76.38,0.20531,-0.13365,-0.11196,0.00992,-0.42398
131.64,SYN.ETH-28FEB20,1577876343183,open,0.48,0.0,0.416,0.531,0.471133,84.28,None,0.0,ETH-28FEB20-190-P,130.37,0.0,0.001,5.0,0.0,0.0,0.0,0.13625,-0.0992,-0.27006,0.00588,-0.82269
131.64,SYN.ETH-28FEB20,1577876343183,open,0.34,0.0,0.281,0.39,0.334109,79.77,None,0.0,ETH-28FEB20-170-P,130.37,0.0,0.001,5.0,0.0,0.0,0.0,0.1697,-0.11694,-0.2244,0.00774,-0.74097
131.64,SYN.ETH-28FEB20,1577876343183,open,0.03,193.0,0.009,0.055,0.02777,84.28,0.027,0.0,ETH-28FEB20-190-C,130.37,84.5,0.028,2.0,0.029,670.0,85.46,0.13625,-0.0992,0.03121,0.00588,0.17731
131.64,SYN.ETH-28FEB20,1577876343183,open,0.41,0.0,0.347,0.459,0.400944,81.49,None,0.0,ETH-28FEB20-180-P,130.37,0.0,0.001,5.0,0.0,0.0,0.0,0.15161,-0.10674,-0.24832,0.00677,-0.78873
131.64,SYN.ETH-28FEB20,1577876343183,open,0.07,73.0,0.039,0.108,0.071707,76.72,0.072,0.0,ETH-28FEB20-150-C,130.37,74.95,0.069,466.0,0.075,494.0,78.87,0.20138,-0.13348,0.06681,0.00955,0.39178
136.15,SYN.ETH-25SEP20,1577876343433,open,0.77,0.0,0.676,0.864,0.767502,89.56,None,0.0,ETH-25SEP20-220-P,130.37,0.0,0.0,0.0,0.803,1.0,100.14,0.45191,-0.07555,-1.36195,0.00371,-0.59552
7567.05,SYN.BTC-25SEP20,1577876343454,open,0.06,2.2,0.0305,0.115,0.06252693,85.42,0.064,0.0,BTC-25SEP20-18000-C,7183.23,84.38,0.06,0.1,0.065,0.1,86.42,18.50242,-2.94991,7.99974,5e-05,0.20657
134.2,ETH-26JUN20,1577876343471,open,0.35,1.0,0.308,0.399,0.354614,85.26,0.38,0.0,ETH-26JUN20-100-C,130.37,67.27,0.319,48.0,0.386,48.0,100.57,0.27227,-0.06562,0.2805,0.00366,0.78593
134.2,ETH-26JUN20,1577876343478,open,0.35,1.0,0.308,0.399,0.354614,85.26,0.38,0.0,ETH-26JUN20-100-C,130.37,67.27,0.319,48.0,0.387,48.0,101.05,0.27227,-0.06562,0.2805,0.00366,0.78593
136.15,SYN.ETH-25SEP20,1577876343487,open,0.41,0.0,0.332,0.487,0.40835,86.31,None,0.0,ETH-25SEP20-160-P,130.37,19.83,0.192,1.0,0.455,1.0,100.24,0.46001,-0.07411,-0.8475,0.00392,-0.43982
136.15,SYN.ETH-25SEP20,1577876343489,open,0.64,0.0,0.554,0.733,0.642119,88.47,None,0.0,ETH-25SEP20-200-P,130.37,0.0,0.0,0.0,0.682,1.0,100.18,0.46149,-0.07621,-1.19228,0.00383,-0.5511
131.64,SYN.ETH-28FEB20,1577876343635,open,0.02,29.0,0.007,0.047,0.022096,85.63,0.021,0.0,ETH-28FEB20-200-C,130.37,83.27,0.02,240.0,0.024,720.0,87.68,0.11971,-0.08856,0.02574,0.00509,0.14543
131.64,SYN.ETH-28FEB20,1577876343635,open,0.4,0.0,0.378,0.428,0.402996,90.78,None,0.0,ETH-28FEB20-80-C,130.37,0.0,0.392,43.0,0.415,42.0,112.04,0.06209,-0.04869,0.11218,0.00249,0.94043
7194.84,SYN.BTC-10JAN20,1577876343683,open,0.0,76.2,0.0005,0.011,0.00148489,78.91,0.002,0.0,BTC-10JAN20-5750-P,7183.29,73.77,0.001,9.8,0.002,41.1,83.37,0.76004,-3.37877,-0.05481,8e-05,-0.02984
7567.05,SYN.BTC-25SEP20,1577876343683,open,0.95,1.0,0.877,1.0355,0.94791741,82.4,0.93,0.0,BTC-25SEP20-14000-P,7183.29,0.0,0.03,1.0,0.99,0.1,95.89,22.60666,-3.4768,-91.40659,7e-05,-0.69801
7194.84,SYN.BTC-10JAN20,1577876343684,open,0.01,135.4,0.0005,0.0325,0.00989101,52.54,0.011,0.0,BTC-10JAN20-6750-P,7183.29,50.51,0.009,25.0,0.0105,24.0,53.89,3.19798,-9.4644,-0.3779,0.00048,-0.20611
7194.84,SYN.BTC-10JAN20,1577876343683,open,0.0,95.8,0.0005,0.014,0.00274722,57.97,0.002,0.0,BTC-10JAN20-8250-C,7183.29,54.15,0.002,55.0,0.0035,30.0,61.31,1.52255,-4.97246,0.11937,0.00021,0.07098
7567.05,SYN.BTC-25SEP20,1577876343683,open,0.71,1.0,0.642,0.792,0.70962577,79.65,0.705,0.0,BTC-25SEP20-12000-P,7183.29,0.0,0.02,1.0,0.77,1.0,97.81,24.45353,-3.63535,-74.45425,7e-05,-0.63105
7567.05,SYN.BTC-25SEP20,1577876343684,open,1.7,1.0,1.6175,1.791,1.6945616,86.72,1.68,0.0,BTC-25SEP20-20000-P,7183.29,0.0,0.06,1.0,1.75,0.1,108.27,16.67717,-2.69961,-139.95434,5e-05,-0.82555
7194.84,SYN.BTC-10JAN20,1577876343683,open,0.05,91.8,0.0295,0.077,0.04540474,48.8,0.0525,0.0,BTC-10JAN20-7000-C,7183.29,45.47,0.0435,4.0,0.046,21.0,49.83,4.13375,-11.36313,1.06651,0.00067,0.65499
7194.84,SYN.BTC-10JAN20,1577876343684,open,0.0,15.9,0.0005,0.011,0.00127069,66.19,0.0025,0.0,BTC-10JAN20-8750-C,7183.29,57.38,0.0005,41.5,0.002,35.0,71.76,0.8172,-3.04727,0.05477,0.0001,0.03257
7567.05,SYN.BTC-25SEP20,1577876343684,open,0.1,40.2,0.0565,0.157,0.09779,82.4,0.098,0.0,BTC-25SEP20-14000-C,7183.29,81.46,0.095,1.8,0.1005,14.4,83.3,22.60666,-3.4768,11.34025,7e-05,0.30199
7194.84,SYN.BTC-10JAN20,1577876343684,open,0.03,83.2,0.02,0.068,0.03347955,47.23,0.036,0.0,BTC-10JAN20-7250-P,7183.29,44.04,0.0315,32.0,0.035,0.4,49.68,4.46595,-11.88209,-0.98001,0.00075,-0.52666
7567.05,SYN.BTC-25SEP20,1577876343683,open,0.12,2.4,0.0785,0.1845,0.12380227,79.65,0.1265,0.0,BTC-25SEP20-12000-C,7183.29,78.0,0.1185,14.1,0.129,14.1,81.25,24.45353,-3.63535,13.61447,7e-05,0.36895
7194.84,SYN.BTC-10JAN20,1577876343684,open,0.1,20.5,0.0815,0.126,0.10236804,58.51,0.103,0.0,BTC-10JAN20-6500-C,7183.29,32.76,0.097,3.0,0.122,3.0,105.16,2.28727,-7.5389,1.35479,0.00031,0.87672
7194.84,SYN.BTC-10JAN20,1577876343684,open,0.01,606.7,0.004,0.0425,0.01378482,47.87,0.0145,0.0,BTC-10JAN20-7500-C,7183.29,45.49,0.0125,22.0,0.015,31.0,50.09,3.91168,-10.54878,0.50396,0.00065,0.30183
7194.84,SYN.BTC-10JAN20,1577876343684,open,0.0,172.0,0.0005,0.021,0.0044267,54.09,0.0045,0.0,BTC-10JAN20-8000-C,7183.29,52.63,0.004,0.1,0.0045,0.1,54.34,2.13867,-6.51725,0.18841,0.00031,0.11212
7567.05,SYN.BTC-25SEP20,1577876343683,open,1.44,1.3,1.3665,1.535,1.44126218,85.42,1.43,0.0,BTC-25SEP20-18000-P,7183.29,0.0,1.33,0.5,1.455,0.2,90.83,18.50256,-2.94995,-124.10326,5e-05,-0.79342
7194.84,SYN.BTC-10JAN20,1577876343684,open,0.01,173.7,0.0005,0.03,0.00727887,49.8,0.007,0.0,BTC-10JAN20-7750-C,7183.29,49.11,0.007,8.0,0.008,0.2,51.54,2.9362,-8.23769,0.30086,0.00047,0.17924
7194.84,SYN.BTC-10JAN20,1577876343684,open,0.08,10.1,0.0635,0.118,0.08444036,49.8,0.09,0.0,BTC-10JAN20-7750-P,7183.29,0.0,0.068,3.0,0.1125,3.0,103.81,2.9362,-8.23767,-1.58371,0.00047,-0.82076
7194.84,SYN.BTC-10JAN20,1577876343684,open,0.07,2.0,0.052,0.1,0.0717181,52.54,0.0845,0.0,BTC-10JAN20-6750-C,7183.29,35.05,0.065,12.6,0.0745,20.0,58.6,3.19798,-9.4644,1.26349,0.00048,0.79389
7194.84,SYN.BTC-10JAN20,1577876343684,open,0.06,30.0,0.0385,0.0915,0.05619917,47.87,0.057,0.0,BTC-10JAN20-7500-P,7183.29,43.77,0.054,18.0,0.0585,18.0,52.05,3.91168,-10.54878,-1.31981,0.00065,-0.69817
7194.84,SYN.BTC-10JAN20,1577876343684,open,0.02,430.4,0.0085,0.0485,0.0183248,48.8,0.017,0.0,BTC-10JAN20-7000-P,7183.29,46.48,0.017,15.0,0.0195,24.0,50.84,4.13375,-11.36313,-0.63567,0.00067,-0.34501
7567.05,SYN.BTC-25SEP20,1577876343684,open,1.19,1.0,1.118,1.281,1.19056432,83.54,1.18,0.0,BTC-25SEP20-16000-P,7183.29,0.0,0.04,1.0,1.25,0.1,103.67,20.40537,-3.18184,-108.01401,6e-05,-0.75441
7194.84,SYN.BTC-10JAN20,1577876343684,open,0.18,0.0,0.159,0.211,0.18314552,61.56,None,0.0,BTC-10JAN20-8500-P,7183.29,0.0,0.0,0.0,0.0,0.0,0.0,1.07567,-3.73012,-1.99014,0.00014,-0.95436
7194.84,SYN.BTC-10JAN20,1577876343684,open,0.12,0.0,0.093,0.147,0.11633533,54.09,None,0.0,BTC-10JAN20-8000-P,7183.29,0.0,0.0945,3.0,0.142,3.0,111.01,2.13866,-6.51723,-1.75695,0.00031,-0.88788
7194.84,SYN.BTC-10JAN20,1577876343683,open,0.01,111.7,0.0005,0.0205,0.0057938,58.51,0.006,0.0,BTC-10JAN20-6500-P,7183.29,57.58,0.0055,20.0,0.006,30.1,59.15,2.28727,-7.5389,-0.22582,0.00031,-0.12328
7194.84,SYN.BTC-10JAN20,1577876343684,open,0.2,0.5,0.185,0.2215,0.20230056,78.91,0.2065,0.0,BTC-10JAN20-5750-C,7183.29,0.0,0.2005,0.1,0.2155,3.0,137.82,0.76004,-3.37877,1.34342,8e-05,0.97016
7194.84,SYN.BTC-10JAN20,1577876343684,open,0.17,1.8,0.1495,0.188,0.16804928,69.95,0.171,0.0,BTC-10JAN20-6000-C,7183.29,0.0,0.166,0.1,0.183,3.0,125.32,1.02059,-4.02145,1.38074,0.00012,0.95724
7194.84,SYN.BTC-10JAN20,1577876343684,open,0.22,0.0,0.1925,0.2455,0.21742076,66.19,None,0.0,BTC-10JAN20-8750-P,7183.29,0.0,0.0,0.0,0.0,0.0,0.0,0.8172,-3.04727,-2.07297,0.0001,-0.96743
7194.84,SYN.BTC-10JAN20,1577876343684,open,0.0,88.4,0.0005,0.0115,0.00198076,69.95,0.0025,0.0,BTC-10JAN20-6000-P,7183.29,66.29,0.0015,45.3,0.0025,2.5,73.38,1.02058,-4.02144,-0.07828,0.00012,-0.04276
7567.05,SYN.BTC-25SEP20,1577876343683,open,0.08,3.0,0.04,0.1315,0.07613299,83.54,0.078,0.0,BTC-25SEP20-16000-C,7183.29,81.8,0.0715,5.0,0.081,14.7,85.33,20.40537,-3.18184,9.41095,6e-05,0.24559
7567.05,SYN.BTC-25SEP20,1577876343683,open,0.05,39.3,0.023,0.1005,0.05152244,86.72,0.0535,0.0,BTC-25SEP20-20000-C,7183.29,85.8,0.0495,5.0,0.0535,19.0,87.61,16.67717,-2.69961,6.82686,5e-05,0.17445
7194.84,SYN.BTC-10JAN20,1577876343684,open,0.0,61.6,0.0005,0.015,0.00380205,66.14,0.0035,0.0,BTC-10JAN20-6250-P,7183.29,64.79,0.0035,20.0,0.004,30.0,67.0,1.64116,-6.11482,-0.14365,0.0002,-0.07831
7194.84,SYN.BTC-10JAN20,1577876343684,open,0.14,0.0,0.115,0.157,0.13512343,66.14,None,0.0,BTC-10JAN20-6250-C,7183.29,38.48,0.1315,3.0,0.152,3.0,115.24,1.64117,-6.11483,1.37616,0.0002,0.92169
7194.84,SYN.BTC-10JAN20,1577876343684,open,0.03,218.1,0.0145,0.058,0.02581235,47.23,0.024,0.0,BTC-10JAN20-7250-C,7183.29,45.92,0.025,0.1,0.027,19.9,49.14,4.46595,-11.88209,0.78297,0.00075,0.47334
7194.84,SYN.BTC-10JAN20,1577876343684,open,0.0,64.8,0.0005,0.0115,0.00174259,61.56,0.0025,0.0,BTC-10JAN20-8500-C,7183.29,59.86,0.0015,15.0,0.002,0.2,63.21,1.07567,-3.73013,0.07681,0.00014,0.04564
7194.84,SYN.BTC-10JAN20,1577876343684,open,0.15,0.0,0.1255,0.178,0.149403,57.97,None,0.0,BTC-10JAN20-8250-P,7183.29,0.0,0.0,0.0,0.0,0.0,0.0,1.52255,-4.97244,-1.88678,0.00021,-0.92902
132.25,ETH-27MAR20,1577876344346,open,0.35,0.0,0.319,0.386,0.352802,86.61,None,0.0,ETH-27MAR20-90-C,130.37,63.18,0.332,43.0,0.377,43.0,108.39,0.13573,-0.06845,0.16092,0.00381,0.86996
132.25,ETH-27MAR20,1577876344346,open,0.16,1.0,0.118,0.206,0.16249,80.69,0.152,0.0,ETH-27MAR20-130-C,130.37,78.31,0.158,257.0,0.167,257.0,83.09,0.24868,-0.11684,0.13447,0.00749,0.59466
132.25,ETH-27MAR20,1577876344346,open,0.03,0.0,0.014,0.059,0.033331,86.61,None,0.0,ETH-27MAR20-90-P,130.37,84.31,0.031,320.0,0.036,857.0,89.18,0.13573,-0.06845,-0.05083,0.00381,-0.13004
132.25,ETH-27MAR20,1577876344346,open,0.01,2.0,0.004,0.029,0.013426,96.56,0.01,0.0,ETH-27MAR20-70-P,130.37,91.9,0.011,240.0,0.016,541.0,101.1,0.07201,-0.04048,-0.02149,0.00181,-0.05564
130.56,SYN.ETH-10JAN20,1577876344610,open,0.09,102.0,0.061,0.122,0.092444,66.21,0.102,0.0,ETH-10JAN20-120-C,130.37,57.73,0.089,60.0,0.096,60.0,74.25,0.05569,-0.2077,0.0227,0.02029,0.80754
7455.59,BTC-26JUN20,1577876344691,open,0.07,440.2,0.0405,0.122,0.07359492,79.28,0.0775,0.0,BTC-26JUN20-12000-C,7183.31,78.17,0.071,18.9,0.076,5.0,80.31,17.4345,-3.90743,7.41396,8e-05,0.2788
7295.57,BTC-27MAR20,1577876344692,open,4.48,1.0,4.3755,4.597,4.48300527,109.72,4.54,0.0,BTC-27MAR20-40000-P,7183.31,0.0,0.0015,10.0,0.0,0.0,0.0,0.19229,-0.12284,-94.08526,0.0,-0.99831
7258.96,SYN.BTC-28FEB20,1577876344691,open,0.02,42.4,0.0075,0.038,0.01836229,67.68,0.0185,0.0,BTC-28FEB20-5500-P,7183.31,65.97,0.017,24.0,0.0195,39.0,69.08,5.85468,-3.42341,-1.61723,0.0001,-0.12214
7258.96,SYN.BTC-28FEB20,1577876344691,open,0.16,0.5,0.127,0.188,0.15560882,62.83,0.1685,0.0,BTC-28FEB20-6500-C,7183.31,59.03,0.1505,16.9,0.1595,12.9,65.69,9.82194,-5.33123,6.43259,0.00019,0.71448
7258.96,SYN.BTC-28FEB20,1577876344691,open,0.33,0.0,0.2975,0.3765,0.33345479,66.86,None,0.0,BTC-28FEB20-9500-P,7183.31,0.0,0.0,0.0,0.0,0.0,0.0,7.84673,-4.53235,-13.15994,0.00014,-0.80989
7567.11,SYN.BTC-25SEP20,1577876344691,open,0.42,0.0,0.384,0.4605,0.41869639,74.96,None,0.0,BTC-25SEP20-5000-C,7183.31,62.56,0.393,6.0,0.4505,6.0,89.46,16.21325,-2.26834,23.01254,5e-05,0.83307
7258.96,SYN.BTC-28FEB20,1577876344691,open,0.05,32.1,0.029,0.081,0.05106037,62.83,0.049,0.0,BTC-28FEB20-6500-P,7183.31,61.31,0.049,6.0,0.053,34.3,64.26,9.82208,-5.33172,-3.87421,0.00019,-0.28553
7194.89,SYN.BTC-10JAN20,1577876344691,open,0.0,115.0,0.0005,0.0105,0.00099649,71.07,0.0015,0.0,BTC-10JAN20-9000-C,7183.31,64.32,0.0005,142.0,0.0015,10.1,75.95,0.64998,-2.60226,0.04154,7e-05,0.02474
7567.11,SYN.BTC-25SEP20,1577876344691,open,0.08,108.4,0.05,0.12,0.07945618,74.96,0.0755,0.0,BTC-25SEP20-5000-P,7183.31,71.69,0.0725,13.0,0.081,6.0,75.68,16.21342,-2.26844,-13.68321,5e-05,-0.16693
7258.96,SYN.BTC-28FEB20,1577876344691,open,0.12,2.5,0.0865,0.1495,0.11576989,62.26,0.1155,0.0,BTC-28FEB20-7000-C,7183.31,59.8,0.112,19.8,0.118,14.8,63.72,11.1173,-5.98015,5.64956,0.00021,0.60661
7567.11,SYN.BTC-25SEP20,1577876344691,open,0.14,33.5,0.0955,0.204,0.14280124,78.6,0.1445,0.0,BTC-25SEP20-11000-C,7183.31,76.86,0.137,14.0,0.1485,14.0,80.31,25.24985,-3.70447,15.02667,8e-05,0.41338
7567.11,SYN.BTC-25SEP20,1577876344691,open,0.38,1.3,0.3215,0.452,0.38066074,75.15,0.361,0.0,BTC-25SEP20-9000-P,7183.31,67.93,0.356,5.0,0.395,6.0,79.36,25.82618,-3.6228,-47.74387,8e-05,-0.47904
7258.96,SYN.BTC-28FEB20,1577876344691,open,0.01,92.2,0.003,0.0315,0.01256684,73.54,0.013,0.0,BTC-28FEB20-11000-C,7183.31,72.73,0.012,0.1,0.013,0.1,74.15,5.12851,-3.25828,1.02372,8e-05,0.10151
7258.96,SYN.BTC-28FEB20,1577876344691,open,0.32,0.0,0.3025,0.345,0.32181819,71.77,None,0.0,BTC-28FEB20-5000-C,7183.31,38.35,0.3115,4.0,0.3395,4.0,97.13,4.04586,-2.50861,6.95531,7e-05,0.9261
7185.74,SYN.BTC-3JAN20,1577876344691,open,0.0,147.3,0.0005,0.0105,1.641e-05,110.0,0.0005,0.0,BTC-3JAN20-9250-C,7183.31,0.0,0.0,0.0,0.0005,0.3,155.03,0.01381,-0.11791,0.00028,0.0,0.00078
7567.11,SYN.BTC-25SEP20,1577876344691,open,0.29,2.6,0.234,0.355,0.2885942,74.96,0.29,0.0,BTC-25SEP20-8000-P,7183.31,71.78,0.278,10.6,0.2945,14.6,76.74,25.16081,-3.52031,-38.64786,8e-05,-0.40732
7258.96,SYN.BTC-28FEB20,1577876344691,open,0.21,2.0,0.18,0.2565,0.21517283,63.53,0.212,0.0,BTC-28FEB20-8500-P,7183.31,23.79,0.173,0.1,0.0,0.0,0.0,10.18942,-5.59201,-10.42513,0.00019,-0.69057
7258.96,SYN.BTC-28FEB20,1577876344691,open,0.02,29.0,0.01,0.0495,0.02471791,66.85,0.026,0.0,BTC-28FEB20-9500-C,7183.31,65.71,0.0235,27.3,0.026,15.0,68.03,7.84568,-4.53114,1.90323,0.00014,0.19007
7258.96,SYN.BTC-28FEB20,1577876344691,open,0.06,49.2,0.036,0.0925,0.06050632,62.29,0.062,0.0,BTC-28FEB20-8000-C,7183.31,60.65,0.058,48.3,0.063,15.0,63.91,11.12501,-5.98636,3.84296,0.00021,0.39438
7258.96,SYN.BTC-28FEB20,1577876344691,open,0.4,0.0,0.3605,0.4395,0.3965271,68.62,None,0.0,BTC-28FEB20-10000-P,7183.31,0.0,0.0,0.0,0.0,0.0,0.0,6.74447,-3.9984,-14.3457,0.00012,-0.84983
7258.96,SYN.BTC-28FEB20,1577876344691,open,0.16,3.0,0.1285,0.203,0.16260053,62.29,0.1605,0.0,BTC-28FEB20-8000-P,7183.31,59.28,0.158,11.5,0.1685,8.5,66.13,11.12514,-5.98694,-8.84202,0.00021,-0.6056
7185.74,SYN.BTC-3JAN20,1577876344691,open,0.25,4.0,0.228,0.2795,0.25254634,111.79,0.2695,0.0,BTC-3JAN20-9000-P,7183.31,0.0,0.2355,2.0,0.2735,2.0,314.63,0.04444,-1.32418,-0.46149,1e-05,-0.99719
7567.11,SYN.BTC-25SEP20,1577876344691,open,0.04,20.9,0.0205,0.0665,0.03833026,75.07,0.038,0.0,BTC-25SEP20-4000-P,7183.31,73.44,0.036,6.0,0.0405,0.1,76.56,10.92385,-1.53061,-7.38303,3e-05,-0.09461
7258.96,SYN.BTC-28FEB20,1577876344691,open,0.04,228.6,0.023,0.074,0.04419772,63.52,0.0425,0.0,BTC-28FEB20-8500-C,7183.31,61.95,0.042,34.3,0.0465,34.3,65.15,10.18906,-5.59128,3.05258,0.00019,0.30941
7567.11,SYN.BTC-25SEP20,1577876344691,open,0.48,1.1,0.418,0.5545,0.47974507,75.15,0.4745,0.0,BTC-25SEP20-10000-P,7183.31,0.0,0.01,1.0,0.51,1.0,84.03,25.70282,-3.60552,-56.86657,8e-05,-0.54422
7258.96,SYN.BTC-28FEB20,1577876344691,open,0.01,40.0,0.001,0.0255,0.01062708,71.78,0.0115,0.0,BTC-28FEB20-5000-P,7183.31,69.71,0.0095,34.0,0.0115,24.0,73.32,4.04672,-2.50946,-0.97317,7e-05,-0.07392
7567.11,SYN.BTC-25SEP20,1577876344691,open,0.21,34.8,0.1585,0.2665,0.20665864,74.96,0.202,0.0,BTC-25SEP20-7000-P,7183.31,72.01,0.1975,5.5,0.2085,12.4,75.55,23.45108,-3.28109,-29.75383,7e-05,-0.3291
7567.11,SYN.BTC-25SEP20,1577876344691,open,0.16,50.7,0.111,0.218,0.15822549,75.15,0.17,0.0,BTC-25SEP20-10000-C,7183.31,75.97,0.161,13.8,0.1725,13.8,79.34,25.70273,-3.60535,16.52393,8e-05,0.45576
7185.74,SYN.BTC-3JAN20,1577876344691,open,0.06,4.8,0.042,0.0835,0.0623391,63.39,0.068,0.0,BTC-3JAN20-6750-C,7183.31,0.0,0.0605,0.2,0.064,0.5,76.49,0.7719,-13.04274,0.31639,0.00046,0.91916
7567.11,SYN.BTC-25SEP20,1577876344691,open,0.34,2.0,0.301,0.393,0.34331964,74.96,0.346,0.0,BTC-25SEP20-6000-C,7183.31,72.81,0.3375,13.9,0.35,7.9,77.42,20.48937,-2.86661,22.72515,7e-05,0.75252
7258.96,SYN.BTC-28FEB20,1577876344691,open,0.08,21.9,0.0525,0.115,0.08010233,62.27,0.077,0.0,BTC-28FEB20-7000-P,7183.31,60.9,0.078,1.8,0.082,34.3,63.51,11.11731,-5.9806,-5.44998,0.00021,-0.39339
7185.74,SYN.BTC-3JAN20,1577876344691,open,0.0,133.7,0.0005,0.0105,5.572e-05,110.0,0.0005,0.0,BTC-3JAN20-9000-C,7183.31,0.0,0.0,0.0,0.0005,10.1,140.59,0.03902,-0.4004,0.00088,1e-05,0.00243
7258.96,SYN.BTC-28FEB20,1577876344691,open,0.27,0.0,0.237,0.315,0.27261085,65.09,None,0.0,BTC-28FEB20-9000-P,7183.31,0.0,0.0,0.0,0.0,0.0,0.0,9.02673,-5.07609,-11.86227,0.00017,-0.75799
7222.35,SYN.BTC-31JAN20,1577876344692,open,0.08,242.2,0.056,0.1075,0.07993774,56.44,0.074,0.0,BTC-31JAN20-7000-C,7183.31,54.68,0.078,1.0,0.081,20.0,57.41,7.93876,-7.49939,3.12231,0.00033,0.60811
7567.11,SYN.BTC-25SEP20,1577876344691,open,0.23,29.8,0.1825,0.29,0.23137853,74.96,0.233,0.0,BTC-25SEP20-8000-C,7183.31,74.24,0.229,8.8,0.2385,4.9,77.1,25.16089,-3.52021,20.06479,8e-05,0.59268
7258.96,SYN.BTC-28FEB20,1577876344691,open,0.53,0.0,0.491,0.5725,0.52794638,73.56,None,0.0,BTC-28FEB20-11000-P,7183.31,0.0,0.0,0.0,0.0,0.0,0.0,5.1307,-3.26037,-16.41771,8e-05,-0.89843
7258.96,SYN.BTC-28FEB20,1577876344691,open,0.03,39.1,0.015,0.0555,0.03088028,64.46,0.0295,0.0,BTC-28FEB20-6000-P,7183.31,62.72,0.029,36.3,0.0325,34.4,65.94,7.89509,-4.39643,-2.56568,0.00015,-0.19203
7185.74,SYN.BTC-3JAN20,1577876344691,open,0.29,0.0,0.2625,0.3145,0.28729843,114.52,None,0.0,BTC-3JAN20-9250-P,7183.31,0.0,0.0005,3.0,0.0,0.0,0.0,0.02054,-0.62696,-0.47491,1e-05,-0.9988
7258.96,SYN.BTC-28FEB20,1577876344691,open,0.2,0.0,0.178,0.234,0.20430962,64.45,None,0.0,BTC-28FEB20-6000-C,7183.31,54.5,0.194,4.0,0.2315,4.0,87.75,7.89473,-4.39585,6.94837,0.00015,0.80799
7258.96,SYN.BTC-28FEB20,1577876344691,open,0.26,0.0,0.2375,0.287,0.26067252,67.68,None,0.0,BTC-28FEB20-5500-C,7183.31,45.26,0.2465,4.0,0.283,4.0,91.8,5.85406,-3.42271,7.10404,0.0001,0.87788
7258.96,SYN.BTC-28FEB20,1577876344691,open,0.08,26.9,0.0565,0.117,0.08388907,61.84,0.0875,0.0,BTC-28FEB20-7500-C,7183.31,59.71,0.0805,43.4,0.0865,15.0,63.49,11.53099,-6.16063,4.74573,0.00022,0.4962
7258.96,SYN.BTC-28FEB20,1577876344691,open,0.03,43.3,0.015,0.06,0.03275485,65.08,0.035,0.0,BTC-28FEB20-9000-C,7183.31,63.66,0.031,35.3,0.0345,34.3,66.48,9.02605,-5.07513,2.40817,0.00017,0.24198
7194.89,SYN.BTC-10JAN20,1577876344691,open,0.25,0.0,0.2265,0.2805,0.25189371,71.18,None,0.0,BTC-10JAN20-9000-P,7183.31,0.0,0.0,0.0,0.0,0.0,0.0,0.6542,-2.62332,-2.14667,7e-05,-0.97507
7567.11,SYN.BTC-25SEP20,1577876344691,open,0.51,0.0,0.4845,0.541,0.50972242,75.06,None,0.0,BTC-25SEP20-4000-C,7183.31,62.39,0.493,6.0,0.5355,6.0,91.59,10.92347,-1.5305,21.9737,3e-05,0.90539
7258.96,SYN.BTC-28FEB20,1577876344691,open,0.02,82.0,0.007,0.0415,0.01890933,68.61,0.018,0.0,BTC-28FEB20-10000-C,7183.31,67.62,0.018,19.3,0.02,17.5,69.77,6.74303,-3.99691,1.51022,0.00012,0.15012
7567.11,SYN.BTC-25SEP20,1577876344691,open,0.6,1.0,0.531,0.6765,0.59647278,78.61,0.59,0.0,BTC-25SEP20-11000-P,7183.31,0.0,0.015,1.0,0.715,0.1,113.47,25.25007,-3.70467,-65.70278,8e-05,-0.58661
136.15,SYN.ETH-25SEP20,1577876344761,open,1.17,0.0,1.063,1.273,1.16366,92.6,None,0.0,ETH-25SEP20-280-P,130.37,0.0,0.0,0.0,1.187,1.0,100.2,0.40809,-0.07054,-1.85797,0.00324,-0.69577
130.41,SYN.ETH-3JAN20,1577876345176,open,0.16,11.0,0.117,0.189,0.151209,105.17,0.149,0.0,ETH-3JAN20-150-P,130.37,0.0,0.146,60.0,0.153,60.0,128.73,0.00714,-0.20009,-0.00748,0.00777,-0.96551
132.25,ETH-27MAR20,1577876345179,open,0.03,1242.0,0.013,0.067,0.035123,91.43,0.036,0.0,ETH-27MAR20-220-C,130.37,88.91,0.032,300.0,0.038,490.0,93.68,0.16672,-0.08875,0.04423,0.00443,0.17728
134.2,ETH-26JUN20,1577876345236,open,0.61,245.0,0.524,0.685,0.602475,87.69,0.71,0.0,ETH-26JUN20-200-P,130.37,0.0,0.49,1.0,0.636,1.0,100.26,0.35074,-0.08694,-0.80557,0.00458,-0.63625
132.25,ETH-27MAR20,1577876345236,open,0.05,2682.0,0.019,0.082,0.04653,88.56,0.042,0.0,ETH-27MAR20-200-C,130.37,88.88,0.047,100.0,0.049,293.0,90.23,0.19344,-0.09974,0.05621,0.00531,0.22719
134.2,ETH-26JUN20,1577876345236,open,0.45,0.0,0.418,0.49,0.454246,87.51,None,0.0,ETH-26JUN20-80-C,130.37,66.36,0.427,49.0,0.477,49.0,102.74,0.19154,-0.04738,0.27409,0.00251,0.87571
131.02,SYN.ETH-31JAN20,1577876345238,open,0.04,1327.0,0.019,0.07,0.041329,69.78,0.04,0.0,ETH-31JAN20-120-P,130.37,68.43,0.04,192.0,0.043,200.0,71.47,0.12925,-0.15094,-0.03602,0.01318,-0.29457
131.02,SYN.ETH-31JAN20,1577876345240,open,0.25,1.0,0.22,0.276,0.248254,79.7,0.245,0.0,ETH-31JAN20-100-C,130.37,48.75,0.238,37.0,0.266,36.0,109.52,0.06432,-0.08579,0.07022,0.00574,0.90304
134.2,ETH-26JUN20,1577876345242,open,0.26,1337.0,0.196,0.323,0.258304,84.42,0.239,0.0,ETH-26JUN20-140-P,130.37,81.72,0.251,370.0,0.268,370.0,88.0,0.36363,-0.08677,-0.43606,0.00494,-0.41223
130.41,SYN.ETH-3JAN20,1577876345242,open,0.08,136.0,0.043,0.109,0.075059,66.95,0.05,0.0,ETH-3JAN20-140-P,130.37,0.0,0.072,60.0,0.078,60.0,89.28,0.01295,-0.2312,-0.00672,0.02214,-0.92707
131.02,SYN.ETH-31JAN20,1577876346162,open,0.08,96.0,0.051,0.116,0.083026,69.65,0.08,0.0,ETH-31JAN20-130-C,130.37,66.09,0.079,396.0,0.086,144.0,72.28,0.14811,-0.17265,0.05065,0.01513,0.55528
131.02,SYN.ETH-31JAN20,1577876346162,open,0.18,192.0,0.136,0.221,0.177529,70.9,0.176,0.0,ETH-31JAN20-150-P,130.37,69.32,0.176,48.0,0.181,240.0,74.44,0.12746,-0.15125,-0.09562,0.01279,-0.71408
131.02,SYN.ETH-31JAN20,1577876346162,open,0.32,0.0,0.295,0.345,0.319625,89.04,None,0.0,ETH-31JAN20-90-C,130.37,0.0,0.313,1.0,0.332,37.0,118.68,0.04147,-0.0618,0.06711,0.00331,0.94538
131.02,SYN.ETH-31JAN20,1577876346162,open,0.02,1130.0,0.007,0.044,0.022094,73.87,0.021,0.0,ETH-31JAN20-110-P,130.37,71.0,0.02,744.0,0.024,457.0,76.42,0.09675,-0.11961,-0.02117,0.00932,-0.17535
131.02,SYN.ETH-31JAN20,1577876346164,open,0.08,1.0,0.043,0.111,0.07521,69.65,0.068,0.0,ETH-31JAN20-130-P,130.37,66.81,0.072,144.0,0.079,650.0,73.01,0.14811,-0.17265,-0.05576,0.01513,-0.44472
131.64,SYN.ETH-28FEB20,1577876346176,open,0.16,0.0,0.125,0.203,0.164877,76.3,None,0.0,ETH-28FEB20-120-C,130.37,72.89,0.16,621.0,0.169,384.0,79.18,0.18842,-0.1242,0.10669,0.00899,0.676
131.64,SYN.ETH-28FEB20,1577876346176,open,0.03,334.0,0.012,0.056,0.030526,80.97,0.029,0.0,ETH-28FEB20-100-P,130.37,81.47,0.031,2.0,0.032,192.0,82.51,0.1251,-0.08751,-0.0388,0.00562,-0.15536
131.64,SYN.ETH-28FEB20,1577876346176,open,0.02,725.0,0.006,0.037,0.017941,84.68,0.017,0.0,ETH-28FEB20-90-P,130.37,81.79,0.016,800.0,0.019,50.0,86.21,0.09027,-0.06604,-0.02408,0.00388,-0.09745
131.64,SYN.ETH-28FEB20,1577876346176,open,0.05,12.0,0.026,0.089,0.054903,78.08,0.055,0.0,ETH-28FEB20-160-C,130.37,76.03,0.052,474.0,0.058,462.0,80.25,0.18706,-0.12618,0.055,0.00872,0.31842
131.64,SYN.ETH-28FEB20,1577876346179,open,0.21,0.0,0.162,0.262,0.211204,76.72,None,0.0,ETH-28FEB20-150-P,130.37,74.63,0.208,144.0,0.217,144.0,80.5,0.20138,-0.13348,-0.17104,0.00955,-0.60821
131.64,SYN.ETH-28FEB20,1577876346179,open,0.12,7.0,0.086,0.163,0.124833,75.35,0.128,0.0,ETH-28FEB20-130-C,130.37,73.54,0.122,255.0,0.129,220.0,78.02,0.20531,-0.13365,0.09418,0.00992,0.57602
131.64,SYN.ETH-28FEB20,1577876346179,open,0.04,3.0,0.018,0.074,0.042678,79.77,0.043,0.0,ETH-28FEB20-170-C,130.37,77.67,0.04,481.0,0.045,469.0,81.56,0.1697,-0.11694,0.04516,0.00774,0.25903
131.64,SYN.ETH-28FEB20,1577876346179,open,0.27,21.0,0.237,0.304,0.270862,80.97,0.267,0.0,ETH-28FEB20-100-C,130.37,43.64,0.244,40.0,0.292,40.0,101.69,0.1251,-0.08751,0.11976,0.00562,0.84464
131.64,SYN.ETH-28FEB20,1577876346179,open,0.21,4.0,0.176,0.249,0.21331,77.71,0.211,0.0,ETH-28FEB20-110-C,130.37,50.49,0.183,41.0,0.217,1.0,80.73,0.15961,-0.10715,0.11596,0.00748,0.76884
131.64,SYN.ETH-28FEB20,1577876346179,open,0.33,20.0,0.305,0.363,0.334242,84.68,0.328,0.0,ETH-28FEB20-90-C,130.37,43.42,0.317,40.0,0.351,40.0,106.2,0.09027,-0.06604,0.11862,0.00388,0.90255
131.64,SYN.ETH-28FEB20,1577876346179,open,0.27,0.0,0.219,0.324,0.270367,78.08,None,0.0,ETH-28FEB20-160-P,130.37,0.0,0.215,1.0,0.0,0.0,0.0,0.18706,-0.12618,-0.1987,0.00872,-0.68158
131.64,SYN.ETH-28FEB20,1577876346179,open,0.09,55.0,0.058,0.132,0.0945,75.77,0.095,0.0,ETH-28FEB20-140-C,130.37,73.56,0.091,409.0,0.098,220.0,77.97,0.20882,-0.13669,0.0802,0.01003,0.47875
131.64,SYN.ETH-28FEB20,1577876346182,open,0.03,461.0,0.013,0.062,0.033549,81.49,0.034,0.0,ETH-28FEB20-180-C,130.37,80.14,0.032,192.0,0.036,666.0,83.6,0.15161,-0.10674,0.0371,0.00677,0.21128
7295.59,BTC-27MAR20,1577876346316,open,0.34,2.1,0.3135,0.364,0.33648259,73.65,0.3345,0.0,BTC-27MAR20-5000-C,7183.31,66.63,0.3305,4.0,0.342,4.0,79.53,6.57506,-2.81959,9.53213,7e-05,0.89181
7295.59,BTC-27MAR20,1577876346334,open,0.34,2.1,0.3135,0.364,0.33648259,73.65,0.3345,0.0,BTC-27MAR20-5000-C,7183.31,66.63,0.3305,4.0,0.3425,4.0,80.04,6.57506,-2.81959,9.53213,7e-05,0.89181
136.15,SYN.ETH-25SEP20,1577876346433,open,0.15,7.0,0.093,0.214,0.151637,89.56,0.201,0.0,ETH-25SEP20-220-C,130.37,86.95,0.143,392.0,0.16,392.0,92.08,0.45191,-0.07555,0.25264,0.00371,0.40448
136.15,SYN.ETH-25SEP20,1577876346488,open,0.4,0.0,0.352,0.453,0.403799,86.56,None,0.0,ETH-25SEP20-100-C,130.37,73.81,0.372,52.0,0.437,52.0,99.79,0.34142,-0.05516,0.38024,0.0029,0.78433
136.15,SYN.ETH-25SEP20,1577876346488,open,0.28,20.0,0.217,0.338,0.278548,86.31,0.292,0.0,ETH-25SEP20-140-C,130.37,84.91,0.274,2.0,0.287,427.0,88.93,0.44036,-0.07095,0.35123,0.00375,0.63006
136.15,SYN.ETH-25SEP20,1577876346488,open,0.14,18.0,0.091,0.189,0.138283,86.56,0.128,0.0,ETH-25SEP20-100-P,130.37,84.05,0.132,442.0,0.145,442.0,89.24,0.34142,-0.05516,-0.35367,0.0029,-0.21567
136.15,SYN.ETH-25SEP20,1577876346488,open,0.2,20.0,0.136,0.26,0.198124,86.89,0.254,0.0,ETH-25SEP20-180-C,130.37,84.8,0.191,395.0,0.209,395.0,90.07,0.46531,-0.07546,0.30047,0.00394,0.49883
136.15,SYN.ETH-25SEP20,1577876346488,open,0.31,0.0,0.238,0.378,0.306826,86.31,None,0.0,ETH-25SEP20-140-P,130.37,82.98,0.296,350.0,0.314,350.0,88.54,0.44036,-0.07095,-0.67623,0.00375,-0.36994
136.15,SYN.ETH-25SEP20,1577876346488,open,0.08,20.0,0.047,0.119,0.080364,88.92,0.081,0.0,ETH-25SEP20-80-P,130.37,85.56,0.074,460.0,0.087,460.0,92.37,0.26,-0.04315,-0.2205,0.00215,-0.14031
136.15,SYN.ETH-25SEP20,1577876346488,open,0.04,172.0,0.019,0.065,0.038928,92.4,0.036,0.0,ETH-25SEP20-60-P,130.37,89.15,0.035,170.0,0.043,470.0,95.67,0.16715,-0.02883,-0.11506,0.00133,-0.07622
136.15,SYN.ETH-25SEP20,1577876346488,open,0.52,0.0,0.438,0.605,0.520195,86.89,0.58,0.0,ETH-25SEP20-180-P,130.37,0.0,0.0,0.0,0.599,1.0,110.07,0.46531,-0.07546,-1.02056,0.00394,-0.50117
136.15,SYN.ETH-25SEP20,1577876346488,open,0.23,20.0,0.171,0.294,0.233176,86.31,0.237,0.0,ETH-25SEP20-160-C,130.37,83.6,0.224,391.0,0.244,391.0,89.52,0.46001,-0.07411,0.32675,0.00392,0.56018
136.15,SYN.ETH-25SEP20,1577876346490,open,0.22,189.0,0.156,0.278,0.215758,86.31,0.199,0.0,ETH-25SEP20-120-P,130.37,82.68,0.205,412.0,0.222,412.0,88.43,0.40208,-0.06478,-0.50979,0.00342,-0.29443
136.15,SYN.ETH-25SEP20,1577876346490,open,0.33,0.0,0.276,0.389,0.334378,86.31,None,0.0,ETH-25SEP20-120-C,130.37,82.47,0.323,423.0,0.343,423.0,89.24,0.40208,-0.06478,0.3709,0.00342,0.70557
136.15,SYN.ETH-25SEP20,1577876346490,open,0.6,0.0,0.569,0.628,0.598237,92.4,None,0.0,ETH-25SEP20-60-C,130.37,73.88,0.578,56.0,0.612,56.0,103.1,0.16715,-0.02883,0.32528,0.00133,0.92378
136.15,SYN.ETH-25SEP20,1577876346490,open,0.17,8.0,0.113,0.235,0.17315,88.47,0.158,0.0,ETH-25SEP20-200-C,130.37,85.76,0.164,389.0,0.182,389.0,91.08,0.46149,-0.07621,0.27553,0.00383,0.4489
136.15,SYN.ETH-25SEP20,1577876346490,open,0.49,0.0,0.451,0.533,0.492776,88.92,None,0.0,ETH-25SEP20-80-C,130.37,73.81,0.465,53.0,0.516,53.0,100.86,0.26,-0.04315,0.36662,0.00215,0.85969
7295.59,BTC-27MAR20,1577876346504,open,0.34,2.1,0.3135,0.364,0.33648255,73.65,0.3345,0.0,BTC-27MAR20-5000-C,7183.31,66.63,0.3305,4.0,0.342,0.1,79.53,6.57506,-2.81959,9.53213,7e-05,0.89181
7295.59,BTC-27MAR20,1577876346506,open,0.34,2.1,0.3135,0.364,0.33648255,73.65,0.3345,0.0,BTC-27MAR20-5000-C,7183.31,67.25,0.331,0.1,0.342,0.1,79.53,6.57506,-2.81959,9.53213,7e-05,0.89181
131.64,SYN.ETH-28FEB20,1577876346635,open,0.55,0.0,0.486,0.603,0.541426,85.63,None,0.0,ETH-28FEB20-200-P,130.37,0.0,0.001,5.0,0.0,0.0,0.0,0.11971,-0.08856,-0.29138,0.00509,-0.85457
131.64,SYN.ETH-28FEB20,1577876346635,open,0.01,520.0,0.001,0.025,0.010728,90.78,0.009,0.0,ETH-28FEB20-80-P,130.37,86.97,0.009,800.0,0.012,240.0,93.41,0.06209,-0.04869,-0.01467,0.00249,-0.05957
7295.88,BTC-27MAR20,1577876346825,open,0.34,2.1,0.3135,0.364,0.33648255,73.63,0.3345,0.0,BTC-27MAR20-5000-C,7183.61,67.22,0.331,0.1,0.3415,4.0,79.0,6.57203,-2.81735,9.5338,7e-05,0.89189
7295.88,BTC-27MAR20,1577876346833,open,0.34,2.1,0.3135,0.364,0.33648255,73.63,0.3345,0.0,BTC-27MAR20-5000-C,7183.61,67.84,0.3315,4.0,0.3415,4.0,79.0,6.57203,-2.81735,9.5338,7e-05,0.89189
7295.88,BTC-27MAR20,1577876347018,open,0.34,2.1,0.3135,0.364,0.33648255,73.63,0.3345,0.0,BTC-27MAR20-5000-C,7183.61,67.84,0.3315,4.0,0.341,0.1,78.48,6.57203,-2.81735,9.5338,7e-05,0.89189
7295.88,BTC-27MAR20,1577876347019,open,0.34,2.1,0.3135,0.364,0.33648255,73.63,0.3345,0.0,BTC-27MAR20-5000-C,7183.61,68.44,0.332,0.1,0.341,0.1,78.48,6.57203,-2.81735,9.5338,7e-05,0.89189
132.25,ETH-27MAR20,1577876347346,open,0.08,130.0,0.042,0.113,0.075195,81.99,0.085,0.0,ETH-27MAR20-110-P,130.37,79.93,0.072,595.0,0.078,275.0,83.79,0.20555,-0.09812,-0.10242,0.00609,-0.25397
132.25,ETH-27MAR20,1577876347346,open,0.24,0.0,0.201,0.284,0.243437,81.99,None,0.0,ETH-27MAR20-110-C,130.37,76.52,0.235,236.0,0.248,236.0,84.91,0.20555,-0.09812,0.15638,0.00609,0.74603
132.25,ETH-27MAR20,1577876347346,open,0.48,0.0,0.461,0.509,0.484126,96.56,None,0.0,ETH-27MAR20-70-C,130.37,0.0,0.47,46.0,0.497,46.0,116.77,0.07201,-0.04049,0.1432,0.00181,0.94436
134.2,ETH-26JUN20,1577876347380,open,0.26,1337.0,0.196,0.323,0.258304,84.42,0.239,0.0,ETH-26JUN20-140-P,130.37,81.72,0.251,190.0,0.268,370.0,88.0,0.36363,-0.08677,-0.43606,0.00494,-0.41223
130.56,SYN.ETH-10JAN20,1577876347610,open,0.01,385.0,0.002,0.031,0.011531,66.21,0.012,0.0,ETH-10JAN20-120-P,130.37,62.55,0.01,540.0,0.013,240.0,69.59,0.05569,-0.2077,-0.00648,0.02029,-0.19246
130.56,SYN.ETH-10JAN20,1577876347610,open,0.16,1.0,0.118,0.192,0.153506,66.46,0.15,0.0,ETH-10JAN20-150-P,130.37,49.15,0.15,60.0,0.157,60.0,77.73,0.03547,-0.13279,-0.03348,0.01288,-0.901
130.56,SYN.ETH-10JAN20,1577876347610,open,0.0,66.0,0.001,0.012,0.002447,100.15,0.002,0.0,ETH-10JAN20-100-P,130.37,96.4,0.002,299.0,0.003,326.0,104.28,0.01649,-0.09302,-0.00125,0.00397,-0.03707
130.56,SYN.ETH-10JAN20,1577876347610,open,0.09,227.0,0.052,0.122,0.085956,61.82,0.075,0.0,ETH-10JAN20-140-P,130.37,55.68,0.083,60.0,0.09,60.0,69.75,0.06465,-0.22514,-0.02655,0.02523,-0.75036
130.56,SYN.ETH-10JAN20,1577876347610,open,0.23,1.0,0.211,0.262,0.236541,100.15,0.235,0.0,ETH-10JAN20-100-C,130.37,0.0,0.222,33.0,0.247,33.0,149.99,0.01649,-0.09302,0.02306,0.00397,0.96293
130.56,SYN.ETH-10JAN20,1577876347610,open,0.04,798.0,0.015,0.068,0.040357,61.49,0.039,0.0,ETH-10JAN20-130-C,130.37,57.69,0.038,248.0,0.043,1.0,65.76,0.08087,-0.28015,0.01577,0.03173,0.53709
130.56,SYN.ETH-10JAN20,1577876347610,open,0.01,1263.0,0.002,0.034,0.013687,61.82,0.013,0.0,ETH-10JAN20-140-C,130.37,58.36,0.012,526.0,0.015,65.0,64.44,0.06465,-0.22514,0.00749,0.02523,0.24964
130.56,SYN.ETH-10JAN20,1577876347610,open,0.16,0.0,0.133,0.191,0.1624,82.01,None,0.0,ETH-10JAN20-110-C,130.37,0.0,0.157,1.0,0.177,32.0,127.28,0.03031,-0.14002,0.02405,0.00892,0.91986
130.56,SYN.ETH-10JAN20,1577876347610,open,0.31,1.0,0.29,0.335,0.312041,120.0,0.311,0.0,ETH-10JAN20-90-C,130.37,0.0,0.3,35.0,0.32,35.0,176.83,0.0093,-0.06288,0.02125,0.00187,0.98132
130.56,SYN.ETH-10JAN20,1577876347610,open,0.01,80.0,0.001,0.018,0.004896,82.01,0.004,0.0,ETH-10JAN20-110-P,130.37,77.96,0.004,596.0,0.006,301.0,86.54,0.03031,-0.14002,-0.0027,0.00892,-0.08014
130.56,SYN.ETH-10JAN20,1577876347610,open,0.04,271.0,0.012,0.066,0.036035,61.49,0.034,0.0,ETH-10JAN20-130-P,130.37,56.59,0.033,431.0,0.039,431.0,66.28,0.08087,-0.28015,-0.01584,0.03173,-0.46291
130.56,SYN.ETH-10JAN20,1577876347610,open,0.0,291.0,0.001,0.011,0.001356,120.0,0.001,0.0,ETH-10JAN20-90-P,130.37,114.51,0.001,500.0,0.002,329.0,127.97,0.0093,-0.06288,-0.00064,0.00187,-0.01868
130.56,SYN.ETH-10JAN20,1577876347614,open,0.0,343.0,0.001,0.012,0.00202,74.11,0.002,0.0,ETH-10JAN20-160-C,130.37,65.67,0.001,11.0,0.003,332.0,80.07,0.0191,-0.07975,0.00135,0.00622,0.04443
130.56,SYN.ETH-10JAN20,1577876347614,open,0.23,0.0,0.191,0.268,0.22747,74.11,None,0.0,ETH-10JAN20-160-P,130.37,0.0,0.0,0.0,0.0,0.0,0.0,0.0191,-0.07975,-0.03756,0.00622,-0.95557
136.15,SYN.ETH-25SEP20,1577876347761,open,0.9,0.0,0.802,0.998,0.896887,90.66,None,0.0,ETH-25SEP20-240-P,130.37,0.0,0.0,0.0,0.928,1.0,100.15,0.43895,-0.07428,-1.52934,0.00356,-0.63366
136.15,SYN.ETH-25SEP20,1577876347761,open,2.29,0.0,2.164,2.428,2.288288,99.96,None,0.0,ETH-25SEP20-440-P,130.37,0.0,0.0,0.0,0.0,0.0,0.0,0.29869,-0.05573,-3.11264,0.0022,-0.8268
136.15,SYN.ETH-25SEP20,1577876347761,open,0.08,1.0,0.034,0.131,0.076578,97.2,0.067,0.0,ETH-25SEP20-360-C,130.37,95.4,0.072,1.0,0.081,397.0,98.9,0.35087,-0.06366,0.14951,0.00265,0.22621
136.15,SYN.ETH-25SEP20,1577876347761,open,0.06,42.0,0.022,0.106,0.056559,99.96,0.057,0.0,ETH-25SEP20-440-C,130.37,98.32,0.053,100.0,0.06,303.0,101.51,0.29869,-0.05573,0.11655,0.0022,0.1732
136.15,SYN.ETH-25SEP20,1577876347761,open,0.05,80.0,0.019,0.098,0.050554,101.68,0.05,0.0,ETH-25SEP20-480-C,130.37,99.41,0.046,100.0,0.055,300.0,103.81,0.27914,-0.05298,0.10538,0.00202,0.15602
136.15,SYN.ETH-25SEP20,1577876347761,open,0.06,2.0,0.026,0.114,0.063567,97.88,0.065,0.0,ETH-25SEP20-400-C,130.37,95.03,0.057,399.0,0.07,299.0,100.57,0.31983,-0.05843,0.1296,0.0024,0.19327
136.15,SYN.ETH-25SEP20,1577876347761,open,0.09,19.0,0.043,0.144,0.088089,94.48,0.083,0.0,ETH-25SEP20-320-C,130.37,92.25,0.082,394.0,0.094,298.0,96.6,0.37644,-0.06639,0.16927,0.00293,0.2575
136.15,SYN.ETH-25SEP20,1577876347761,open,2.01,0.0,1.884,2.133,2.001503,97.88,None,0.0,ETH-25SEP20-400-P,130.37,0.0,0.0,0.0,0.0,0.0,0.0,0.31983,-0.05843,-2.80603,0.0024,-0.80673
136.15,SYN.ETH-25SEP20,1577876347761,open,0.11,1.0,0.057,0.166,0.107105,92.6,0.097,0.0,ETH-25SEP20-280-C,130.37,90.21,0.1,400.0,0.114,400.0,94.88,0.40809,-0.07054,0.19697,0.00324,0.30423
136.15,SYN.ETH-25SEP20,1577876347761,open,1.44,0.0,1.332,1.555,1.438438,94.48,None,0.0,ETH-25SEP20-320-P,130.37,0.0,0.0,0.0,0.0,0.0,0.0,0.37644,-0.06639,-2.17923,0.00293,-0.7425
136.15,SYN.ETH-25SEP20,1577876347763,open,1.73,0.0,1.608,1.846,1.720721,97.2,None,0.0,ETH-25SEP20-360-P,130.37,0.0,0.0,0.0,0.0,0.0,0.0,0.35087,-0.06366,-2.49255,0.00265,-0.77379
136.15,SYN.ETH-25SEP20,1577876347763,open,0.13,2.0,0.078,0.195,0.134125,90.66,0.122,0.0,ETH-25SEP20-240-C,130.37,88.13,0.126,395.0,0.142,395.0,93.09,0.43895,-0.07428,0.23204,0.00356,0.36634
136.15,SYN.ETH-25SEP20,1577876347763,open,2.58,0.0,2.445,2.724,2.576077,101.68,None,0.0,ETH-25SEP20-480-P,130.37,0.0,0.0,0.0,0.0,0.0,0.0,0.27914,-0.05298,-3.41736,0.00202,-0.84398
134.2,ETH-26JUN20,1577876348091,open,0.03,727.0,0.007,0.058,0.025543,103.31,0.025,0.0,ETH-26JUN20-440-C,130.37,100.25,0.022,420.0,0.029,420.0,106.08,0.16186,-0.04727,0.04729,0.0018,0.09826
132.25,ETH-27MAR20,1577876348091,open,0.03,8030.0,0.009,0.057,0.027597,94.5,0.028,0.0,ETH-27MAR20-240-C,130.37,92.06,0.025,300.0,0.03,540.0,96.66,0.14422,-0.07935,0.03562,0.00371,0.14209
134.2,ETH-26JUN20,1577876348091,open,0.17,203.0,0.118,0.227,0.172425,85.97,0.183,0.0,ETH-26JUN20-160-C,130.37,82.94,0.164,451.0,0.176,451.0,87.26,0.37269,-0.09058,0.21444,0.00497,0.50217
134.2,ETH-26JUN20,1577876348095,open,0.02,295.0,0.004,0.045,0.017529,109.64,0.017,0.0,ETH-26JUN20-560-C,130.37,106.75,0.015,420.0,0.02,120.0,112.24,0.12279,-0.03806,0.03288,0.00128,0.0681
131.02,SYN.ETH-31JAN20,1577876348095,open,0.01,1862.0,0.001,0.026,0.009982,79.84,0.011,0.0,ETH-31JAN20-180-C,130.37,77.85,0.009,240.0,0.011,510.0,81.81,0.06625,-0.08852,0.00976,0.0059,0.10096
132.25,ETH-27MAR20,1577876348099,open,0.3,4564.0,0.243,0.362,0.301101,83.47,0.375,0.0,ETH-27MAR20-160-P,130.37,79.65,0.294,144.0,0.308,144.0,87.15,0.24689,-0.11999,-0.28214,0.00719,-0.60566
130.41,SYN.ETH-3JAN20,1577876348101,open,0.15,2.0,0.131,0.183,0.15698,112.54,0.157,0.0,ETH-3JAN20-110-C,130.37,0.0,0.143,29.0,0.169,29.0,234.22,0.0037,-0.11091,0.00554,0.00376,0.98423
134.2,ETH-26JUN20,1577876348104,open,0.21,695.0,0.16,0.268,0.215085,84.42,0.205,0.0,ETH-26JUN20-140-C,130.37,81.8,0.208,445.0,0.22,445.0,86.23,0.36363,-0.08677,0.24237,0.00494,0.58777
132.25,ETH-27MAR20,1577876348144,open,2.65,0.0,2.525,2.757,2.634512,120.0,None,0.0,ETH-27MAR20-480-P,130.37,0.0,0.004,50.0,0.0,0.0,0.0,0.04023,-0.02811,-1.12242,0.00081,-0.9728
132.25,ETH-27MAR20,1577876348144,open,0.0,5912.0,0.001,0.011,0.001762,120.0,0.005,0.0,ETH-27MAR20-600-C,130.37,121.68,0.002,528.0,0.005,397.0,135.88,0.01788,-0.01249,0.00273,0.00036,0.01053
132.25,ETH-27MAR20,1577876348156,open,0.41,20.0,0.388,0.445,0.415974,90.26,0.613,0.0,ETH-27MAR20-80-C,130.37,53.07,0.397,44.0,0.434,44.0,111.28,0.10052,-0.05283,0.15502,0.00271,0.9142
132.25,ETH-27MAR20,1577876348156,open,1.14,161.0,1.063,1.22,1.13677,101.63,1.397,0.0,ETH-27MAR20-280-P,130.37,0.0,0.002,50.0,0.0,0.0,0.0,0.1135,-0.06716,-0.6334,0.00271,-0.89888
132.25,ETH-27MAR20,1577876348156,open,0.02,1012.0,0.008,0.041,0.020889,90.26,0.022,0.0,ETH-27MAR20-80-P,130.37,87.73,0.019,320.0,0.023,620.0,92.98,0.10052,-0.05283,-0.0332,0.00271,-0.0858
130.41,SYN.ETH-3JAN20,1577876348156,open,0.0,1471.0,0.001,0.019,0.003333,93.67,0.003,0.0,ETH-3JAN20-120-P,130.37,91.0,0.003,288.0,0.004,600.0,98.71,0.0166,-0.41439,-0.0007,0.02027,-0.10158
131.02,SYN.ETH-31JAN20,1577876348156,open,0.12,425.0,0.083,0.162,0.12128,70.07,0.102,0.0,ETH-31JAN20-140-P,130.37,68.01,0.119,144.0,0.126,144.0,74.3,0.14563,-0.17077,-0.0764,0.01479,-0.59108
131.02,SYN.ETH-31JAN20,1577876348156,open,0.0,1797.0,0.001,0.012,0.002013,108.08,0.004,0.0,ETH-31JAN20-260-C,130.37,98.83,0.001,4.0,0.003,397.0,114.39,0.01786,-0.0323,0.00189,0.00118,0.01962
130.41,SYN.ETH-3JAN20,1577876348156,open,0.0,345.0,0.001,0.011,0.000277,120.0,0.001,0.0,ETH-3JAN20-160-C,130.37,0.0,0.0,0.0,0.001,1.0,143.53,0.00245,-0.03619,6e-05,0.00233,0.0098
131.02,SYN.ETH-31JAN20,1577876348156,open,0.84,0.0,0.779,0.894,0.833739,97.64,None,0.0,ETH-31JAN20-240-P,130.37,0.0,0.011,3.0,0.0,0.0,0.0,0.01916,-0.03131,-0.19437,0.0014,-0.97868
131.02,SYN.ETH-31JAN20,1577876348156,open,0.25,1.0,0.199,0.289,0.242288,73.43,0.148,0.0,ETH-31JAN20-160-P,130.37,60.66,0.233,240.0,1.238,1.0,500.0,0.10455,-0.12848,-0.11191,0.01013,-0.80123
132.25,ETH-27MAR20,1577876348158,open,1.74,7.0,1.646,1.832,1.733154,111.81,1.702,0.0,ETH-27MAR20-360-P,130.37,0.0,0.01,30.0,0.0,0.0,0.0,0.074,-0.04817,-0.83251,0.00161,-0.94241
132.25,ETH-27MAR20,1577876348162,open,0.13,662.0,0.089,0.177,0.133304,81.33,0.125,0.0,ETH-27MAR20-140-C,130.37,79.11,0.129,264.0,0.138,264.0,83.76,0.25556,-0.12102,0.12066,0.00764,0.52109
134.2,ETH-26JUN20,1577876348162,open,3.79,0.0,3.634,3.949,3.782524,112.05,None,0.0,ETH-26JUN20-640-P,130.37,0.0,0.01,50.0,0.0,0.0,0.0,0.10152,-0.03215,-3.07545,0.00104,-0.9466
134.2,ETH-26JUN20,1577876348162,open,0.14,2971.0,0.086,0.192,0.137687,86.59,0.145,0.0,ETH-26JUN20-180-C,130.37,83.77,0.13,457.0,0.145,277.0,89.26,0.36632,-0.08967,0.18771,0.00485,0.42633
132.25,ETH-27MAR20,1577876348162,open,2.35,0.0,2.232,2.449,2.334055,119.28,None,0.0,ETH-27MAR20-440-P,130.37,0.0,0.003,50.0,0.0,0.0,0.0,0.05172,-0.03592,-1.02593,0.00105,-0.96314
134.2,ETH-26JUN20,1577876348162,open,0.08,567.0,0.038,0.127,0.078622,90.47,0.077,0.0,ETH-26JUN20-240-C,130.37,88.0,0.073,430.0,0.084,430.0,92.77,0.30976,-0.07922,0.12545,0.00392,0.27153
132.25,ETH-27MAR20,1577876348162,open,0.0,2340.0,0.001,0.014,0.003499,120.0,0.004,0.0,ETH-27MAR20-520-C,130.37,122.07,0.004,10.0,0.006,96.0,128.91,0.03059,-0.02137,0.00502,0.00062,0.01964
134.2,ETH-26JUN20,1577876348162,open,0.74,0.0,0.651,0.819,0.732484,89.03,None,0.0,ETH-26JUN20-220-P,130.37,0.0,0.639,50.0,0.0,0.0,0.0,0.33091,-0.08329,-0.92318,0.00426,-0.6871
132.25,ETH-27MAR20,1577876348162,open,0.7,30.0,0.633,0.771,0.698639,91.43,0.306,0.0,ETH-27MAR20-220-P,130.37,0.0,0.001,9.0,0.0,0.0,0.0,0.16672,-0.08875,-0.47338,0.00443,-0.82272
132.25,ETH-27MAR20,1577876348162,open,0.01,1564.0,0.003,0.037,0.014549,107.35,0.011,0.0,ETH-27MAR20-320-C,130.37,105.04,0.013,1.0,0.016,800.0,109.4,0.09119,-0.057,0.01894,0.00206,0.07542
134.2,ETH-26JUN20,1577876348162,open,3.2,0.0,3.057,3.341,3.190406,109.64,None,0.0,ETH-26JUN20-560-P,130.37,0.0,0.01,50.0,0.0,0.0,0.0,0.12279,-0.03806,-2.68083,0.00128,-0.9319
