underlying_price,underlying_index,timestamp,state,settlement_price,open_interest,min_price,max_price,mark_price,mark_iv,last_price,interest_rate,instrument_name,index_price,bid_iv,best_bid_price,best_bid_amount,best_ask_price,best_ask_amount,ask_iv,vega,theta,rho,gamma,delta
144.06,SYN.ETH-24JAN20,1578826740014,open,0.0,26.0,0.001,0.011,0.000517,88.78,0.001,0.0,ETH-24JAN20-100-P,143.64,0.0,0.0,0.0,0.001,50.0,97.35,0.00641,-0.02395,-0.00045,0.00107,-0.00915
143.81,SYN.ETH-17JAN20,1578826740015,open,0.18,0.0,0.148,0.224,0.184144,85.85,None,0.0,ETH-17JAN20-170-P,143.64,0.0,0.0,0.0,0.0,0.0,0.0,0.01738,-0.15301,-0.02177,0.00733,-0.94913
143.81,SYN.ETH-17JAN20,1578826740017,open,0.0,644.0,0.001,0.011,0.000462,86.07,0.001,0.0,ETH-17JAN20-180-C,143.64,0.0,0.0,0.0,0.001,97.0,96.15,0.00581,-0.05129,0.00025,0.00244,0.01367
143.81,SYN.ETH-17JAN20,1578826740017,open,0.24,0.0,0.216,0.292,0.252277,89.92,None,0.0,ETH-17JAN20-180-P,143.64,0.0,0.0,0.0,0.0,0.0,0.0,0.00719,-0.06634,-0.02372,0.0029,-0.98247
144.3,SYN.ETH-31JAN20,1578826740164,open,0.01,576.0,0.003,0.032,0.013544,69.94,0.018,0.0,ETH-31JAN20-170-C,143.64,67.21,0.012,537.0,0.015,1.0,72.42,0.08331,-0.15435,0.01174,0.01106,0.17085
144.3,SYN.ETH-31JAN20,1578826740164,open,0.02,325.0,0.007,0.047,0.021477,67.47,0.022,0.0,ETH-31JAN20-130-P,143.64,63.79,0.019,525.0,0.024,785.0,71.13,0.0983,-0.17569,-0.01836,0.01353,-0.22453
144.3,SYN.ETH-31JAN20,1578826740164,open,0.38,0.0,0.358,0.397,0.377251,96.09,None,0.0,ETH-31JAN20-90-C,143.64,0.0,0.376,1.0,0.386,38.0,148.36,0.00996,-0.02535,0.04561,0.00096,0.98839
145.29,SYN.ETH-28FEB20,1578826740176,open,0.03,127.0,0.015,0.061,0.034779,75.72,0.034,0.0,ETH-28FEB20-120-P,143.64,73.94,0.033,192.0,0.036,288.0,76.93,0.14592,-0.11786,-0.04387,0.00711,-0.20036
145.29,SYN.ETH-28FEB20,1578826740179,open,0.08,14.0,0.051,0.124,0.085913,73.66,0.12,0.0,ETH-28FEB20-140-P,143.64,70.82,0.082,192.0,0.088,254.0,75.18,0.20015,-0.15726,-0.08929,0.01002,-0.39266
145.29,SYN.ETH-28FEB20,1578826740179,open,0.16,0.0,0.124,0.216,0.169079,74.3,None,0.0,ETH-28FEB20-160-P,143.64,71.36,0.165,144.0,0.175,144.0,78.53,0.20233,-0.16034,-0.14175,0.01005,-0.59064
145.29,SYN.ETH-28FEB20,1578826740179,open,0.05,480.0,0.028,0.088,0.055497,73.65,0.07,0.0,ETH-28FEB20-130-P,143.64,71.61,0.053,192.0,0.056,1.0,74.06,0.17824,-0.14003,-0.06448,0.00893,-0.29007
145.29,SYN.ETH-28FEB20,1578826740179,open,0.13,74.0,0.085,0.159,0.122167,73.57,0.131,0.0,ETH-28FEB20-140-C,143.64,70.54,0.118,144.0,0.128,364.0,77.8,0.20015,-0.15705,0.09053,0.01004,0.60735
145.29,SYN.ETH-28FEB20,1578826740179,open,0.33,21.0,0.297,0.352,0.324272,83.61,0.267,0.0,ETH-28FEB20-100-C,143.64,52.02,0.313,39.0,0.34,39.0,108.07,0.07834,-0.06987,0.11091,0.00346,0.91871
145.29,SYN.ETH-28FEB20,1578826740183,open,0.03,205.0,0.011,0.056,0.029592,79.01,0.028,0.0,ETH-28FEB20-190-C,143.64,76.46,0.027,486.0,0.032,474.0,81.31,0.1501,-0.1265,0.03368,0.00701,0.21011
151.39,SYN.ETH-25SEP20,1578826740433,open,0.18,8.0,0.121,0.247,0.183263,92.48,0.155,0.0,ETH-25SEP20-220-C,143.64,90.3,0.176,278.0,0.191,388.0,94.8,0.50445,-0.09081,0.29765,0.00338,0.46263
151.39,SYN.ETH-25SEP20,1578826740433,open,0.63,0.0,0.547,0.729,0.636452,92.48,None,0.0,ETH-25SEP20-220-P,143.64,0.0,0.0,0.0,0.662,1.0,100.13,0.50445,-0.09081,-1.25065,0.00338,-0.53737
151.39,SYN.ETH-25SEP20,1578826740488,open,0.26,178.0,0.192,0.309,0.251681,82.77,0.267,0.0,ETH-25SEP20-160-C,143.64,78.54,0.238,55.0,0.284,120.0,92.85,0.48886,-0.07876,0.37694,0.00366,0.60547
151.39,SYN.ETH-25SEP20,1578826740488,open,0.32,23.0,0.255,0.371,0.314177,87.31,0.297,0.0,ETH-25SEP20-140-C,143.64,77.63,0.285,53.0,0.329,160.0,92.28,0.45304,-0.07699,0.39179,0.00322,0.6819
151.39,SYN.ETH-25SEP20,1578826740488,open,0.1,188.0,0.063,0.147,0.102369,87.31,0.116,0.0,ETH-25SEP20-100-P,143.64,82.03,0.091,281.0,0.108,281.0,89.9,0.32805,-0.05575,-0.29612,0.00233,-0.17557
151.39,SYN.ETH-25SEP20,1578826740488,open,0.24,166.0,0.176,0.304,0.238933,87.31,0.259,0.0,ETH-25SEP20-140-P,143.64,84.0,0.229,235.0,0.248,395.0,90.35,0.45304,-0.07699,-0.59348,0.00322,-0.3181
151.39,SYN.ETH-25SEP20,1578826740488,open,0.03,812.0,0.011,0.046,0.025549,91.55,0.028,0.0,ETH-25SEP20-60-P,143.64,87.7,0.022,300.0,0.029,170.0,95.11,0.14336,-0.02555,-0.08691,0.00097,-0.05602
151.39,SYN.ETH-25SEP20,1578826740488,open,0.06,317.0,0.028,0.086,0.054337,87.43,0.06,0.0,ETH-25SEP20-80-P,143.64,82.63,0.047,295.0,0.061,465.0,91.64,0.23593,-0.04015,-0.17313,0.00167,-0.10816
151.39,SYN.ETH-25SEP20,1578826740488,open,0.22,180.0,0.152,0.27,0.21151,82.77,0.234,0.0,ETH-25SEP20-180-C,143.64,88.03,0.229,271.0,0.246,391.0,93.17,0.50425,-0.08124,0.34892,0.00378,0.53899
151.39,SYN.ETH-25SEP20,1578826740490,open,0.2,62.0,0.135,0.259,0.197063,88.34,0.216,0.0,ETH-25SEP20-200-C,143.64,89.22,0.2,275.0,0.216,385.0,94.0,0.50666,-0.08712,0.32057,0.00356,0.49794
151.39,SYN.ETH-25SEP20,1578826740490,open,0.16,529.0,0.113,0.22,0.164658,87.31,0.203,0.0,ETH-25SEP20-120-P,143.64,84.05,0.156,264.0,0.171,424.0,89.71,0.40113,-0.06817,-0.43876,0.00285,-0.24715
8143.73,SYN.BTC-24JAN20,1578826740520,open,0.06,21.1,0.047,0.0965,0.066977,54.04,0.0575,0.0,BTC-24JAN20-7750-C,8118.03,0.0,0.0425,6.0,0.0835,6.0,79.89,5.01795,-11.41788,1.70734,0.00043,0.71126
144.3,SYN.ETH-31JAN20,1578826740567,open,0.25,1.0,0.216,0.269,0.242751,80.81,0.246,0.0,ETH-31JAN20-110-C,143.64,0.0,0.237,1.0,0.258,34.0,120.73,0.03824,-0.08185,0.05216,0.00439,0.94167
8128.61,SYN.BTC-17JAN20,1578826740614,open,0.0,187.8,0.0005,0.0105,0.00024674,94.11,0.0005,0.0,BTC-17JAN20-6250-P,8118.22,0.0,0.0,0.0,0.0005,31.6,103.04,0.17715,-1.70961,-0.00759,2e-05,-0.00674
8564.8,SYN.BTC-25SEP20,1578826740614,open,0.56,0.5,0.4895,0.6345,0.5551702,80.6,0.6,0.0,BTC-25SEP20-12000-P,8118.22,0.0,0.05,0.5,0.618,0.1,99.45,28.29684,-4.43952,-67.44855,7e-05,-0.56382
8128.61,SYN.BTC-17JAN20,1578826740614,open,0.0,643.1,0.0005,0.017,0.00409818,60.23,0.0035,0.0,BTC-17JAN20-7500-P,8118.22,57.5,0.0035,30.5,0.0045,15.5,61.96,1.84383,-11.38761,-0.13128,0.00035,-0.11681
8564.8,SYN.BTC-25SEP20,1578826740614,open,0.12,73.7,0.0755,0.1825,0.12109019,82.8,0.12,0.0,BTC-25SEP20-14000-C,8118.22,81.49,0.117,2.3,0.1255,9.2,84.2,26.86426,-4.3295,14.36224,6e-05,0.35936
8280.61,BTC-27MAR20,1578826740617,open,3.12,0.0,3.026,3.194,3.10672186,111.19,None,0.0,BTC-27MAR20-34000-P,8118.22,0.0,0.0,0.0,0.0,0.0,0.0,0.5752,-0.42708,-69.66912,0.0,-0.99466
8128.61,SYN.BTC-17JAN20,1578826740614,open,0.23,7.1,0.2155,0.248,0.23135081,93.81,0.205,0.0,BTC-17JAN20-6250-C,8118.22,0.0,0.221,5.0,0.2425,5.0,192.82,0.17389,-1.67285,0.82745,2e-05,0.9934
8438.76,BTC-26JUN20,1578826740617,open,1.41,0.1,1.338,1.482,1.40206584,90.34,1.85,0.0,BTC-26JUN20-20000-P,8118.22,0.0,0.0005,5.0,1.88,0.1,286.03,12.22489,-3.32901,-87.01967,4e-05,-0.86701
8438.76,BTC-26JUN20,1578826740617,open,0.03,27.1,0.0095,0.0615,0.02639295,92.66,0.03,0.0,BTC-26JUN20-22000-C,8118.22,91.15,0.0245,30.0,0.0285,30.0,94.28,10.76168,-3.00589,3.24195,4e-05,0.11093
8128.61,SYN.BTC-17JAN20,1578826740614,open,0.05,296.6,0.034,0.0805,0.05464754,54.81,0.06,0.0,BTC-17JAN20-7750-C,8118.22,49.81,0.053,0.1,0.0565,0.1,60.14,2.75504,-15.48582,0.79157,0.00057,0.78365
8128.61,SYN.BTC-17JAN20,1578826740614,open,0.0,174.0,0.0005,0.0105,0.00024652,107.13,0.0005,0.0,BTC-17JAN20-6000-P,8118.22,0.0,0.0,0.0,0.0005,1.1,117.07,0.15892,-1.74583,-0.00674,2e-05,-0.00597
8564.8,SYN.BTC-25SEP20,1578826740614,open,0.97,1.0,0.893,1.0525,0.96428276,84.26,0.99,0.0,BTC-25SEP20-16000-P,8118.22,65.6,0.915,0.1,1.35,0.1,204.43,24.8998,-4.0838,-100.4478,6e-05,-0.70217
8128.61,SYN.BTC-17JAN20,1578826740614,open,0.09,3.2,0.058,0.1095,0.08233657,62.08,0.077,0.0,BTC-17JAN20-8750-P,8118.22,0.0,0.002,0.1,0.0,0.0,0.0,2.29421,-14.60577,-1.00052,0.00042,-0.83911
8438.76,BTC-26JUN20,1578826740618,open,0.17,246.5,0.13,0.2235,0.17231559,74.15,0.1825,0.0,BTC-26JUN20-9000-C,8118.22,74.78,0.174,20.6,0.1815,17.6,77.59,22.52936,-5.03531,14.4151,9e-05,0.5482
8219.71,SYN.BTC-28FEB20,1578826740614,open,0.02,249.3,0.007,0.0415,0.01899838,71.74,0.0175,0.0,BTC-28FEB20-11000-C,8118.22,70.57,0.018,16.0,0.02,34.3,72.89,7.09413,-5.42871,1.46227,0.00011,0.15752
8128.61,SYN.BTC-17JAN20,1578826740614,open,0.0,374.6,0.0005,0.011,0.00148814,76.05,0.002,0.0,BTC-17JAN20-7000-P,8118.22,70.64,0.001,25.3,0.002,59.0,80.72,0.81823,-6.38112,-0.04562,0.00012,-0.04053
8128.61,SYN.BTC-17JAN20,1578826740614,open,0.26,0.1,0.247,0.2785,0.26210643,106.81,0.26,0.0,BTC-17JAN20-6000-C,8118.22,0.0,0.252,5.0,0.2725,5.0,210.89,0.15609,-1.70964,0.79488,2e-05,0.99415
8219.71,SYN.BTC-28FEB20,1578826740614,open,0.1,138.8,0.075,0.1355,0.10321909,63.39,0.101,0.0,BTC-28FEB20-8000-C,8118.22,61.79,0.101,9.0,0.105,15.0,64.67,11.43722,-7.73319,5.16036,0.00021,0.59206
8280.61,BTC-27MAR20,1578826740619,open,0.21,619.4,0.1785,0.2435,0.20865504,69.54,0.2105,0.0,BTC-27MAR20-7000-C,8118.22,47.37,0.179,10.0,0.2125,18.0,72.23,11.78544,-5.47294,9.28373,0.00012,0.75518
8564.8,SYN.BTC-25SEP20,1578826740614,open,1.41,0.7,1.3265,1.4965,1.40218122,87.96,1.45,0.0,BTC-25SEP20-20000-P,8118.22,60.5,1.35,0.1,1.55,0.1,137.23,21.14138,-3.61978,-131.67805,5e-05,-0.78239
8219.71,SYN.BTC-28FEB20,1578826740614,open,0.36,0.0,0.322,0.3995,0.35725303,71.75,None,0.0,BTC-28FEB20-11000-P,8118.22,0.0,0.0,0.0,0.0,0.0,0.0,7.09534,-5.43037,-12.66431,0.00011,-0.84244
8128.61,SYN.BTC-17JAN20,1578826740614,open,0.01,314.5,0.0005,0.021,0.00588227,62.05,0.0065,0.0,BTC-17JAN20-8750-C,8118.22,60.68,0.0055,0.5,0.0065,39.0,64.2,2.29297,-14.59034,0.16817,0.00042,0.16076
8128.61,SYN.BTC-17JAN20,1578826740614,open,0.0,499.7,0.0005,0.0105,0.00049604,89.31,0.0005,0.0,BTC-17JAN20-6500-P,8118.22,0.0,0.0,0.0,0.001,50.9,99.32,0.32051,-2.93548,-0.01497,4e-05,-0.01329
8564.8,SYN.BTC-25SEP20,1578826740614,open,0.76,1.0,0.6865,0.8405,0.75569309,82.8,0.7215,0.0,BTC-25SEP20-14000-P,8118.22,69.31,0.715,0.1,1.05,0.1,172.84,26.86449,-4.32963,-84.16525,6e-05,-0.64063
8564.8,SYN.BTC-25SEP20,1578826740614,open,0.15,35.9,0.1055,0.2165,0.154082,80.6,0.156,0.0,BTC-25SEP20-12000-C,8118.22,79.52,0.1505,8.9,0.158,8.9,81.79,28.29677,-4.43942,17.00366,7e-05,0.43618
8128.61,SYN.BTC-17JAN20,1578826740614,open,0.06,66.5,0.033,0.084,0.05580102,57.34,0.062,0.0,BTC-17JAN20-8500-P,8118.22,0.0,0.02,2.0,0.092,0.1,141.56,3.05196,-17.94653,-0.86327,0.0006,-0.73924
8128.61,SYN.BTC-17JAN20,1578826740614,open,0.0,357.3,0.0005,0.0115,0.00199232,65.14,0.0025,0.0,BTC-17JAN20-7250-P,8118.22,61.28,0.0015,58.0,0.0025,14.5,68.63,1.11521,-7.44955,-0.06702,0.00019,-0.05973
8564.8,SYN.BTC-25SEP20,1578826740615,open,0.03,0.0,0.0105,0.071,0.03000534,95.21,None,0.0,BTC-25SEP20-32000-C,8118.22,91.78,0.025,7.2,0.035,0.2,98.34,13.10788,-2.42908,4.54909,3e-05,0.10548
8564.8,SYN.BTC-25SEP20,1578826740614,open,0.08,20.6,0.041,0.1345,0.07813018,85.67,0.0785,0.0,BTC-25SEP20-18000-C,8118.22,84.68,0.0755,9.7,0.081,0.1,86.74,22.83951,-3.80867,10.36837,5e-05,0.25014
8128.61,SYN.BTC-17JAN20,1578826740615,open,0.08,217.7,0.0605,0.104,0.08142307,60.19,0.083,0.0,BTC-17JAN20-7500-C,8118.22,0.0,0.064,4.0,0.086,4.0,77.53,1.84244,-11.37258,0.87072,0.00035,0.88332
8143.79,SYN.BTC-24JAN20,1578826740614,open,0.0,150.5,0.0005,0.0125,0.00272873,68.43,0.0035,0.0,BTC-24JAN20-10000-C,8118.22,67.26,0.0025,16.0,0.003,50.0,69.75,1.62474,-4.68103,0.13745,0.00011,0.0546
8128.61,SYN.BTC-17JAN20,1578826740614,open,0.0,180.7,0.0005,0.0105,0.00010496,110.0,0.001,0.0,BTC-17JAN20-5750-P,8118.22,0.0,0.0,0.0,0.0005,2.6,131.56,0.07722,-0.85315,-0.00301,1e-05,-0.00266
8219.71,SYN.BTC-28FEB20,1578826740614,open,0.39,0.0,0.3805,0.413,0.39546427,80.1,None,0.0,BTC-28FEB20-5000-C,8118.22,55.16,0.392,8.0,0.407,8.0,110.6,2.02502,-1.73009,6.06101,3e-05,0.96963
8219.71,SYN.BTC-28FEB20,1578826740614,open,0.01,121.7,0.0015,0.026,0.01101153,70.6,0.0105,0.0,BTC-28FEB20-6000-P,8118.22,68.76,0.01,42.0,0.012,39.0,72.34,4.59394,-3.45969,-1.0162,7e-05,-0.08525
8564.8,SYN.BTC-25SEP20,1578826740614,open,1.19,0.8,1.107,1.2705,1.17976248,85.67,1.135,0.0,BTC-25SEP20-18000-P,8118.22,49.16,1.11,0.1,1.37,0.1,146.07,22.84021,-3.80891,-116.30963,5e-05,-0.74984
8143.79,SYN.BTC-24JAN20,1578826740614,open,0.23,0.0,0.2045,0.2605,0.23066796,68.48,None,0.0,BTC-24JAN20-10000-P,8118.22,0.0,0.0,0.0,0.0,0.0,0.0,1.62797,-4.69371,-3.11583,0.00011,-0.94526
8128.61,SYN.BTC-17JAN20,1578826740614,open,0.0,104.4,0.0005,0.0105,3.08e-05,110.0,0.0005,0.0,BTC-17JAN20-5500-P,8118.22,0.0,0.0,0.0,0.0005,1.6,146.58,0.02742,-0.25036,-0.00096,0.0,-0.00086
8128.61,SYN.BTC-17JAN20,1578826740614,open,0.11,98.8,0.0905,0.131,0.11007304,65.08,0.1085,0.0,BTC-17JAN20-7250-C,8118.22,0.0,0.0955,4.0,0.1145,4.0,88.61,1.11306,-7.42897,0.90161,0.00019,0.94042
8128.61,SYN.BTC-17JAN20,1578826740614,open,0.01,348.2,0.0005,0.03,0.01010256,57.32,0.0105,0.0,BTC-17JAN20-8500-C,8118.22,55.7,0.0095,0.5,0.011,15.5,59.69,3.0514,-17.93593,0.27207,0.0006,0.26067
8128.61,SYN.BTC-17JAN20,1578826740614,open,0.14,121.7,0.1215,0.161,0.14032471,75.98,0.1545,0.0,BTC-17JAN20-7000-C,8118.22,0.0,0.1385,1.0,0.145,4.0,106.22,0.816,-6.35773,0.8896,0.00012,0.95961
8128.61,SYN.BTC-17JAN20,1578826740614,open,0.32,7.0,0.31,0.337,0.32340238,108.19,0.3285,0.0,BTC-17JAN20-5500-C,8118.22,0.0,0.3145,5.0,0.3325,5.0,246.73,0.02337,-0.25931,0.73388,0.0,0.99928
8128.61,SYN.BTC-17JAN20,1578826740615,open,0.17,97.8,0.153,0.1895,0.17038623,81.57,0.161,0.0,BTC-17JAN20-6750-C,8118.22,0.0,0.1585,4.0,0.183,4.0,158.13,0.48882,-4.08904,0.87717,7e-05,0.97823
8128.61,SYN.BTC-17JAN20,1578826740614,open,0.0,257.5,0.0005,0.0105,0.00079383,81.69,0.001,0.0,BTC-17JAN20-6750-P,8118.22,76.11,0.0005,31.0,0.001,15.1,84.86,0.4915,-4.11729,-0.02466,7e-05,-0.02192
8128.61,SYN.BTC-17JAN20,1578826740614,open,0.29,7.1,0.2785,0.308,0.2927207,109.37,0.28,0.0,BTC-17JAN20-5750-C,8118.22,0.0,0.283,5.0,0.3025,5.0,228.85,0.07395,-0.82935,0.76522,1e-05,0.99746
8128.61,SYN.BTC-17JAN20,1578826740614,open,0.2,6.4,0.1845,0.219,0.20084427,89.14,0.185,0.0,BTC-17JAN20-6500-C,8118.22,0.0,0.1895,5.0,0.2125,5.0,174.59,0.31765,-2.90369,0.85346,4e-05,0.98685
8564.8,SYN.BTC-25SEP20,1578826740614,open,0.07,136.0,0.033,0.1215,0.06703422,87.96,0.0675,0.0,BTC-25SEP20-20000-C,8118.22,86.72,0.064,3.0,0.0705,14.8,89.35,21.14043,-3.61948,9.07523,5e-05,0.21759
145.29,SYN.ETH-28FEB20,1578826740635,open,0.0,688.0,0.001,0.014,0.004523,97.18,0.008,0.0,ETH-28FEB20-80-P,143.64,90.11,0.003,540.0,0.006,301.0,102.84,0.03499,-0.03627,-0.00636,0.00133,-0.02955
145.29,SYN.ETH-28FEB20,1578826740635,open,0.39,0.0,0.349,0.455,0.399888,81.15,None,0.0,ETH-28FEB20-200-P,143.64,0.0,0.001,5.0,0.0,0.0,0.0,0.13182,-0.11411,-0.22945,0.00599,-0.82986
8143.79,SYN.BTC-24JAN20,1578826740635,open,0.09,17.9,0.0695,0.1175,0.0901978,55.62,0.0775,0.0,BTC-24JAN20-7500-C,8118.22,30.0,0.0805,6.1,0.103,6.0,79.13,4.01021,-9.39062,1.9023,0.00033,0.80813
145.29,SYN.ETH-28FEB20,1578826740635,open,0.02,153.0,0.007,0.047,0.023298,81.15,0.022,0.0,ETH-28FEB20-200-C,143.64,78.57,0.021,491.0,0.026,671.0,84.07,0.13183,-0.11411,0.0274,0.00599,0.17014
144.3,SYN.ETH-31JAN20,1578826741000,open,0.25,1.0,0.216,0.269,0.242751,80.81,0.246,0.0,ETH-31JAN20-110-C,143.64,0.0,0.237,1.0,0.259,34.0,122.79,0.03824,-0.08185,0.05216,0.00439,0.94167
151.39,SYN.ETH-25SEP20,1578826741081,open,2.47,0.0,2.36,2.638,2.490627,105.01,None,0.0,ETH-25SEP20-520-P,143.64,0.0,0.0,0.0,0.0,0.0,0.0,0.31953,-0.06531,-3.53957,0.00189,-0.83153
151.39,SYN.ETH-25SEP20,1578826741081,open,0.05,0.0,0.021,0.106,0.055818,105.01,None,0.0,ETH-25SEP20-520-C,143.64,100.67,0.047,300.0,0.065,300.0,109.22,0.31953,-0.06531,0.12003,0.00189,0.16847
146.27,ETH-27MAR20,1578826741346,open,0.04,130.0,0.019,0.072,0.042179,83.38,0.046,0.0,ETH-27MAR20-110-P,143.64,80.61,0.039,192.0,0.045,290.0,85.8,0.16936,-0.0943,-0.06449,0.00463,-0.17273
146.27,ETH-27MAR20,1578826741346,open,0.01,35.0,0.001,0.018,0.007072,101.13,0.009,0.0,ETH-27MAR20-70-P,143.64,94.33,0.005,633.0,0.009,300.0,106.54,0.04881,-0.03296,-0.01203,0.0011,-0.03303
146.27,ETH-27MAR20,1578826741346,open,0.41,0.0,0.375,0.431,0.402435,89.6,None,0.0,ETH-27MAR20-90-C,143.64,42.83,0.385,43.0,0.42,43.0,112.1,0.09925,-0.05939,0.15505,0.00252,0.91918
146.27,ETH-27MAR20,1578826741346,open,0.09,36.0,0.053,0.13,0.089022,81.15,0.086,0.0,ETH-27MAR20-130-P,143.64,77.99,0.084,458.0,0.093,266.0,83.65,0.2327,-0.1261,-0.1188,0.00653,-0.30692
149.16,ETH-26JUN20,1578826741368,open,0.41,1.0,0.357,0.437,0.39745,86.28,0.38,0.0,ETH-26JUN20-100-C,143.64,67.59,0.368,48.0,0.427,48.0,103.48,0.24859,-0.06465,0.2973,0.00285,0.83603
151.39,SYN.ETH-25SEP20,1578826741370,open,0.38,0.0,0.318,0.423,0.372009,87.31,0.359,0.0,ETH-25SEP20-120-C,143.64,75.62,0.341,52.0,0.394,160.0,95.63,0.40113,-0.06817,0.40576,0.00285,0.75285
149.16,ETH-26JUN20,1578826741605,open,0.41,1.0,0.357,0.437,0.39745,86.28,0.38,0.0,ETH-26JUN20-100-C,143.64,67.59,0.368,48.0,0.428,48.0,104.05,0.24859,-0.06465,0.2973,0.00285,0.83603
151.39,SYN.ETH-25SEP20,1578826741607,open,0.38,0.0,0.318,0.423,0.372009,87.31,0.359,0.0,ETH-25SEP20-120-C,143.64,75.24,0.34,52.0,0.394,160.0,95.63,0.40113,-0.06817,0.40576,0.00285,0.75285
143.81,SYN.ETH-17JAN20,1578826741618,open,0.0,237.0,0.001,0.011,0.001536,89.6,0.001,0.0,ETH-17JAN20-120-P,143.64,82.98,0.001,6.0,0.002,314.0,94.3,0.01313,-0.12062,-0.00072,0.0053,-0.03595
143.81,SYN.ETH-17JAN20,1578826741620,open,0.05,1252.0,0.015,0.071,0.042319,59.42,0.062,0.0,ETH-17JAN20-140-C,143.64,51.44,0.039,180.0,0.047,180.0,70.4,0.06057,-0.36906,0.01196,0.0369,0.66475
8438.71,BTC-26JUN20,1578826741621,open,1.18,1.1,1.1115,1.2515,1.1735214,88.19,1.35,0.0,BTC-26JUN20-18000-P,8118.59,0.0,0.9,0.1,2.1,0.1,500.0,14.08118,-3.74301,-77.05476,5e-05,-0.83573
8280.57,BTC-27MAR20,1578826741621,open,0.4,1.1,0.388,0.427,0.40544451,77.82,0.4155,0.0,BTC-27MAR20-5000-C,8118.59,50.28,0.397,10.0,0.42,10.0,100.97,4.11022,-2.13592,9.18273,4e-05,0.94603
8438.71,BTC-26JUN20,1578826741621,open,0.04,292.6,0.017,0.0815,0.0405066,88.19,0.04,0.0,BTC-26JUN20-18000-C,8118.59,87.28,0.039,13.5,0.042,15.0,89.08,14.08303,-3.74383,4.74775,5e-05,0.16431
8280.57,BTC-27MAR20,1578826741621,open,0.01,1564.4,0.0025,0.0335,0.01224734,89.63,0.012,0.0,BTC-27MAR20-16000-C,8118.59,89.26,0.012,4.5,0.0125,24.0,90.01,5.46306,-3.26986,1.11478,4e-05,0.07787
8438.71,BTC-26JUN20,1578826741621,open,0.54,0.5,0.5235,0.5625,0.5404817,81.08,0.589,0.0,BTC-26JUN20-4000-C,8118.59,61.51,0.53,9.0,0.5545,9.0,98.15,5.92304,-1.44762,15.68212,2e-05,0.9494
8280.57,BTC-27MAR20,1578826741621,open,0.0,150.6,0.0005,0.0105,0.0006649,110.0,0.001,0.0,BTC-27MAR20-34000-C,8118.59,107.13,0.0005,47.2,0.0015,15.0,119.42,0.52839,-0.38813,0.0712,0.0,0.00486
8280.57,BTC-27MAR20,1578826741621,open,0.3,25.1,0.2745,0.327,0.298745,71.85,0.3,0.0,BTC-27MAR20-6000-C,8118.59,54.77,0.285,11.0,0.3025,11.9,75.79,7.70044,-3.69487,9.79652,8e-05,0.87546
8438.71,BTC-26JUN20,1578826741621,open,0.35,25.9,0.3185,0.3895,0.35095757,74.72,0.3185,0.0,BTC-26JUN20-6000-C,8118.59,61.28,0.3285,14.4,0.38,8.0,90.8,14.74135,-3.32019,18.12383,6e-05,0.82355
8438.71,BTC-26JUN20,1578826741621,open,0.02,96.0,0.006,0.05,0.01912587,96.97,0.0275,0.0,BTC-26JUN20-26000-C,8118.59,95.33,0.0175,30.0,0.021,30.1,98.76,8.58201,-2.50837,2.39457,3e-05,0.08157
8280.57,BTC-27MAR20,1578826741621,open,0.18,125.7,0.142,0.2265,0.1802924,70.53,0.181,0.0,BTC-27MAR20-9000-P,8118.59,68.42,0.1765,8.0,0.1845,8.0,72.87,14.88593,-7.01105,-12.2397,0.00015,-0.54026
8280.57,BTC-27MAR20,1578826741621,open,0.06,1523.0,0.036,0.1005,0.06342637,72.78,0.0615,0.0,BTC-27MAR20-10000-C,8118.59,71.61,0.0615,0.2,0.065,13.0,73.72,13.76951,-6.69161,4.72838,0.00013,0.34178
8280.57,BTC-27MAR20,1578826741621,open,0.05,427.1,0.031,0.086,0.05401394,69.55,0.058,0.0,BTC-27MAR20-7000-P,8118.59,68.48,0.0525,19.3,0.0555,13.0,70.59,11.78579,-5.4736,-5.07642,0.00012,-0.24483
8280.57,BTC-27MAR20,1578826741621,open,1.67,5.6,1.606,1.7265,1.66135832,101.88,1.545,0.0,BTC-27MAR20-22000-P,8118.59,0.0,0.0,0.0,0.0,0.0,0.0,2.52285,-1.71636,-44.70499,2e-05,-0.97041
8438.71,BTC-26JUN20,1578826741621,open,1.64,0.0,1.567,1.7165,1.6334694,92.7,None,0.0,BTC-26JUN20-22000-P,8118.59,0.0,0.11,1.0,2.22,0.1,339.92,10.77041,-3.00943,-96.73473,4e-05,-0.88895
8280.57,BTC-27MAR20,1578826741621,open,1.43,5.2,1.3695,1.4825,1.42101729,97.39,2.035,0.0,BTC-27MAR20-20000-P,8118.59,0.0,0.0,0.0,0.0,0.0,0.0,3.07699,-2.00116,-40.48532,2e-05,-0.96234
8280.57,BTC-27MAR20,1578826741621,open,0.0,156.6,0.0005,0.0105,0.00096812,110.0,0.001,0.0,BTC-27MAR20-32000-C,8118.59,110.36,0.001,23.0,0.002,39.0,118.94,0.71845,-0.52774,0.10018,0.0,0.00687
8280.57,BTC-27MAR20,1578826741621,open,0.0,176.4,0.0005,0.011,0.00142407,110.0,0.002,0.0,BTC-27MAR20-30000-C,8118.59,105.95,0.001,56.0,0.0025,39.0,117.34,0.98036,-0.72012,0.14194,1e-05,0.00978
8280.94,BTC-27MAR20,1578826741621,open,0.09,1562.9,0.062,0.1325,0.09341595,70.52,0.0975,0.0,BTC-27MAR20-9000-C,8118.59,69.18,0.091,26.2,0.0955,19.8,71.68,14.88675,-7.01082,6.22368,0.00015,0.45979
8280.94,BTC-27MAR20,1578826741621,open,0.95,1.2,0.899,1.0005,0.94447214,89.74,1.4,0.0,BTC-27MAR20-16000-P,8118.59,0.0,0.0035,5.0,0.0,0.0,0.0,5.48185,-3.28521,-31.70278,4e-05,-0.92178
8438.71,BTC-26JUN20,1578826741621,open,2.11,0.0,2.0275,2.1895,2.10014725,96.95,None,0.0,BTC-26JUN20-26000-P,8118.59,0.0,0.0005,1.0,0.0,0.0,0.0,8.57745,-2.50657,-115.76496,3e-05,-0.91849
8438.71,BTC-26JUN20,1578826741621,open,0.33,137.1,0.279,0.3975,0.33285394,78.89,0.38,0.0,BTC-26JUN20-10000-P,8118.59,72.04,0.3145,0.9,0.3595,6.0,88.8,22.66281,-5.38885,-32.75537,9e-05,-0.52126
8280.94,BTC-27MAR20,1578826741621,open,0.02,721.7,0.006,0.043,0.01815507,83.38,0.019,0.0,BTC-27MAR20-14000-C,8118.59,82.04,0.017,39.0,0.0195,59.0,84.88,7.26854,-4.04693,1.6408,6e-05,0.11474
8438.71,BTC-26JUN20,1578826741622,open,0.02,29.5,0.007,0.055,0.02225546,94.88,0.021,0.0,BTC-26JUN20-24000-C,8118.59,93.29,0.0205,30.0,0.024,15.1,96.38,9.5667,-2.73592,2.76488,3e-05,0.09435
8280.94,BTC-27MAR20,1578826741621,open,0.49,55.3,0.4385,0.533,0.48110369,78.11,0.49,0.0,BTC-27MAR20-12000-P,8118.59,0.0,0.4065,0.1,0.75,0.2,236.27,10.23313,-5.33732,-21.90393,9e-05,-0.80832
8438.71,BTC-26JUN20,1578826741621,open,0.65,17.9,0.6395,0.6645,0.64996512,87.53,0.643,0.0,BTC-26JUN20-3000-C,8118.59,0.0,0.6425,10.0,0.659,10.0,107.98,2.78873,-0.7358,12.64557,1e-05,0.97971
8438.71,BTC-26JUN20,1578826741621,open,0.01,508.9,0.0045,0.0315,0.01448645,81.08,0.0155,0.0,BTC-26JUN20-4000-P,8118.59,80.38,0.014,5.0,0.015,23.0,81.81,5.92279,-1.44753,-2.49589,2e-05,-0.0506
8438.71,BTC-26JUN20,1578826741622,open,0.01,165.8,0.0005,0.015,0.00547501,87.55,0.007,0.0,BTC-26JUN20-3000-P,8118.59,82.68,0.004,32.0,0.007,15.0,91.85,2.79026,-0.73634,-0.98875,1e-05,-0.02031
8143.98,SYN.BTC-24JAN20,1578826741621,open,0.0,105.5,0.0005,0.0115,0.00170956,70.33,0.0025,0.0,BTC-24JAN20-6500-P,8118.59,64.1,0.001,61.0,0.0025,61.0,75.67,1.07668,-3.18806,-0.0915,7e-05,-0.03282
8438.71,BTC-26JUN20,1578826741622,open,0.28,135.6,0.2405,0.3245,0.27920963,74.72,0.274,0.0,BTC-26JUN20-7000-C,8118.59,60.01,0.247,8.0,0.287,12.0,78.23,18.69236,-4.2098,17.41594,8e-05,0.73334
8438.71,BTC-26JUN20,1578826741622,open,0.44,0.0,0.414,0.4685,0.43853001,76.14,None,0.0,BTC-26JUN20-5000-C,8118.59,56.84,0.419,8.0,0.4605,8.0,93.04,10.05006,-2.30645,17.66245,4e-05,0.89909
8438.71,BTC-26JUN20,1578826741622,open,0.1,461.2,0.0595,0.149,0.09758617,80.04,0.099,0.0,BTC-26JUN20-12000-C,8118.59,78.6,0.094,24.3,0.1015,13.3,81.6,21.09263,-5.08912,9.71757,8e-05,0.35098
8438.71,BTC-26JUN20,1578826741622,open,0.01,223.6,0.0035,0.039,0.01300108,102.29,0.0115,0.0,BTC-26JUN20-32000-C,8118.59,100.24,0.0115,16.0,0.0145,15.0,104.19,6.42922,-1.98226,1.65335,2e-05,0.05611
8280.94,BTC-27MAR20,1578826741622,open,0.01,306.9,0.0005,0.023,0.00926476,77.82,0.0095,0.0,BTC-27MAR20-5000-P,8118.59,77.28,0.009,5.6,0.0095,0.1,78.29,4.10955,-2.13556,-1.07397,4e-05,-0.05396
8280.94,BTC-27MAR20,1578826741622,open,0.0,161.2,0.0005,0.015,0.00348559,105.05,0.004,0.0,BTC-27MAR20-24000-C,8118.59,100.57,0.0025,56.0,0.0045,56.0,108.84,2.03078,-1.42458,0.32856,1e-05,0.02283
8280.94,BTC-27MAR20,1578826741622,open,0.01,477.2,0.0005,0.0255,0.0080798,93.56,0.0075,0.0,BTC-27MAR20-18000-C,8118.59,91.24,0.007,55.0,0.009,46.0,95.39,4.02601,-2.51531,0.75589,3e-05,0.05258
8280.94,BTC-27MAR20,1578826741622,open,0.0,116.2,0.0005,0.013,0.00274259,107.91,0.003,0.0,BTC-27MAR20-26000-C,8118.59,103.8,0.002,56.1,0.0035,39.0,111.38,1.66147,-1.19724,0.25943,1e-05,0.01801
8438.71,BTC-26JUN20,1578826741622,open,2.58,0.0,2.49,2.666,2.56954693,100.48,None,0.0,BTC-26JUN20-30000-P,8118.59,0.0,0.0005,1.0,0.0,0.0,0.0,6.99905,-2.1198,-134.49423,2e-05,-0.93747
8280.94,BTC-27MAR20,1578826741622,open,0.0,265.0,0.0005,0.0175,0.00448883,101.72,0.0055,0.0,BTC-27MAR20-22000-C,8118.59,98.18,0.0035,56.0,0.0055,56.0,104.84,2.50585,-1.70211,0.42228,2e-05,0.02935
8159.16,SYN.BTC-31JAN20,1578826741621,open,0.48,0.0,0.4425,0.507,0.47245101,82.93,None,0.0,BTC-31JAN20-12000-P,8118.59,0.0,0.0,0.0,0.0,0.0,0.0,1.10289,-2.42267,-6.10529,4e-05,-0.97449
8439.08,BTC-26JUN20,1578826741622,open,0.03,1003.5,0.012,0.0695,0.03200905,90.31,0.0325,0.0,BTC-26JUN20-20000-C,8118.59,88.9,0.03,17.0,0.034,15.0,91.67,12.21831,-3.3261,3.86854,4e-05,0.13288
8439.08,BTC-26JUN20,1578826741622,open,0.03,343.1,0.015,0.0565,0.03104449,76.15,0.032,0.0,BTC-26JUN20-5000-P,8118.59,75.26,0.03,13.3,0.0325,2.0,77.36,10.05077,-2.30694,-5.06087,4e-05,-0.10091
8439.08,BTC-26JUN20,1578826741622,open,0.07,657.6,0.0365,0.1165,0.06865703,82.36,0.0715,0.0,BTC-26JUN20-14000-C,8118.59,81.15,0.066,26.1,0.0715,19.1,83.65,18.56344,-4.60873,7.45457,7e-05,0.26303
8439.08,BTC-26JUN20,1578826741623,open,0.01,112.5,0.004,0.042,0.01452118,100.5,0.0175,0.0,BTC-26JUN20-30000-C,8118.59,98.61,0.013,13.5,0.016,15.0,102.23,7.00513,-2.1221,1.84381,2e-05,0.0626
8280.94,BTC-27MAR20,1578826741623,open,2.64,0.0,2.552,2.704,2.62434557,111.17,None,0.0,BTC-27MAR20-30000-P,8118.59,0.0,0.0,0.0,0.0,0.0,0.0,1.05114,-0.78036,-61.38836,1e-05,-0.98941
8439.08,BTC-26JUN20,1578826741623,open,0.05,195.4,0.024,0.0955,0.05136163,85.18,0.051,0.0,BTC-26JUN20-16000-C,8118.59,83.94,0.049,0.4,0.054,14.6,86.55,16.12413,-4.14014,5.85969,6e-05,0.20415
8280.94,BTC-27MAR20,1578826741623,open,0.0,866.2,0.0005,0.0105,0.00022781,110.0,0.001,0.0,BTC-27MAR20-40000-C,8118.59,117.5,0.0005,32.8,0.001,15.0,125.34,0.21554,-0.15832,0.02662,0.0,0.0018
8280.94,BTC-27MAR20,1578826741623,open,0.0,1351.1,0.0005,0.014,0.00400459,89.48,0.0055,0.0,BTC-27MAR20-4000-P,8118.59,87.35,0.0035,10.0,0.0045,39.0,91.43,2.03287,-1.21473,-0.45628,2e-05,-0.02286
8439.08,BTC-26JUN20,1578826741623,open,1.87,0.0,1.797,1.9525,1.86633761,95.02,None,0.0,BTC-26JUN20-24000-P,8118.59,0.0,0.0005,1.0,0.0,0.0,0.0,9.60606,-2.75144,-106.29048,3e-05,-0.90513
8280.94,BTC-27MAR20,1578826741623,open,1.91,0.0,1.8425,1.9705,1.90182324,105.52,None,0.0,BTC-27MAR20-24000-P,8118.59,0.0,0.0005,5.0,0.0,0.0,0.0,2.07568,-1.46255,-48.89654,1e-05,-0.97657
8439.08,BTC-26JUN20,1578826741623,open,2.35,0.0,2.2585,2.4275,2.33474806,99.1,None,0.0,BTC-26JUN20-28000-P,8118.59,0.0,0.0005,1.0,0.0,0.0,0.0,7.80436,-2.33133,-125.13263,2e-05,-0.92802
8439.08,BTC-26JUN20,1578826741623,open,0.24,112.8,0.191,0.297,0.23884511,74.16,0.28,0.0,BTC-26JUN20-9000-P,8118.59,60.78,0.203,6.0,0.263,10.0,83.24,22.52976,-5.03663,-26.48505,9e-05,-0.45174
8439.08,BTC-26JUN20,1578826741623,open,0.73,12.5,0.669,0.8,0.72766854,82.39,0.742,0.0,BTC-26JUN20-14000-P,8118.59,0.0,0.5,1.0,0.792,1.0,109.15,18.5683,-4.61154,-56.16623,7e-05,-0.73683
8280.94,BTC-27MAR20,1578826741623,open,2.15,0.0,2.079,2.215,2.14260789,108.52,None,0.0,BTC-27MAR20-26000-P,8118.59,0.0,0.0,0.0,0.0,0.0,0.0,1.71307,-1.24145,-53.06762,1e-05,-0.98133
8439.08,BTC-26JUN20,1578826741623,open,0.52,8.8,0.4625,0.589,0.51962235,80.07,0.535,0.0,BTC-26JUN20-12000-P,8118.59,72.06,0.5,0.1,0.54,0.1,88.1,21.09678,-5.09188,-44.81388,8e-05,-0.64887
8439.08,BTC-26JUN20,1578826741623,open,2.82,0.0,2.7215,2.905,2.80502739,102.47,None,0.0,BTC-26JUN20-32000-P,8118.59,0.0,0.0005,1.0,0.0,0.0,0.0,6.47238,-1.99919,-143.75914,2e-05,-0.94341
8439.08,BTC-26JUN20,1578826741623,open,0.95,5.0,0.8875,1.0225,0.94741404,85.24,1.22,0.0,BTC-26JUN20-16000-P,8118.59,0.0,0.56,1.0,2.0,0.1,500.0,16.13688,-4.14625,-66.84681,6e-05,-0.79558
8143.98,SYN.BTC-24JAN20,1578826741621,open,0.01,85.4,0.0015,0.032,0.01115052,55.64,0.012,0.0,BTC-24JAN20-7500-P,8118.59,53.27,0.01,51.0,0.012,24.0,57.35,4.01052,-9.39487,-0.53799,0.00033,-0.19188
8280.94,BTC-27MAR20,1578826741624,open,0.71,59.2,0.6655,0.762,0.70885176,83.45,0.739,0.0,BTC-27MAR20-14000-P,8118.59,71.75,0.7,0.5,0.745,1.0,115.0,7.28122,-4.05772,-27.075,6e-05,-0.88497
8159.16,SYN.BTC-31JAN20,1578826741623,open,0.0,587.3,0.0005,0.0155,0.00422791,69.61,0.0045,0.0,BTC-31JAN20-10500-C,8118.59,66.95,0.0035,60.3,0.005,30.0,72.17,2.35165,-4.33594,0.25628,0.0001,0.06497
8280.94,BTC-27MAR20,1578826741624,open,1.19,0.0,1.1335,1.24,1.1818327,93.74,1.23,0.0,BTC-27MAR20-18000-P,8118.59,0.0,0.0025,10.0,0.0,0.0,0.0,4.05133,-2.53594,-36.16349,3e-05,-0.94701
8439.08,BTC-26JUN20,1578826741624,open,0.06,390.0,0.0365,0.098,0.06196251,74.72,0.0625,0.0,BTC-26JUN20-6000-P,8118.59,73.6,0.06,12.8,0.0615,0.3,74.46,14.74108,-3.32029,-9.14298,6e-05,-0.17644
8280.94,BTC-27MAR20,1578826741624,open,0.0,76.2,0.0005,0.012,0.00209366,109.85,0.0025,0.0,BTC-27MAR20-28000-C,8118.59,105.71,0.0015,39.0,0.003,39.0,114.8,1.33115,-0.97647,0.20075,1e-05,0.01391
8280.94,BTC-27MAR20,1578826741625,open,0.01,658.1,0.0005,0.0205,0.00573556,97.42,0.006,0.0,BTC-27MAR20-20000-C,8118.59,95.36,0.005,105.0,0.0065,1.0,99.39,3.08087,-2.00421,0.54325,2e-05,0.03772
8159.16,SYN.BTC-31JAN20,1578826741621,open,0.39,18.4,0.375,0.4015,0.38767709,91.0,0.295,0.0,BTC-31JAN20-5000-C,8118.59,0.0,0.3785,7.0,0.3965,7.0,151.4,0.3506,-0.84515,2.55514,1e-05,0.99324
8280.94,BTC-27MAR20,1578826741625,open,0.0,296.9,0.0005,0.0105,0.00046108,110.0,0.001,0.0,BTC-27MAR20-36000-C,8118.59,110.8,0.0005,27.6,0.0015,39.0,123.37,0.39019,-0.28661,0.05095,0.0,0.00346
8143.98,SYN.BTC-24JAN20,1578826741622,open,0.01,109.9,0.0005,0.0215,0.00646891,57.6,0.0065,0.0,BTC-24JAN20-7250-P,8118.59,56.28,0.006,30.0,0.007,0.3,59.04,2.95179,-7.15801,-0.33714,0.00024,-0.12077
8143.98,SYN.BTC-24JAN20,1578826741621,open,0.0,10.1,0.0005,0.012,0.0022284,71.97,0.002,0.0,BTC-24JAN20-10250-C,8118.59,70.57,0.002,16.0,0.0025,1.0,73.54,1.36572,-4.13838,0.1105,9e-05,0.04393
8143.98,SYN.BTC-24JAN20,1578826741621,open,0.2,0.0,0.175,0.2305,0.20070836,65.17,None,0.0,BTC-24JAN20-9750-P,8118.59,0.0,0.0025,0.3,0.0,0.0,0.0,1.98208,-5.43814,-2.99489,0.00014,-0.92955
8143.98,SYN.BTC-24JAN20,1578826741621,open,0.0,63.7,0.0005,0.0155,0.00438255,62.66,0.004,0.0,BTC-24JAN20-7000-P,8118.59,59.25,0.0035,30.0,0.004,1.5,61.23,2.21285,-5.83828,-0.22732,0.00016,-0.08141
8143.98,SYN.BTC-24JAN20,1578826741621,open,0.03,77.3,0.0175,0.062,0.03284389,53.88,0.034,0.0,BTC-24JAN20-8250-C,8118.59,52.0,0.0315,18.0,0.0345,15.0,56.19,5.83955,-13.24677,1.14862,0.0005,0.46633
8159.16,SYN.BTC-31JAN20,1578826741623,open,0.0,863.9,0.0005,0.014,0.00400019,66.81,0.004,0.0,BTC-31JAN20-6500-P,8118.59,64.85,0.0035,17.0,0.0045,40.0,68.65,2.15081,-3.80657,-0.2614,9e-05,-0.05795
8128.79,SYN.BTC-17JAN20,1578826741621,open,0.0,397.6,0.0005,0.011,0.00122692,93.02,0.001,0.0,BTC-17JAN20-10000-C,8118.59,89.99,0.001,30.0,0.0015,10.0,96.23,0.64831,-6.18418,0.0318,8e-05,0.03051
8128.79,SYN.BTC-17JAN20,1578826741621,open,0.03,330.7,0.0155,0.06,0.03302218,53.09,0.032,0.0,BTC-17JAN20-8000-C,8118.59,50.78,0.032,18.3,0.0335,0.3,54.17,3.59274,-19.56109,0.63135,0.00077,0.61446
8143.98,SYN.BTC-24JAN20,1578826741621,open,0.0,66.2,0.0005,0.0145,0.0034772,65.05,0.005,0.0,BTC-24JAN20-9750-C,8118.59,63.01,0.003,45.0,0.004,0.3,67.13,1.97409,-5.40691,0.17648,0.00014,0.07008
8159.16,SYN.BTC-31JAN20,1578826741623,open,0.01,331.3,0.001,0.0275,0.01083467,61.95,0.012,0.0,BTC-31JAN20-9500-C,8118.59,60.4,0.01,24.0,0.012,39.0,64.05,4.44701,-7.29799,0.61407,0.00021,0.15637
8159.16,SYN.BTC-31JAN20,1578826741621,open,0.01,1269.2,0.0005,0.0225,0.00826375,59.98,0.0095,0.0,BTC-31JAN20-7000-P,8118.59,58.24,0.0075,30.0,0.009,30.0,61.6,3.63953,-5.7827,-0.52734,0.00018,-0.11671
8159.16,SYN.BTC-31JAN20,1578826741622,open,0.0,758.2,0.0005,0.0105,0.00099899,82.65,0.001,0.0,BTC-31JAN20-5500-P,8118.59,75.14,0.0005,20.2,0.0015,45.7,87.98,0.66931,-1.4653,-0.06403,2e-05,-0.01418
8159.16,SYN.BTC-31JAN20,1578826741622,open,0.1,551.8,0.0765,0.125,0.0996756,56.43,0.1025,0.0,BTC-31JAN20-7500-C,8118.59,0.0,0.0775,7.0,0.1045,15.0,63.16,5.7094,-8.53365,2.80492,0.00029,0.76444
8159.16,SYN.BTC-31JAN20,1578826741621,open,0.2,51.2,0.1885,0.228,0.2073315,66.75,0.17,0.0,BTC-31JAN20-6500-C,8118.59,47.9,0.204,3.9,0.2225,6.0,104.61,2.14594,-3.79412,3.10081,9e-05,0.94222
8159.16,SYN.BTC-31JAN20,1578826741621,open,0.26,51.3,0.2505,0.285,0.26661297,74.42,0.2615,0.0,BTC-31JAN20-6000-C,8118.59,0.0,0.254,6.0,0.2785,6.0,116.83,1.21542,-2.39599,2.97356,5e-05,0.97134
8143.98,SYN.BTC-24JAN20,1578826741621,open,0.0,79.7,0.0005,0.0105,0.00099793,73.55,0.001,0.0,BTC-24JAN20-6250-P,8118.59,66.44,0.0005,44.0,0.0015,50.5,78.67,0.7,-2.16767,-0.05465,4e-05,-0.01963
8159.16,SYN.BTC-31JAN20,1578826741623,open,0.03,1089.1,0.016,0.058,0.03419066,56.68,0.036,0.0,BTC-31JAN20-8500-C,8118.59,55.32,0.033,1.0,0.0355,15.0,58.17,7.16893,-10.76352,1.54398,0.00037,0.40011
8143.98,SYN.BTC-24JAN20,1578826741621,open,0.02,138.3,0.0095,0.0485,0.02234957,55.12,0.0215,0.0,BTC-24JAN20-8500-C,8118.59,53.1,0.021,24.0,0.024,39.0,57.58,5.45094,-12.65059,0.8728,0.00046,0.35174
8143.98,SYN.BTC-24JAN20,1578826741622,open,0.09,0.0,0.0655,0.1215,0.08952568,56.74,None,0.0,BTC-24JAN20-8750-P,8118.59,0.0,0.0005,1.0,0.0,0.0,0.0,4.74398,-11.33255,-2.20386,0.00039,-0.7422
8159.16,SYN.BTC-31JAN20,1578826741623,open,0.01,817.9,0.0005,0.0205,0.00669848,65.99,0.006,0.0,BTC-31JAN20-10000-C,8118.59,64.2,0.006,45.2,0.0075,30.0,67.94,3.26012,-5.69885,0.39436,0.00014,0.10016
8128.79,SYN.BTC-17JAN20,1578826741621,open,0.02,277.2,0.005,0.043,0.01720074,53.14,0.015,0.0,BTC-17JAN20-8000-P,8118.59,50.42,0.016,0.3,0.018,15.3,54.95,3.59297,-19.58133,-0.43741,0.00077,-0.38563
8128.79,SYN.BTC-17JAN20,1578826741621,open,0.0,208.4,0.0005,0.0145,0.00273845,74.83,0.0035,0.0,BTC-17JAN20-9250-C,8118.59,69.87,0.002,45.1,0.0035,53.0,79.27,1.30835,-10.03942,0.07674,0.0002,0.07341
143.81,SYN.ETH-17JAN20,1578826741626,open,0.05,268.0,0.025,0.09,0.056134,63.3,0.059,0.0,ETH-17JAN20-150-P,143.64,47.02,0.05,60.0,0.058,60.0,67.93,0.05733,-0.3722,-0.01462,0.03278,-0.70516
8159.16,SYN.BTC-31JAN20,1578826741623,open,0.02,759.8,0.0065,0.04,0.01931271,59.33,0.0205,0.0,BTC-31JAN20-9000-C,8118.59,58.21,0.0185,5.0,0.0205,39.0,60.95,5.95542,-9.35958,0.99356,0.00029,0.25479
8159.16,SYN.BTC-31JAN20,1578826741621,open,0.3,0.0,0.263,0.324,0.29115426,69.71,None,0.0,BTC-31JAN20-10500-P,8118.59,0.0,0.002,0.3,0.0,0.0,0.0,2.36018,-4.35789,-5.17255,0.0001,-0.93473
8564.94,SYN.BTC-25SEP20,1578826741621,open,0.05,0.0,0.022,0.101,0.0506096,91.43,None,0.0,BTC-25SEP20-24000-C,8118.59,89.45,0.0465,14.0,0.055,10.0,93.47,18.08409,-3.21838,7.11034,4e-05,0.16857
143.81,SYN.ETH-17JAN20,1578826741626,open,0.0,1821.0,0.001,0.018,0.0038,70.33,0.004,0.0,ETH-17JAN20-160-C,143.64,66.22,0.003,2.0,0.005,300.0,75.82,0.02954,-0.21305,0.00188,0.0152,0.10174
8143.98,SYN.BTC-24JAN20,1578826741621,open,0.2,0.1,0.186,0.2225,0.20355545,70.19,0.16,0.0,BTC-24JAN20-6500-C,8118.59,0.0,0.1905,5.0,0.217,5.0,120.86,1.07003,-3.16217,2.02405,7e-05,0.96742
8564.94,SYN.BTC-25SEP20,1578826741621,open,0.04,39.5,0.0155,0.0865,0.04002636,94.39,0.0375,0.0,BTC-25SEP20-28000-C,8118.59,92.42,0.0365,15.0,0.0435,10.0,96.25,15.65372,-2.87603,5.76535,3e-05,0.13567
8159.16,SYN.BTC-31JAN20,1578826741621,open,0.24,0.0,0.2045,0.265,0.23234262,66.06,None,0.0,BTC-31JAN20-10000-P,8118.59,0.0,0.0015,0.5,0.0,0.0,0.0,3.26632,-5.71562,-4.77608,0.00014,-0.89958
8159.16,SYN.BTC-31JAN20,1578826741623,open,0.02,580.0,0.0065,0.039,0.0189087,56.46,0.0195,0.0,BTC-31JAN20-7500-P,8118.59,54.43,0.0175,39.0,0.02,24.0,58.01,5.71066,-8.53998,-1.07414,0.00029,-0.23566
8159.16,SYN.BTC-31JAN20,1578826741622,open,0.0,1035.3,0.0005,0.0115,0.00199945,74.53,0.002,0.0,BTC-31JAN20-6000-P,8118.59,70.91,0.0015,6.0,0.0025,55.0,77.66,1.22134,-2.41123,-0.13007,5e-05,-0.02883
8143.98,SYN.BTC-24JAN20,1578826741621,open,0.12,0.0,0.09,0.146,0.11540061,58.68,None,0.0,BTC-24JAN20-9000-P,8118.59,0.0,0.001,0.5,0.0,0.0,0.0,3.93936,-9.73297,-2.46165,0.00031,-0.81362
8159.16,SYN.BTC-31JAN20,1578826741621,open,0.32,27.4,0.3125,0.343,0.32689471,82.46,0.291,0.0,BTC-31JAN20-5500-C,8118.59,0.0,0.3165,7.0,0.337,7.0,132.9,0.66275,-1.4477,2.781,2e-05,0.98599
8128.79,SYN.BTC-17JAN20,1578826741621,open,0.2,0.0,0.1765,0.23,0.20092214,86.44,None,0.0,BTC-17JAN20-9750-P,8118.59,0.0,0.001,0.5,0.0,0.0,0.0,0.782,-6.93167,-1.2624,0.0001,-0.96167
8159.16,SYN.BTC-31JAN20,1578826741623,open,0.0,675.1,0.0005,0.0135,0.0032302,75.22,0.0025,0.0,BTC-31JAN20-11000-C,8118.59,74.19,0.003,0.1,0.0035,30.0,76.37,1.86293,-3.7117,0.19037,7e-05,0.04835
8143.98,SYN.BTC-24JAN20,1578826741622,open,0.01,68.6,0.0005,0.018,0.00511772,63.52,0.0045,0.0,BTC-24JAN20-9500-C,8118.59,61.49,0.0045,30.0,0.006,45.0,66.22,2.56008,-6.84619,0.24889,0.00019,0.09905
143.81,SYN.ETH-17JAN20,1578826741626,open,0.01,2583.0,0.001,0.035,0.0131,63.3,0.012,0.0,ETH-17JAN20-150-C,143.64,60.52,0.012,25.0,0.015,521.0,68.01,0.05733,-0.3722,0.00541,0.03278,0.29484
8143.98,SYN.BTC-24JAN20,1578826741621,open,0.17,0.1,0.155,0.194,0.17370961,65.4,0.13,0.0,BTC-24JAN20-6750-C,8118.59,0.0,0.171,0.1,0.189,5.0,112.91,1.50104,-4.13292,2.0585,0.00011,0.95058
8159.16,SYN.BTC-31JAN20,1578826741621,open,0.15,336.3,0.129,0.1735,0.15031285,59.94,0.152,0.0,BTC-31JAN20-7000-C,8118.59,36.21,0.143,6.0,0.17,6.0,94.82,3.63625,-5.77333,3.09336,0.00018,0.88343
8143.98,SYN.BTC-24JAN20,1578826741621,open,0.15,0.0,0.117,0.1725,0.14294163,60.91,None,0.0,BTC-24JAN20-9250-P,8118.59,0.0,0.0015,0.5,0.0,0.0,0.0,3.18568,-8.16963,-2.6714,0.00024,-0.86523
8128.79,SYN.BTC-17JAN20,1578826741621,open,0.0,379.6,0.0005,0.0165,0.00353623,66.72,0.004,0.0,BTC-17JAN20-9000-C,8118.59,63.98,0.003,47.7,0.004,1.0,68.95,1.64852,-11.27971,0.10472,0.00028,0.09998
8564.94,SYN.BTC-25SEP20,1578826741623,open,2.32,0.0,2.223,2.4165,2.30922053,94.42,None,0.0,BTC-25SEP20-28000-P,8118.59,0.0,0.0,0.0,0.0,0.0,0.0,15.66394,-2.87881,-191.28544,3e-05,-0.8642
8143.98,SYN.BTC-24JAN20,1578826741621,open,0.0,10.8,0.0005,0.0125,0.00256195,65.5,0.0035,0.0,BTC-24JAN20-6750-P,8118.59,62.26,0.002,30.0,0.003,30.0,67.77,1.50696,-4.1557,-0.13839,0.00011,-0.04967
8128.79,SYN.BTC-17JAN20,1578826741623,open,0.17,0.0,0.1465,0.2,0.17089166,82.52,None,0.0,BTC-17JAN20-9500-P,8118.59,0.0,0.0045,0.1,0.0,0.0,0.0,1.06437,-9.00702,-1.21029,0.00015,-0.94371
8143.98,SYN.BTC-24JAN20,1578826741623,open,0.07,7.5,0.044,0.0985,0.06608956,55.16,0.0585,0.0,BTC-24JAN20-8500-P,8118.59,0.0,0.02,2.0,0.0,0.0,0.0,5.45158,-12.66022,-1.89253,0.00046,-0.64814
8159.16,SYN.BTC-31JAN20,1578826741623,open,0.18,4.8,0.1475,0.2075,0.1751966,62.0,0.3445,0.0,BTC-31JAN20-9500-P,8118.59,0.0,0.001,0.5,0.199,12.7,97.23,4.45098,-7.31014,-4.298,0.00021,-0.84342
8143.98,SYN.BTC-24JAN20,1578826741621,open,0.23,0.0,0.2175,0.2515,0.23354206,73.35,None,0.0,BTC-24JAN20-6250-C,8118.59,0.0,0.222,5.0,0.246,5.0,130.56,0.69228,-2.13782,1.97958,4e-05,0.98063
8159.16,SYN.BTC-31JAN20,1578826741624,open,0.0,268.8,0.0005,0.012,0.00231059,79.13,0.0025,0.0,BTC-31JAN20-11500-C,8118.59,77.27,0.002,0.4,0.003,45.0,82.79,1.41996,-2.97643,0.13621,5e-05,0.03459
8143.98,SYN.BTC-24JAN20,1578826741622,open,0.01,91.1,0.005,0.0375,0.01508746,56.7,0.013,0.0,BTC-24JAN20-8750-C,8118.59,54.81,0.014,35.0,0.0165,40.0,59.1,4.74226,-11.32007,0.64264,0.00039,0.25762
8564.94,SYN.BTC-25SEP20,1578826741621,open,0.29,1.9,0.226,0.345,0.27965199,75.09,0.285,0.0,BTC-25SEP20-9000-P,8118.59,64.21,0.244,4.0,0.297,5.0,80.44,27.87549,-4.07435,-41.36502,7e-05,-0.40659
143.81,SYN.ETH-17JAN20,1578826741626,open,0.0,1018.0,0.001,0.018,0.003988,70.41,0.004,0.0,ETH-17JAN20-130-P,143.64,59.11,0.002,600.0,0.006,600.0,79.48,0.02917,-0.21064,-0.002,0.015,-0.10002
8159.16,SYN.BTC-31JAN20,1578826741623,open,0.42,0.0,0.3825,0.446,0.41180135,79.31,None,0.0,BTC-31JAN20-11500-P,8118.59,0.0,0.0,0.0,0.0,0.0,0.0,1.43171,-3.0079,-5.80959,5e-05,-0.96506
8143.98,SYN.BTC-24JAN20,1578826741623,open,0.18,0.0,0.1455,0.2015,0.17165065,63.6,None,0.0,BTC-24JAN20-9500-P,8118.59,0.0,0.002,0.5,0.0,0.0,0.0,2.5662,-6.87167,-2.84126,0.00019,-0.90063
8143.98,SYN.BTC-24JAN20,1578826741622,open,0.26,0.0,0.2345,0.2915,0.26085603,72.14,None,0.0,BTC-24JAN20-10250-P,8118.59,0.0,0.0,0.0,0.0,0.0,0.0,1.37584,-4.1789,-3.22346,9e-05,-0.95566
8128.79,SYN.BTC-17JAN20,1578826741621,open,0.0,253.1,0.0005,0.013,0.00217963,82.31,0.0015,0.0,BTC-17JAN20-9500-C,8118.59,76.54,0.0015,45.0,0.003,59.0,88.08,1.05724,-8.92417,0.05823,0.00015,0.05581
8143.98,SYN.BTC-24JAN20,1578826741621,open,0.01,84.3,0.0005,0.0285,0.01026415,58.63,0.009,0.0,BTC-24JAN20-9000-C,8118.59,57.03,0.0095,24.0,0.011,24.0,60.14,3.93626,-9.71669,0.46605,0.00031,0.18615
8159.16,SYN.BTC-31JAN20,1578826741624,open,0.0,533.2,0.0005,0.0105,0.00049916,91.32,0.0005,0.0,BTC-31JAN20-5000-P,8118.59,0.0,0.0,0.0,0.001,34.0,100.18,0.35743,-0.86461,-0.03126,1e-05,-0.00691
8159.16,SYN.BTC-31JAN20,1578826741623,open,0.12,14.0,0.095,0.154,0.12239244,59.36,0.1165,0.0,BTC-31JAN20-9000-P,8118.59,0.0,0.0005,1.0,0.1315,8.0,71.3,5.9572,-9.36771,-3.66021,0.00029,-0.74507
8128.79,SYN.BTC-17JAN20,1578826741621,open,0.14,0.0,0.1165,0.1695,0.1406949,74.99,None,0.0,BTC-17JAN20-9250-P,8118.59,0.0,0.0005,1.0,0.0,0.0,0.0,1.31471,-10.1102,-1.1584,0.0002,-0.92612
8159.16,SYN.BTC-31JAN20,1578826741621,open,0.0,622.5,0.0005,0.0115,0.00167803,82.68,0.0015,0.0,BTC-31JAN20-12000-C,8118.59,81.3,0.0015,0.9,0.002,30.0,84.96,1.08932,-2.3858,0.09897,4e-05,0.02513
8128.79,SYN.BTC-17JAN20,1578826741622,open,0.11,0.0,0.0865,0.1385,0.1107371,66.85,None,0.0,BTC-17JAN20-9000-P,8118.59,0.0,0.067,1.0,0.0,0.0,0.0,1.65394,-11.33819,-1.09705,0.00028,-0.89957
8159.16,SYN.BTC-31JAN20,1578826741623,open,0.36,0.0,0.323,0.385,0.35143875,75.35,None,0.0,BTC-31JAN20-11000-P,8118.59,0.0,0.0025,1.0,0.0,0.0,0.0,1.87285,-3.73801,-5.49697,7e-05,-0.95133
8564.94,SYN.BTC-25SEP20,1578826741621,open,1.86,0.0,1.7725,1.9535,1.85277603,91.45,None,0.0,BTC-25SEP20-24000-P,8118.59,0.0,0.0,0.0,0.0,0.0,0.0,18.09132,-3.22044,-161.79071,4e-05,-0.83133
8128.79,SYN.BTC-17JAN20,1578826741622,open,0.0,236.4,0.0005,0.011,0.00145454,86.15,0.001,0.0,BTC-17JAN20-9750-C,8118.59,80.83,0.001,45.0,0.0015,1.0,86.62,0.77332,-6.83172,0.03948,0.0001,0.03781
8128.79,SYN.BTC-17JAN20,1578826741621,open,0.23,0.0,0.2065,0.2615,0.23145011,93.37,None,0.0,BTC-17JAN20-10000-P,8118.59,0.0,0.0,0.0,0.0,0.0,0.0,0.65748,-6.29556,-1.30347,8e-05,-0.96896
8128.79,SYN.BTC-17JAN20,1578826741644,open,0.01,348.2,0.0005,0.03,0.01010473,57.31,0.0105,0.0,BTC-17JAN20-8500-C,8118.59,55.69,0.0095,1.5,0.011,15.5,59.67,3.05192,-17.93597,0.27216,0.0006,0.26075
145.29,SYN.ETH-28FEB20,1578826741682,open,0.04,466.0,0.016,0.067,0.038287,76.99,0.041,0.0,ETH-28FEB20-180-C,143.64,75.04,0.036,192.0,0.041,468.0,79.32,0.1694,-0.13912,0.04166,0.00812,0.26156
151.39,SYN.ETH-25SEP20,1578826741762,open,2.21,0.0,2.108,2.374,2.233005,103.7,None,0.0,ETH-25SEP20-480-P,143.64,0.0,0.0,0.0,0.0,0.0,0.0,0.34052,-0.06873,-3.24606,0.00204,-0.81367
149.16,ETH-26JUN20,1578826741876,open,3.02,0.0,2.911,3.188,3.040977,112.13,None,0.0,ETH-26JUN20-600-P,143.65,0.0,0.01,50.0,0.0,0.0,0.0,0.1375,-0.04647,-2.69064,0.00121,-0.92832
146.27,ETH-27MAR20,1578826741876,open,0.41,1147.0,0.362,0.486,0.422107,86.62,0.645,0.0,ETH-27MAR20-200-P,143.65,0.0,0.367,1.0,1.068,1.0,500.0,0.22059,-0.1276,-0.34455,0.0058,-0.72617
146.28,ETH-27MAR20,1578826741876,open,3.35,0.0,3.248,3.517,3.376579,122.99,None,0.0,ETH-27MAR20-640-P,143.65,0.0,0.01,50.0,0.0,0.0,0.0,0.0159,-0.01306,-1.31065,0.00029,-0.99113
149.16,ETH-26JUN20,1578826741876,open,0.02,315.0,0.005,0.047,0.018451,112.13,0.023,0.0,ETH-26JUN20-600-C,143.65,109.36,0.016,300.0,0.021,120.0,114.79,0.1375,-0.04647,0.03608,0.00121,0.07168
149.16,ETH-26JUN20,1578826741876,open,0.08,611.0,0.035,0.124,0.074809,95.81,0.077,0.0,ETH-26JUN20-280-C,143.65,93.58,0.07,292.0,0.08,432.0,98.17,0.32432,-0.09366,0.12362,0.00335,0.25717
146.28,ETH-27MAR20,1578826741876,open,0.0,7522.0,0.001,0.011,0.001577,120.0,0.003,0.0,ETH-27MAR20-600-C,143.65,114.41,0.001,4377.0,0.004,398.0,133.91,0.0177,-0.01419,0.00254,0.00034,0.01003
149.16,ETH-26JUN20,1578826741876,open,0.1,562.0,0.055,0.154,0.101156,93.52,0.102,0.0,ETH-26JUN20-240-C,143.65,91.81,0.097,72.0,0.106,425.0,95.5,0.36427,-0.10269,0.15531,0.00385,0.33027
149.16,ETH-26JUN20,1578826741876,open,0.7,4.0,0.628,0.797,0.710166,93.52,0.934,0.0,ETH-26JUN20-240-P,143.65,0.0,0.01,50.0,0.0,0.0,0.0,0.36427,-0.10269,-0.93538,0.00385,-0.66973
146.28,ETH-27MAR20,1578826741877,open,0.0,3001.0,0.001,0.011,0.001109,120.0,0.002,0.0,ETH-27MAR20-640-C,143.65,118.75,0.001,146.0,0.003,300.0,133.9,0.01334,-0.01069,0.00185,0.00025,0.00726
146.28,ETH-27MAR20,1578826741876,open,0.01,1572.0,0.001,0.026,0.008953,106.59,0.01,0.0,ETH-27MAR20-360-C,143.65,102.25,0.007,540.0,0.011,560.0,110.57,0.0707,-0.05033,0.01297,0.00151,0.05219
149.16,ETH-26JUN20,1578826741877,open,0.03,379.0,0.008,0.062,0.027889,107.47,0.032,0.0,ETH-26JUN20-480-C,143.65,105.05,0.025,300.0,0.031,420.0,109.93,0.18342,-0.05942,0.05258,0.00169,0.10546
146.28,ETH-27MAR20,1578826741877,open,0.02,2250.0,0.005,0.041,0.017788,96.23,0.016,0.0,ETH-27MAR20-280-C,143.65,93.95,0.016,540.0,0.02,305.0,98.9,0.11775,-0.07567,0.02519,0.00279,0.10174
146.28,ETH-27MAR20,1578826741877,open,0.25,158.0,0.201,0.28,0.241798,81.68,0.211,0.0,ETH-27MAR20-120-C,143.65,63.2,0.217,43.0,0.271,43.0,102.13,0.20392,-0.11122,0.1568,0.00569,0.76432
149.16,ETH-26JUN20,1578826741877,open,0.12,780.0,0.069,0.172,0.118329,91.93,0.116,0.0,ETH-26JUN20-220-C,143.65,89.45,0.112,282.0,0.125,422.0,94.53,0.38147,-0.10571,0.17437,0.0041,0.37556
146.28,ETH-27MAR20,1578826741877,open,0.01,1188.0,0.001,0.018,0.00504,113.65,0.005,0.0,ETH-27MAR20-440-C,143.65,105.85,0.003,550.0,0.007,560.0,119.36,0.04497,-0.03413,0.00746,0.0009,0.02991
149.16,ETH-26JUN20,1578826741877,open,0.38,426.0,0.304,0.447,0.374265,88.42,0.47,0.0,ETH-26JUN20-180-P,143.65,40.4,0.25,25.0,0.411,200.0,102.09,0.40109,-0.10691,-0.59729,0.00449,-0.50687
149.16,ETH-26JUN20,1578826741877,open,2.75,0.0,2.652,2.915,2.775339,110.72,None,0.0,ETH-26JUN20-560-P,143.65,0.0,0.01,50.0,0.0,0.0,0.0,0.15071,-0.0503,-2.50435,0.00135,-0.91913
149.16,ETH-26JUN20,1578826741876,open,0.94,0.0,0.866,1.046,0.951988,95.81,None,0.0,ETH-26JUN20-280-P,143.65,0.0,0.011,3.0,0.0,0.0,0.0,0.32432,-0.09366,-1.14886,0.00335,-0.74283
149.16,ETH-26JUN20,1578826741877,open,1.7,0.0,1.619,1.831,1.71869,102.23,None,0.0,ETH-26JUN20-400-P,143.65,0.0,0.01,50.0,0.0,0.0,0.0,0.22224,-0.06848,-1.74898,0.00215,-0.86144
146.28,ETH-27MAR20,1578826741876,open,0.08,2732.0,0.041,0.116,0.076056,83.44,0.084,0.0,ETH-27MAR20-180-C,143.65,81.63,0.073,316.0,0.08,578.0,85.76,0.24773,-0.13803,0.08504,0.00676,0.35945
149.16,ETH-26JUN20,1578826741877,open,0.12,2035.0,0.078,0.17,0.122108,86.1,0.18,0.0,ETH-26JUN20-120-P,143.65,82.33,0.114,268.0,0.129,448.0,89.29,0.32158,-0.08346,-0.25429,0.00369,-0.25303
149.16,ETH-26JUN20,1578826741877,open,1.96,0.0,1.877,2.102,1.982252,105.36,None,0.0,ETH-26JUN20-440-P,143.65,0.0,0.01,50.0,0.0,0.0,0.0,0.20283,-0.06442,-1.93925,0.0019,-0.87857
149.16,ETH-26JUN20,1578826741877,open,0.05,778.0,0.017,0.087,0.045907,100.44,0.049,0.0,ETH-26JUN20-360-C,143.65,98.09,0.042,299.0,0.05,439.0,102.81,0.25237,-0.07641,0.08265,0.00249,0.16784
149.16,ETH-26JUN20,1578826741877,open,0.04,4069.0,0.013,0.075,0.037006,102.23,0.043,0.0,ETH-26JUN20-400-C,143.65,98.75,0.032,300.0,0.042,445.0,105.48,0.22224,-0.06848,0.06884,0.00215,0.13856
146.28,ETH-27MAR20,1578826741877,open,0.66,118.0,0.608,0.74,0.670341,91.48,0.978,0.0,ETH-27MAR20-240-P,143.65,0.0,0.005,10.0,0.0,0.0,0.0,0.16227,-0.09913,-0.45273,0.00404,-0.83838
145.29,SYN.ETH-28FEB20,1578826741876,open,0.46,0.0,0.434,0.475,0.453887,97.18,None,0.0,ETH-28FEB20-80-C,143.65,0.0,0.449,1.0,0.463,43.0,124.41,0.03499,-0.03627,0.09638,0.00133,0.97045
144.06,SYN.ETH-24JAN20,1578826741876,open,0.0,691.0,0.001,0.013,0.002955,74.08,0.003,0.0,ETH-24JAN20-180-C,143.65,68.78,0.002,600.0,0.004,200.0,78.88,0.02882,-0.08988,0.00243,0.00576,0.05478
145.29,SYN.ETH-28FEB20,1578826741876,open,0.01,779.0,0.001,0.019,0.007594,89.9,0.012,0.0,ETH-28FEB20-90-P,143.65,85.31,0.006,540.0,0.009,301.0,93.56,0.05347,-0.05127,-0.0107,0.00219,-0.04973
144.3,SYN.ETH-31JAN20,1578826741876,open,0.25,25.0,0.215,0.301,0.256164,75.15,0.35,0.0,ETH-31JAN20-180-P,143.65,0.0,0.012,5.0,0.0,0.0,0.0,0.06311,-0.12562,-0.08527,0.0078,-0.88648
149.17,ETH-26JUN20,1578826741878,open,1.19,0.0,1.113,1.304,1.203319,98.4,1.06,0.0,ETH-26JUN20-320-P,143.65,0.0,0.015,2.0,0.0,0.0,0.0,0.2869,-0.0851,-1.3537,0.00288,-0.79356
149.17,ETH-26JUN20,1578826741878,open,0.01,1447.0,0.005,0.029,0.014058,95.64,0.014,0.0,ETH-26JUN20-60-P,143.65,90.22,0.011,300.0,0.017,300.0,100.36,0.08907,-0.02568,-0.03758,0.00092,-0.04138
146.28,ETH-27MAR20,1578826741878,open,0.03,1621.0,0.011,0.051,0.027672,85.94,0.034,0.0,ETH-27MAR20-100-P,143.65,82.96,0.025,240.0,0.03,299.0,88.47,0.13304,-0.07635,-0.04451,0.00353,-0.12065
149.17,ETH-26JUN20,1578826741878,open,0.21,174.0,0.142,0.248,0.195956,83.82,0.203,0.0,ETH-26JUN20-160-C,143.65,86.47,0.203,3.0,0.216,446.0,91.39,0.39617,-0.10009,0.2488,0.00467,0.56296
149.17,ETH-26JUN20,1578826741878,open,0.15,2776.0,0.089,0.196,0.141409,90.78,0.14,0.0,ETH-26JUN20-200-C,143.65,87.98,0.134,277.0,0.149,417.0,93.64,0.39521,-0.10814,0.19649,0.00431,0.43126
149.17,ETH-26JUN20,1578826741878,open,0.59,0.0,0.514,0.676,0.593256,91.96,None,0.0,ETH-26JUN20-220-P,143.65,21.2,0.475,1.0,0.0,0.0,0.0,0.38155,-0.10577,-0.82538,0.0041,-0.62428
146.28,ETH-27MAR20,1578826741878,open,3.08,0.0,2.983,3.236,3.103581,122.18,None,0.0,ETH-27MAR20-600-P,143.65,0.0,0.03,50.0,0.0,0.0,0.0,0.01992,-0.01625,-1.22794,0.00037,-0.98851
149.17,ETH-26JUN20,1578826741878,open,0.28,708.0,0.206,0.333,0.26863,83.85,0.355,0.0,ETH-26JUN20-160-P,143.65,71.61,0.236,34.0,0.292,180.0,92.68,0.39616,-0.10012,-0.47834,0.00467,-0.43699
146.28,ETH-27MAR20,1578826741878,open,0.01,1012.0,0.002,0.025,0.011112,94.38,0.015,0.0,ETH-27MAR20-80-P,143.65,89.78,0.009,640.0,0.013,620.0,98.15,0.07052,-0.04445,-0.01895,0.0017,-0.05202
146.28,ETH-27MAR20,1578826741878,open,0.92,161.0,0.865,1.007,0.932056,96.4,1.397,0.0,ETH-27MAR20-280-P,143.65,0.0,0.002,50.0,0.0,0.0,0.0,0.11818,-0.07607,-0.54908,0.00279,-0.89775
145.29,SYN.ETH-28FEB20,1578826741876,open,0.01,432.0,0.003,0.029,0.012648,83.76,0.017,0.0,ETH-28FEB20-100-P,143.65,80.62,0.011,240.0,0.014,300.0,86.21,0.07856,-0.07019,-0.01758,0.00346,-0.08158
146.28,ETH-27MAR20,1578826741878,open,0.53,30.0,0.482,0.611,0.543852,89.14,0.554,0.0,ETH-27MAR20-220-P,143.65,0.0,0.502,18.0,0.579,18.0,113.44,0.19055,-0.11343,-0.40048,0.00487,-0.79073
146.28,ETH-27MAR20,1578826741878,open,0.17,680.0,0.121,0.207,0.165118,81.13,0.145,0.0,ETH-27MAR20-140-C,143.65,77.01,0.158,166.0,0.173,144.0,85.7,0.25244,-0.13677,0.13623,0.00709,0.61911
146.28,ETH-27MAR20,1578826741878,open,0.01,1521.0,0.001,0.022,0.006972,111.26,0.006,0.0,ETH-27MAR20-400-C,143.65,105.74,0.005,540.0,0.009,560.0,116.0,0.05774,-0.0429,0.01008,0.00118,0.04056
146.28,ETH-27MAR20,1578826741878,open,0.0,1809.0,0.001,0.012,0.002267,120.0,0.003,0.0,ETH-27MAR20-560-C,143.65,109.72,0.001,338.0,0.004,300.0,128.7,0.02359,-0.0189,0.00351,0.00045,0.01396
149.17,ETH-26JUN20,1578826741879,open,0.02,635.0,0.004,0.043,0.016422,113.52,0.022,0.0,ETH-26JUN20-640-C,143.65,110.52,0.014,300.0,0.019,120.0,116.43,0.12627,-0.04321,0.03238,0.0011,0.06419
146.28,ETH-27MAR20,1578826741879,open,1.19,10.0,1.128,1.283,1.200611,102.97,1.59,0.0,ETH-27MAR20-320-P,143.65,0.0,0.011,5.0,0.0,0.0,0.0,0.09302,-0.06396,-0.63809,0.00206,-0.9258
146.28,ETH-27MAR20,1578826741879,open,0.06,1696.0,0.033,0.097,0.062198,81.72,0.067,0.0,ETH-27MAR20-120-P,143.65,78.69,0.058,471.0,0.066,279.0,84.43,0.20395,-0.11129,-0.0894,0.00569,-0.23573
146.28,ETH-27MAR20,1578826741879,open,0.12,606.0,0.08,0.168,0.122252,81.17,0.113,0.0,ETH-27MAR20-140-P,143.65,77.55,0.116,443.0,0.127,571.0,83.92,0.25244,-0.13683,-0.15098,0.00709,-0.38088
149.17,ETH-26JUN20,1578826741879,open,0.02,295.0,0.005,0.051,0.020981,110.71,0.017,0.0,ETH-26JUN20-560-C,143.65,107.63,0.018,300.0,0.024,420.0,113.59,0.15072,-0.0503,0.0406,0.00135,0.08087
149.17,ETH-26JUN20,1578826741880,open,0.03,752.0,0.01,0.069,0.0324,105.36,0.03,0.0,ETH-26JUN20-440-C,143.65,102.79,0.029,300.0,0.036,420.0,107.94,0.20285,-0.06442,0.06035,0.0019,0.12143
144.3,SYN.ETH-31JAN20,1578826741876,open,0.18,1.0,0.152,0.234,0.191643,69.98,0.244,0.0,ETH-31JAN20-170-P,143.65,0.0,0.001,25.0,0.211,240.0,98.67,0.08335,-0.15452,-0.07617,0.01106,-0.829
145.29,SYN.ETH-28FEB20,1578826741876,open,0.27,0.0,0.228,0.329,0.277219,77.02,None,0.0,ETH-28FEB20-180-P,143.65,0.0,0.001,5.0,0.0,0.0,0.0,0.16944,-0.13919,-0.18949,0.00812,-0.73834
149.17,ETH-26JUN20,1578826741880,open,0.18,3185.0,0.113,0.222,0.167507,88.42,0.162,0.0,ETH-26JUN20-180-C,143.65,88.6,0.168,23.0,0.178,272.0,92.32,0.40112,-0.1069,0.22076,0.00449,0.49315
149.17,ETH-26JUN20,1578826741880,open,0.06,396.0,0.024,0.103,0.057972,98.33,0.063,0.0,ETH-26JUN20-320-C,143.65,96.23,0.054,326.0,0.062,436.0,100.4,0.28664,-0.08496,0.10043,0.00288,0.20611
146.28,ETH-27MAR20,1578826741880,open,0.06,3107.0,0.025,0.091,0.054773,86.61,0.053,0.0,ETH-27MAR20-200-C,143.65,84.09,0.051,298.0,0.06,482.0,90.04,0.22061,-0.1276,0.06574,0.0058,0.27385
149.17,ETH-26JUN20,1578826741880,open,0.48,245.0,0.406,0.561,0.482251,90.81,0.71,0.0,ETH-26JUN20-200-P,143.65,17.22,0.341,1.0,0.507,1.0,100.1,0.39523,-0.10819,-0.7124,0.0043,-0.56862
151.39,SYN.ETH-25SEP20,1578826741876,open,0.51,0.0,0.436,0.603,0.518143,88.34,None,0.0,ETH-25SEP20-200-P,143.65,0.0,0.0,0.0,0.558,1.0,100.27,0.50666,-0.08712,-1.08697,0.00356,-0.50206
144.06,SYN.ETH-24JAN20,1578826741876,open,0.0,145.0,0.001,0.011,0.001549,80.39,0.003,0.0,ETH-24JAN20-110-P,143.65,74.78,0.001,320.0,0.002,53.0,84.14,0.01601,-0.0542,-0.00132,0.00295,-0.02664
146.28,ETH-27MAR20,1578826741881,open,0.04,1697.0,0.015,0.073,0.039784,89.06,0.046,0.0,ETH-27MAR20-220-C,143.65,86.1,0.036,572.0,0.044,786.0,92.25,0.19039,-0.11323,0.05077,0.00487,0.20896
144.3,SYN.ETH-31JAN20,1578826741876,open,0.0,4174.0,0.001,0.013,0.003065,93.69,0.006,0.0,ETH-31JAN20-100-P,143.65,86.67,0.002,10.0,0.004,694.0,98.76,0.02463,-0.06112,-0.00275,0.00244,-0.03378
151.39,SYN.ETH-25SEP20,1578826741876,open,0.53,0.0,0.491,0.561,0.525905,87.43,None,0.0,ETH-25SEP20-80-C,143.65,72.4,0.504,53.0,0.551,53.0,102.83,0.23593,-0.04015,0.38988,0.00167,0.89184
149.17,ETH-26JUN20,1578826741881,open,2.23,0.0,2.135,2.372,2.24591,107.64,None,0.0,ETH-26JUN20-480-P,143.65,0.0,0.01,50.0,0.0,0.0,0.0,0.18418,-0.05976,-2.12854,0.00169,-0.89395
146.28,ETH-27MAR20,1578826741881,open,0.01,1665.0,0.003,0.033,0.012876,102.74,0.015,0.0,ETH-27MAR20-320-C,143.65,101.32,0.012,1.0,0.014,306.0,104.47,0.09243,-0.06341,0.01822,0.00205,0.07358
145.29,SYN.ETH-28FEB20,1578826741876,open,0.39,20.0,0.365,0.412,0.388128,89.9,0.328,0.0,ETH-28FEB20-90-C,143.65,0.0,0.38,3.0,0.4,40.0,115.14,0.05347,-0.05127,0.10489,0.00219,0.95027
144.06,SYN.ETH-24JAN20,1578826741876,open,0.01,339.0,0.002,0.032,0.012923,65.82,0.012,0.0,ETH-24JAN20-160-C,143.65,61.97,0.011,533.0,0.015,294.0,69.79,0.07378,-0.20445,0.00899,0.0166,0.20476
145.29,SYN.ETH-28FEB20,1578826741876,open,0.07,134.0,0.036,0.102,0.067702,74.22,0.056,0.0,ETH-28FEB20-160-C,143.65,72.28,0.065,144.0,0.071,452.0,76.58,0.2023,-0.16016,0.06371,0.01005,0.40917
149.17,ETH-26JUN20,1578826741882,open,2.49,0.0,2.393,2.643,2.510158,109.29,None,0.0,ETH-26JUN20-520-P,143.65,0.0,0.01,50.0,0.0,0.0,0.0,0.16641,-0.05482,-2.31698,0.00151,-0.90768
144.3,SYN.ETH-31JAN20,1578826741877,open,0.0,1805.0,0.001,0.011,0.001952,119.56,0.001,0.0,ETH-31JAN20-260-C,143.65,109.43,0.001,193.0,0.003,398.0,127.38,0.01669,-0.05287,0.00144,0.0013,0.0212
146.28,ETH-27MAR20,1578826741882,open,0.47,20.0,0.441,0.488,0.464178,94.3,0.613,0.0,ETH-27MAR20-80-C,143.65,59.8,0.454,45.0,0.478,45.0,117.85,0.07041,-0.04434,0.14521,0.0017,0.94808
146.28,ETH-27MAR20,1578826741882,open,0.35,1148.0,0.312,0.376,0.344005,85.89,0.346,0.0,ETH-27MAR20-100-C,143.65,50.11,0.32,42.0,0.367,42.0,108.86,0.13297,-0.07627,0.16067,0.00353,0.87944
151.39,SYN.ETH-25SEP20,1578826741876,open,0.31,0.0,0.24,0.379,0.308545,82.77,None,0.0,ETH-25SEP20-160-P,143.65,19.73,0.1,1.0,0.364,1.0,100.17,0.48886,-0.07876,-0.74909,0.00366,-0.39453
144.06,SYN.ETH-24JAN20,1578826741876,open,0.01,114.0,0.001,0.023,0.007385,73.76,0.008,0.0,ETH-24JAN20-170-C,143.65,72.68,0.007,10.0,0.008,300.0,75.45,0.0518,-0.16087,0.00525,0.0104,0.1194
146.28,ETH-27MAR20,1578826741882,open,0.03,5579.0,0.01,0.059,0.029539,91.38,0.033,0.0,ETH-27MAR20-240-C,143.65,88.1,0.026,491.0,0.033,602.0,94.43,0.16202,-0.09886,0.03952,0.00404,0.16124
144.3,SYN.ETH-31JAN20,1578826741880,open,0.13,742.0,0.096,0.176,0.133037,67.65,0.158,0.0,ETH-31JAN20-160-P,143.65,60.86,0.128,60.0,0.136,60.0,71.51,0.10973,-0.19664,-0.06394,0.01506,-0.72382
144.3,SYN.ETH-31JAN20,1578826741876,open,0.0,788.0,0.001,0.011,0.001023,97.28,0.001,0.0,ETH-31JAN20-90-P,143.65,0.0,0.0,0.0,0.002,326.0,107.9,0.01054,-0.02716,-0.001,0.00101,-0.01239
151.39,SYN.ETH-25SEP20,1578826741876,open,2.72,0.0,2.612,2.901,2.747865,105.48,None,0.0,ETH-25SEP20-560-P,143.65,0.0,0.0,0.0,0.0,0.0,0.0,0.2963,-0.06083,-3.83318,0.00174,-0.84987
144.3,SYN.ETH-31JAN20,1578826741876,open,0.0,1301.0,0.001,0.016,0.005035,81.17,0.004,0.0,ETH-31JAN20-110-P,143.65,77.08,0.004,300.0,0.006,89.0,84.62,0.03861,-0.08302,-0.00478,0.00442,-0.05906
144.3,SYN.ETH-31JAN20,1578826741877,open,0.18,350.0,0.149,0.208,0.178561,73.01,0.125,0.0,ETH-31JAN20-120-C,143.65,0.0,0.168,1.0,0.196,34.0,105.37,0.06419,-0.12414,0.05262,0.00817,0.88373
144.06,SYN.ETH-24JAN20,1578826741877,open,0.03,733.0,0.009,0.055,0.028899,63.56,0.033,0.0,ETH-24JAN20-150-C,143.65,59.34,0.026,511.0,0.032,371.0,68.05,0.09924,-0.26559,0.01664,0.02312,0.3839
144.06,SYN.ETH-24JAN20,1578826741876,open,0.31,0.0,0.285,0.327,0.306347,88.75,None,0.0,ETH-24JAN20-100-C,143.65,0.0,0.305,1.0,0.0,0.0,0.0,0.0064,-0.0239,0.03208,0.00107,0.99087
144.3,SYN.ETH-31JAN20,1578826741880,open,0.01,2235.0,0.001,0.025,0.008788,75.15,0.011,0.0,ETH-31JAN20-180-C,143.65,70.85,0.007,600.0,0.011,820.0,79.95,0.06311,-0.12562,0.00782,0.0078,0.11352
151.39,SYN.ETH-25SEP20,1578826741876,open,0.63,1.0,0.605,0.654,0.629225,91.55,0.645,0.0,ETH-25SEP20-60-C,143.65,70.88,0.613,57.0,0.644,57.0,105.86,0.14335,-0.02555,0.33535,0.00097,0.94398
144.3,SYN.ETH-31JAN20,1578826741876,open,0.0,2097.0,0.001,0.012,0.002432,94.21,0.004,0.0,ETH-31JAN20-220-C,143.65,82.68,0.001,302.0,0.004,600.0,102.53,0.02316,-0.05779,0.00216,0.00228,0.03135
151.39,SYN.ETH-25SEP20,1578826741876,open,0.05,55.0,0.018,0.096,0.048841,105.48,0.058,0.0,ETH-25SEP20-560-C,143.65,101.86,0.042,300.0,0.056,300.0,109.02,0.2963,-0.06083,0.10792,0.00174,0.15013
144.06,SYN.ETH-24JAN20,1578826741876,open,0.18,0.0,0.143,0.198,0.17113,71.41,None,0.0,ETH-24JAN20-120-C,143.65,0.0,0.166,1.0,0.0,0.0,0.0,0.03453,-0.10381,0.03561,0.00716,0.93094
144.3,SYN.ETH-31JAN20,1578826741879,open,0.0,827.0,0.001,0.011,0.001494,102.11,0.002,0.0,ETH-31JAN20-240-C,143.65,0.0,0.0,0.0,0.003,300.0,113.3,0.01522,-0.04116,0.00131,0.00138,0.01901
144.3,SYN.ETH-31JAN20,1578826741880,open,0.38,0.0,0.347,0.438,0.390353,85.45,None,0.0,ETH-31JAN20-200-P,143.65,0.0,0.011,3.0,0.0,0.0,0.0,0.03743,-0.08472,-0.09952,0.00407,-0.94323
145.29,SYN.ETH-28FEB20,1578826741876,open,0.33,0.0,0.287,0.391,0.337377,79.03,None,0.0,ETH-28FEB20-190-P,143.65,0.0,0.001,5.0,0.0,0.0,0.0,0.15014,-0.12657,-0.21032,0.00701,-0.7898
144.06,SYN.ETH-24JAN20,1578826741876,open,0.01,183.0,0.002,0.031,0.012284,66.29,0.01,0.0,ETH-24JAN20-130-P,143.65,61.3,0.01,533.0,0.014,543.0,69.86,0.06799,-0.18976,-0.00897,0.01519,-0.17918
145.29,SYN.ETH-28FEB20,1578826741877,open,0.21,60.0,0.174,0.243,0.208793,75.69,0.177,0.0,ETH-28FEB20-120-C,143.65,61.15,0.195,39.0,0.214,241.0,80.8,0.14589,-0.11779,0.11026,0.00711,0.79971
143.81,SYN.ETH-17JAN20,1578826741876,open,0.0,752.0,0.001,0.012,0.001881,84.51,0.001,0.0,ETH-17JAN20-170-C,143.65,75.47,0.001,38.0,0.003,600.0,92.97,0.01661,-0.14396,0.00089,0.00711,0.04807
145.29,SYN.ETH-28FEB20,1578826741876,open,0.27,5.0,0.232,0.295,0.26404,79.12,0.229,0.0,ETH-28FEB20-110-C,143.65,55.03,0.249,38.0,0.285,38.0,103.74,0.11056,-0.09331,0.11293,0.00515,0.86929
144.3,SYN.ETH-31JAN20,1578826741877,open,0.01,1591.0,0.001,0.026,0.010145,73.01,0.008,0.0,ETH-31JAN20-120-P,143.65,67.96,0.008,600.0,0.012,860.0,77.04,0.06419,-0.12414,-0.00943,0.00817,-0.11627
144.06,SYN.ETH-24JAN20,1578826741876,open,0.24,0.0,0.214,0.262,0.237963,80.39,None,0.0,ETH-24JAN20-110-C,143.65,0.0,0.236,1.0,0.0,0.0,0.0,0.01601,-0.0542,0.03447,0.00295,0.97336
144.3,SYN.ETH-31JAN20,1578826741878,open,0.0,1626.0,0.001,0.016,0.00438,85.45,0.003,0.0,ETH-31JAN20-200-C,143.65,79.56,0.003,600.0,0.006,606.0,91.16,0.03743,-0.08472,0.00391,0.00407,0.05677
144.06,SYN.ETH-24JAN20,1578826741877,open,0.11,10.0,0.078,0.14,0.109864,66.29,0.114,0.0,ETH-24JAN20-130-C,143.65,59.98,0.107,60.0,0.115,60.0,76.64,0.06799,-0.18976,0.03332,0.01519,0.82082
144.06,SYN.ETH-24JAN20,1578826741876,open,0.12,0.0,0.087,0.162,0.123593,65.82,None,0.0,ETH-24JAN20-160-P,143.65,56.24,0.119,60.0,0.127,60.0,72.24,0.07378,-0.20445,-0.04307,0.0166,-0.79524
144.06,SYN.ETH-24JAN20,1578826741876,open,0.03,129.0,0.01,0.06,0.032184,63.28,0.03,0.0,ETH-24JAN20-140-P,143.65,57.16,0.028,502.0,0.035,502.0,67.37,0.09888,-0.26344,-0.01929,0.02314,-0.37929
145.29,SYN.ETH-28FEB20,1578826741876,open,0.16,30.0,0.123,0.196,0.160667,73.61,0.154,0.0,ETH-28FEB20-130-C,143.65,70.62,0.157,48.0,0.166,220.0,77.94,0.17823,-0.13995,0.10249,0.00893,0.70998
144.06,SYN.ETH-24JAN20,1578826741877,open,0.0,56.0,0.001,0.015,0.004133,71.41,0.005,0.0,ETH-24JAN20-120-P,143.65,66.31,0.003,600.0,0.005,10.0,74.87,0.03453,-0.10381,-0.00343,0.00716,-0.06906
144.06,SYN.ETH-24JAN20,1578826741877,open,0.06,675.0,0.031,0.09,0.060347,63.28,0.063,0.0,ETH-24JAN20-140-C,143.65,58.39,0.057,180.0,0.065,180.0,70.04,0.09888,-0.26344,0.02626,0.02314,0.62071
145.29,SYN.ETH-28FEB20,1578826741876,open,0.02,153.0,0.007,0.042,0.021165,79.12,0.024,0.0,ETH-28FEB20-110-P,143.65,76.22,0.019,240.0,0.023,299.0,81.5,0.11056,-0.09331,-0.02834,0.00515,-0.13071
144.06,SYN.ETH-24JAN20,1578826741877,open,0.18,0.0,0.149,0.229,0.187472,73.76,None,0.0,ETH-24JAN20-170-P,143.65,0.0,0.0,0.0,0.0,0.0,0.0,0.0518,-0.16087,-0.05006,0.0104,-0.8806
145.29,SYN.ETH-28FEB20,1578826741876,open,0.21,0.0,0.174,0.271,0.220957,75.62,None,0.0,ETH-28FEB20-170-P,143.65,0.0,0.001,5.0,0.0,0.0,0.0,0.1882,-0.15181,-0.16653,0.00918,-0.67153
144.3,SYN.ETH-31JAN20,1578826741877,open,0.31,1.0,0.287,0.334,0.310079,93.69,0.245,0.0,ETH-31JAN20-100-C,143.65,0.0,0.306,3.0,0.32,35.0,131.1,0.02463,-0.06112,0.04896,0.00244,0.96622
144.06,SYN.ETH-24JAN20,1578826741876,open,0.25,0.0,0.214,0.295,0.252459,74.08,None,0.0,ETH-24JAN20-180-P,143.65,0.0,0.0,0.0,0.0,0.0,0.0,0.02882,-0.08988,-0.05614,0.00576,-0.94522
151.39,SYN.ETH-25SEP20,1578826741876,open,0.45,0.0,0.396,0.486,0.441829,87.31,None,0.0,ETH-25SEP20-100-C,143.65,73.75,0.413,52.0,0.474,52.0,101.99,0.32805,-0.05575,0.40765,0.00233,0.82443
149.17,ETH-26JUN20,1578826741888,open,0.59,0.0,0.514,0.676,0.593256,91.96,None,0.0,ETH-26JUN20-220-P,143.65,0.0,0.474,1.0,0.0,0.0,0.0,0.38155,-0.10577,-0.82538,0.0041,-0.62428
146.28,ETH-27MAR20,1578826741894,open,0.3,1550.0,0.25,0.366,0.306657,83.49,0.407,0.0,ETH-27MAR20-180-P,143.65,64.66,0.276,30.0,0.0,0.0,0.0,0.24777,-0.13814,-0.28419,0.00676,-0.64039
151.39,SYN.ETH-25SEP20,1578826741902,open,0.4,0.0,0.326,0.477,0.400481,82.77,0.58,0.0,ETH-25SEP20-180-P,143.65,19.87,0.203,1.0,0.49,1.0,110.03,0.50425,-0.08124,-0.91787,0.00378,-0.46101
144.3,SYN.ETH-31JAN20,1578826741906,open,0.31,1.0,0.287,0.334,0.310079,93.69,0.245,0.0,ETH-31JAN20-100-C,143.65,0.0,0.307,1.0,0.32,35.0,131.1,0.02463,-0.06112,0.04896,0.00244,0.96622
151.39,SYN.ETH-25SEP20,1578826741909,open,0.74,0.0,0.654,0.843,0.746394,92.86,None,0.0,ETH-25SEP20-240-P,143.65,0.0,0.0,0.0,0.77,1.0,100.01,0.49644,-0.08973,-1.41322,0.00331,-0.58002
144.3,SYN.ETH-31JAN20,1578826741911,open,0.31,1.0,0.287,0.334,0.310079,93.69,0.245,0.0,ETH-31JAN20-100-C,143.65,0.0,0.307,2.0,0.32,35.0,131.1,0.02463,-0.06112,0.04896,0.00244,0.96622
144.3,SYN.ETH-31JAN20,1578826741912,open,0.31,1.0,0.287,0.334,0.310079,93.69,0.245,0.0,ETH-31JAN20-100-C,143.65,0.0,0.307,3.0,0.32,35.0,131.1,0.02463,-0.06112,0.04896,0.00244,0.96622
144.06,SYN.ETH-24JAN20,1578826741914,open,0.18,0.0,0.143,0.198,0.17113,71.41,None,0.0,ETH-24JAN20-120-C,143.65,28.98,0.167,1.0,0.0,0.0,0.0,0.03453,-0.10381,0.03561,0.00716,0.93094
8143.98,SYN.BTC-24JAN20,1578826742053,open,0.03,72.0,0.0155,0.06,0.0302385,53.91,0.031,0.0,BTC-24JAN20-8000-P,8118.59,50.71,0.028,26.0,0.0315,33.0,55.71,5.70474,-12.94768,-1.16187,0.00049,-0.40825
149.17,ETH-26JUN20,1578826742529,open,0.5,0.0,0.466,0.527,0.496405,88.67,None,0.0,ETH-26JUN20-80-C,143.65,65.4,0.475,49.0,0.519,49.0,107.64,0.16321,-0.04362,0.28044,0.00182,0.91007
146.27,ETH-27MAR20,1578826742556,open,0.53,30.0,0.482,0.611,0.543852,89.07,0.554,0.0,ETH-27MAR20-220-P,143.65,0.0,0.501,18.0,0.579,18.0,113.38,0.19037,-0.11323,-0.40055,0.00487,-0.79105
146.27,ETH-27MAR20,1578826742558,open,0.35,1148.0,0.312,0.376,0.344005,85.93,0.346,0.0,ETH-27MAR20-100-C,143.65,55.04,0.322,42.0,0.367,42.0,108.89,0.13304,-0.07634,0.16063,0.00353,0.87934
151.39,SYN.ETH-25SEP20,1578826742561,open,0.53,0.0,0.491,0.561,0.525905,87.43,None,0.0,ETH-25SEP20-80-C,143.65,73.88,0.506,53.0,0.551,53.0,102.83,0.23593,-0.04015,0.38988,0.00167,0.89184
151.39,SYN.ETH-25SEP20,1578826742577,open,0.45,0.0,0.396,0.486,0.441829,87.31,None,0.0,ETH-25SEP20-100-C,143.65,74.71,0.415,52.0,0.474,52.0,101.99,0.32805,-0.05575,0.40765,0.00233,0.82443
8143.98,SYN.BTC-24JAN20,1578826742631,open,0.09,17.9,0.0695,0.1175,0.09021972,55.6,0.0775,0.0,BTC-24JAN20-7500-C,8118.59,29.91,0.0805,6.1,0.1035,6.0,79.96,4.00846,-9.38286,1.90271,0.00033,0.80828
8565.19,SYN.BTC-25SEP20,1578826743158,open,0.15,91.3,0.1055,0.2,0.14702656,76.1,0.1475,0.0,BTC-25SEP20-7000-P,8118.59,74.26,0.142,15.2,0.146,0.3,75.72,23.42724,-3.47015,-24.69299,6e-05,-0.26262
146.27,ETH-27MAR20,1578826743176,open,0.35,1148.0,0.312,0.376,0.344005,85.93,0.346,0.0,ETH-27MAR20-100-C,143.65,52.77,0.321,42.0,0.367,42.0,108.89,0.13304,-0.07634,0.16063,0.00353,0.87934
151.39,SYN.ETH-25SEP20,1578826743178,open,0.53,0.0,0.491,0.561,0.525905,87.43,None,0.0,ETH-25SEP20-80-C,143.65,73.15,0.505,53.0,0.551,53.0,102.83,0.23593,-0.04015,0.38988,0.00167,0.89184
151.39,SYN.ETH-25SEP20,1578826743180,open,0.45,0.0,0.396,0.486,0.441829,87.31,None,0.0,ETH-25SEP20-100-C,143.65,74.23,0.414,52.0,0.474,52.0,101.99,0.32805,-0.05575,0.40765,0.00233,0.82443
149.17,ETH-26JUN20,1578826743182,open,0.33,321.0,0.268,0.365,0.317631,86.08,0.314,0.0,ETH-26JUN20-120-C,143.65,70.36,0.284,48.0,0.33,180.0,91.82,0.32157,-0.08344,0.2911,0.00369,0.74701
151.4,SYN.ETH-25SEP20,1578826743535,open,0.63,1.0,0.605,0.654,0.629225,91.53,0.645,0.0,ETH-25SEP20-60-C,143.65,69.12,0.612,57.0,0.644,57.0,105.84,0.1433,-0.02553,0.33541,0.00097,0.94401
149.17,ETH-26JUN20,1578826743536,open,0.28,708.0,0.206,0.333,0.268582,83.85,0.355,0.0,ETH-26JUN20-160-P,143.65,71.24,0.235,34.0,0.292,180.0,92.68,0.39616,-0.10012,-0.47834,0.00467,-0.43699
149.17,ETH-26JUN20,1578826743538,open,0.33,321.0,0.268,0.365,0.317631,86.08,0.314,0.0,ETH-26JUN20-120-C,143.65,69.89,0.283,48.0,0.33,180.0,91.82,0.32157,-0.08344,0.2911,0.00369,0.74701
149.17,ETH-26JUN20,1578826743551,open,0.28,708.0,0.206,0.333,0.268582,83.85,0.355,0.0,ETH-26JUN20-160-P,143.65,71.98,0.237,34.0,0.292,180.0,92.68,0.39616,-0.10012,-0.47834,0.00467,-0.43699
149.17,ETH-26JUN20,1578826743730,open,0.26,819.0,0.195,0.298,0.247701,83.82,0.261,0.0,ETH-26JUN20-140-C,143.65,71.14,0.216,50.0,0.266,180.0,91.21,0.3711,-0.09376,0.27512,0.00438,0.65351
146.27,ETH-27MAR20,1578826744346,open,0.29,20.0,0.254,0.326,0.290181,83.41,0.272,0.0,ETH-27MAR20-110-C,143.65,64.57,0.27,42.0,0.316,42.0,104.55,0.1694,-0.09435,0.16114,0.00463,0.82721
146.27,ETH-27MAR20,1578826744346,open,0.02,0.0,0.006,0.036,0.017735,89.6,None,0.0,ETH-27MAR20-90-P,143.65,85.43,0.015,540.0,0.02,300.0,92.86,0.09925,-0.05939,-0.02957,0.00252,-0.08082
146.27,ETH-27MAR20,1578826744346,open,0.2,111.0,0.158,0.241,0.200254,81.15,0.181,0.0,ETH-27MAR20-130-C,143.65,76.58,0.193,144.0,0.209,144.0,86.64,0.2327,-0.1261,0.14788,0.00653,0.69308
146.27,ETH-27MAR20,1578826744346,open,0.53,0.0,0.509,0.549,0.528505,101.13,None,0.0,ETH-27MAR20-70-C,143.65,67.72,0.522,47.0,0.539,47.0,125.55,0.04881,-0.03296,0.13156,0.0011,0.96697
149.17,ETH-26JUN20,1578826744522,open,0.5,0.0,0.466,0.527,0.496405,88.67,None,0.0,ETH-26JUN20-80-C,143.65,63.95,0.474,49.0,0.519,49.0,107.64,0.16321,-0.04362,0.28044,0.00182,0.91007
143.82,SYN.ETH-17JAN20,1578826744619,open,0.24,1.0,0.212,0.259,0.235626,103.91,0.235,0.0,ETH-17JAN20-110-C,143.65,0.0,0.225,32.0,0.247,32.0,197.97,0.00479,-0.05107,0.01447,0.00167,0.98906
143.82,SYN.ETH-17JAN20,1578826744619,open,0.0,114.0,0.001,0.011,0.000517,105.35,0.001,0.0,ETH-17JAN20-110-P,143.65,0.0,0.0,0.0,0.001,105.0,116.09,0.00513,-0.05541,-0.00024,0.00176,-0.01183
143.82,SYN.ETH-17JAN20,1578826744619,open,0.17,2.0,0.14,0.194,0.167109,89.02,0.169,0.0,ETH-17JAN20-120-C,143.65,0.0,0.154,30.0,0.18,30.0,159.12,0.01286,-0.11737,0.01533,0.00523,0.96496
143.82,SYN.ETH-17JAN20,1578826744619,open,0.11,330.0,0.07,0.129,0.100025,70.15,0.092,0.0,ETH-17JAN20-130-C,143.65,58.47,0.098,60.0,0.105,60.0,90.77,0.02898,-0.20849,0.01539,0.01495,0.90089
143.82,SYN.ETH-17JAN20,1578826744619,open,0.11,96.0,0.082,0.154,0.11637,70.65,0.091,0.0,ETH-17JAN20-160-P,143.65,0.0,0.111,60.0,0.118,60.0,77.91,0.0298,-0.21593,-0.01947,0.01527,-0.89702
143.82,SYN.ETH-17JAN20,1578826744619,open,0.0,692.0,0.001,0.011,0.000159,120.02,0.001,0.0,ETH-17JAN20-100-P,143.65,0.0,0.0,0.0,0.001,46.0,151.33,0.00178,-0.02196,-7e-05,0.00054,-0.00358
143.82,SYN.ETH-17JAN20,1578826744619,open,0.01,402.0,0.002,0.04,0.015816,59.47,0.014,0.0,ETH-17JAN20-140-P,143.65,52.71,0.013,269.0,0.016,6.0,59.9,0.06056,-0.36931,-0.00674,0.03686,-0.33502
143.82,SYN.ETH-17JAN20,1578826744619,open,0.31,1.0,0.284,0.326,0.304803,115.92,0.292,0.0,ETH-17JAN20-100-C,143.65,0.0,0.296,34.0,0.315,34.0,240.45,0.00139,-0.01656,0.0133,0.00044,0.99728
8438.89,BTC-26JUN20,1578826744642,open,0.02,52.0,0.005,0.046,0.01672669,98.97,0.019,0.0,BTC-26JUN20-28000-C,8118.63,97.03,0.015,31.0,0.0185,31.0,100.84,7.77118,-2.3183,2.10397,2e-05,0.07159
8280.77,BTC-27MAR20,1578826744642,open,0.03,1737.7,0.0135,0.0625,0.03191084,78.04,0.033,0.0,BTC-27MAR20-12000-C,8118.63,76.89,0.0305,3.0,0.0335,50.9,79.32,10.22347,-5.32793,2.70916,9e-05,0.19139
8280.77,BTC-27MAR20,1578826744642,open,3.36,0.0,3.2625,3.439,3.34782523,108.71,None,0.0,BTC-27MAR20-36000-P,8118.63,0.0,0.0,0.0,0.0,0.0,0.0,0.35203,-0.25555,-73.80443,0.0,-0.99691
8438.93,BTC-26JUN20,1578826744642,open,0.11,351.9,0.0735,0.1545,0.10871413,74.72,0.1095,0.0,BTC-26JUN20-7000-P,8118.63,73.26,0.1055,9.6,0.1115,11.7,75.97,18.69228,-4.20987,-14.39536,8e-05,-0.26664
8280.77,BTC-27MAR20,1578826744642,open,0.27,149.5,0.23,0.3205,0.27104263,72.77,0.264,0.0,BTC-27MAR20-10000-P,8118.63,59.69,0.25,0.1,0.3185,16.1,100.21,13.76999,-6.69143,-15.78521,0.00013,-0.65821
8220.15,SYN.BTC-28FEB20,1578826744641,open,0.18,37.1,0.1535,0.209,0.17962852,65.06,0.1985,0.0,BTC-28FEB20-7000-C,8118.63,33.36,0.153,8.0,0.1875,14.0,72.5,8.49485,-5.89545,6.44141,0.00015,0.78979
8565.13,SYN.BTC-25SEP20,1578826744641,open,0.2,65.4,0.1465,0.255,0.19524876,76.08,0.203,0.0,BTC-25SEP20-10000-C,8118.63,77.66,0.2005,15.5,0.2075,5.0,79.76,28.58178,-4.23275,20.20705,7e-05,0.53048
8280.81,BTC-27MAR20,1578826744643,open,0.11,355.7,0.0735,0.1465,0.10605375,69.12,0.1125,0.0,BTC-27MAR20-8000-P,8118.63,68.23,0.1045,20.3,0.108,10.0,70.24,14.4397,-6.66474,-8.50874,0.00015,-0.39484
8220.15,SYN.BTC-28FEB20,1578826744641,open,0.05,186.3,0.0285,0.08,0.05048669,64.11,0.047,0.0,BTC-28FEB20-7500-P,8118.63,62.53,0.0485,19.3,0.0515,15.0,64.92,10.29828,-7.04274,-3.73859,0.00019,-0.30365
8565.13,SYN.BTC-25SEP20,1578826744642,open,0.47,0.0,0.44,0.5045,0.46890735,76.1,None,0.0,BTC-25SEP20-5000-C,8118.63,63.68,0.449,7.0,0.4965,7.0,91.52,14.5874,-2.16068,24.62669,4e-05,0.87745
8280.81,BTC-27MAR20,1578826744643,open,0.02,715.7,0.01,0.0455,0.02332477,71.85,0.022,0.0,BTC-27MAR20-6000-P,8118.63,71.5,0.023,2.0,0.024,1.5,72.57,7.69946,-3.69419,-2.51127,8e-05,-0.12451
8280.81,BTC-27MAR20,1578826744644,open,2.4,0.0,2.3155,2.4595,2.38337724,109.68,None,0.0,BTC-27MAR20-28000-P,8118.63,0.0,0.0,0.0,0.0,0.0,0.0,1.31849,-0.96564,-57.24027,1e-05,-0.98624
8220.15,SYN.BTC-28FEB20,1578826744641,open,0.02,347.0,0.0075,0.038,0.0186001,67.17,0.02,0.0,BTC-28FEB20-6500-P,8118.63,65.75,0.0175,24.0,0.0195,15.0,68.31,6.4476,-4.61943,-1.63837,0.00011,-0.1366
8280.81,BTC-27MAR20,1578826744644,open,0.52,20.4,0.5085,0.5365,0.52096326,89.49,0.503,0.0,BTC-27MAR20-4000-C,8118.63,51.94,0.517,11.0,0.53,11.0,115.0,2.03382,-1.21545,7.74901,2e-05,0.97713
8565.13,SYN.BTC-25SEP20,1578826744641,open,0.39,2.0,0.356,0.438,0.39344029,76.1,0.361,0.0,BTC-25SEP20-6000-C,8118.63,64.02,0.3665,7.0,0.4275,7.0,90.82,19.51808,-2.89099,25.09104,5e-05,0.80969
8144.32,SYN.BTC-24JAN20,1578826744642,open,0.14,0.1,0.125,0.1665,0.14488304,62.66,0.13,0.0,BTC-24JAN20-7000-C,8118.63,0.0,0.1405,5.0,0.1615,5.0,104.84,2.2115,-5.83431,2.0504,0.00016,0.91866
8565.13,SYN.BTC-25SEP20,1578826744642,open,0.03,57.7,0.013,0.05,0.02670908,78.58,0.0265,0.0,BTC-25SEP20-4000-P,8118.63,76.56,0.0245,10.0,0.029,6.0,80.6,9.52161,-1.45627,-5.75807,2e-05,-0.06882
8280.81,BTC-27MAR20,1578826744645,open,3.85,1.0,3.736,3.932,3.83063236,108.31,4.54,0.0,BTC-27MAR20-40000-P,8118.63,0.0,0.0005,2.0,0.0,0.0,0.0,0.18434,-0.13333,-82.03305,0.0,-0.99849
8565.13,SYN.BTC-25SEP20,1578826744641,open,0.33,4.8,0.2865,0.3805,0.32975292,76.1,0.336,0.0,BTC-25SEP20-7000-C,8118.63,65.02,0.2995,7.0,0.37,7.0,90.85,23.42724,-3.47,24.57116,6e-05,0.73738
8220.15,SYN.BTC-28FEB20,1578826744641,open,0.01,138.2,0.0005,0.0185,0.00675514,75.74,0.006,0.0,BTC-28FEB20-5500-P,8118.63,73.73,0.006,27.0,0.0075,49.0,77.61,3.18315,-2.57145,-0.63102,5e-05,-0.05302
8280.81,BTC-27MAR20,1578826744645,open,2.88,0.0,2.789,2.9485,2.86529191,109.62,None,0.0,BTC-27MAR20-32000-P,8118.63,0.0,0.001,1.0,0.0,0.0,0.0,0.70054,-0.5128,-65.547,0.0,-0.99333
8565.13,SYN.BTC-25SEP20,1578826744641,open,0.1,78.9,0.0615,0.138,0.09395036,76.09,0.093,0.0,BTC-25SEP20-6000-P,8118.63,74.14,0.0895,9.0,0.092,1.7,75.24,19.51797,-2.8909,-17.1347,5e-05,-0.19031
8220.15,SYN.BTC-28FEB20,1578826744642,open,0.03,302.3,0.015,0.056,0.03122207,65.09,0.0325,0.0,BTC-28FEB20-7000-P,8118.63,63.9,0.03,19.3,0.032,15.0,65.84,8.49648,-5.89903,-2.54947,0.00015,-0.21028
8565.13,SYN.BTC-25SEP20,1578826744641,open,0.37,3.1,0.3045,0.433,0.36276553,76.08,0.4,0.0,BTC-25SEP20-10000-P,8118.63,64.34,0.3235,4.0,0.385,4.0,82.76,28.58182,-4.23262,-50.1698,7e-05,-0.46953
8220.15,SYN.BTC-28FEB20,1578826744642,open,0.03,170.1,0.0145,0.0585,0.03180997,67.9,0.03,0.0,BTC-28FEB20-10000-C,8118.63,66.73,0.0305,14.0,0.0335,34.3,69.38,9.30193,-6.73678,2.27215,0.00016,0.24704
8220.15,SYN.BTC-28FEB20,1578826744641,open,0.15,0.5,0.1215,0.196,0.15561782,67.78,0.1545,0.0,BTC-28FEB20-9000-P,8118.63,0.0,0.0005,1.0,0.0,0.0,0.0,11.38581,-8.232,-7.9701,0.00019,-0.59935
8220.15,SYN.BTC-28FEB20,1578826744641,open,0.11,63.2,0.0845,0.1545,0.11625947,67.78,0.1415,0.0,BTC-28FEB20-8500-P,8118.63,60.6,0.106,8.0,0.1465,8.0,88.94,11.75058,-8.49528,-6.57473,0.0002,-0.50653
8129.15,SYN.BTC-17JAN20,1578826744642,open,0.01,488.0,0.0005,0.028,0.00806069,54.83,0.008,0.0,BTC-17JAN20-7750-P,8118.63,51.64,0.007,40.0,0.0085,0.5,56.12,2.75337,-15.48086,-0.24341,0.00057,-0.2161
8144.32,SYN.BTC-24JAN20,1578826744642,open,0.11,0.1,0.0955,0.1405,0.11627158,57.59,0.1,0.0,BTC-24JAN20-7250-C,8118.63,28.36,0.11,5.0,0.1255,5.0,79.02,2.95032,-7.1541,2.02198,0.00024,0.87933
8565.13,SYN.BTC-25SEP20,1578826744641,open,0.17,57.3,0.1225,0.232,0.17105587,78.0,0.1895,0.0,BTC-25SEP20-11000-C,8118.63,78.58,0.173,8.7,0.181,13.7,80.97,28.62184,-4.34546,18.50182,7e-05,0.47799
8220.15,SYN.BTC-28FEB20,1578826744641,open,0.08,375.6,0.0545,0.116,0.08218158,67.76,0.078,0.0,BTC-28FEB20-8500-C,8118.63,62.38,0.0745,25.4,0.0785,15.0,65.18,11.75056,-8.49229,4.3415,0.0002,0.49343
8159.49,SYN.BTC-31JAN20,1578826744642,open,0.04,254.0,0.021,0.0665,0.04063657,55.47,0.04,0.0,BTC-31JAN20-8000-P,8118.63,53.62,0.039,15.0,0.0425,26.0,57.58,7.22621,-10.61849,-1.91463,0.00038,-0.41311
8144.32,SYN.BTC-24JAN20,1578826744643,open,0.02,56.0,0.0075,0.0445,0.01860646,54.16,0.0195,0.0,BTC-24JAN20-7750-P,8118.63,51.54,0.017,49.0,0.02,39.0,56.41,5.01907,-11.44572,-0.81465,0.00043,-0.28883
8220.15,SYN.BTC-28FEB20,1578826744641,open,0.14,73.2,0.11,0.1695,0.13806503,64.09,0.141,0.0,BTC-28FEB20-7500-C,8118.63,38.89,0.108,9.0,0.144,17.0,68.8,10.29772,-7.03972,5.89411,0.00019,0.69639
8159.49,SYN.BTC-31JAN20,1578826744643,open,0.06,805.6,0.0375,0.086,0.06018643,55.48,0.062,0.0,BTC-31JAN20-8000-C,8118.63,53.57,0.0585,18.2,0.0615,14.7,56.96,7.22622,-10.6193,2.22248,0.00038,0.58689
8565.13,SYN.BTC-25SEP20,1578826744642,open,0.05,134.2,0.03,0.086,0.05266574,76.09,0.0515,0.0,BTC-25SEP20-5000-P,8118.63,74.82,0.0505,9.7,0.0535,6.5,76.58,14.58711,-2.16057,-10.5613,4e-05,-0.12254
8220.15,SYN.BTC-28FEB20,1578826744642,open,0.28,0.3,0.261,0.3045,0.28107158,70.57,0.1885,0.0,BTC-28FEB20-6000-C,8118.63,45.48,0.2715,8.0,0.299,8.0,96.58,4.58903,-3.45412,6.69097,7e-05,0.91487
8565.13,SYN.BTC-25SEP20,1578826744642,open,0.21,16.0,0.1615,0.271,0.21049388,76.09,0.209,0.0,BTC-25SEP20-8000-P,8118.63,74.3,0.205,12.1,0.215,12.1,77.57,26.17776,-3.87729,-32.88261,7e-05,-0.33502
8565.13,SYN.BTC-25SEP20,1578826744642,open,2.78,0.0,2.675,2.8785,2.76606266,95.19,None,0.0,BTC-25SEP20-32000-P,8118.63,0.0,0.0,0.0,0.0,0.0,0.0,13.1032,-2.42778,-220.65891,3e-05,-0.89458
8129.15,SYN.BTC-17JAN20,1578826744642,open,0.04,176.4,0.015,0.0615,0.03281443,53.12,0.032,0.0,BTC-17JAN20-8250-P,8118.63,51.32,0.032,0.1,0.034,18.1,55.75,3.66677,-19.97575,-0.66874,0.00078,-0.58303
8565.13,SYN.BTC-25SEP20,1578826744642,open,0.23,51.7,0.1805,0.2865,0.22885651,75.09,0.252,0.0,BTC-25SEP20-9000-C,8118.63,76.82,0.2345,15.3,0.242,13.3,79.14,27.87595,-4.07427,21.97517,7e-05,0.59342
8220.15,SYN.BTC-28FEB20,1578826744642,open,0.06,220.0,0.036,0.093,0.06071183,67.76,0.0575,0.0,BTC-28FEB20-9000-C,8118.63,63.62,0.055,12.0,0.059,15.0,66.52,11.38527,-8.22845,3.58789,0.00019,0.40058
8220.15,SYN.BTC-28FEB20,1578826744642,open,0.23,11.5,0.2045,0.2545,0.22783466,67.14,0.2235,0.0,BTC-28FEB20-6500-C,8118.63,0.0,0.2055,8.0,0.25,8.0,92.02,6.44462,-4.61501,6.7106,0.00011,0.8635
8220.15,SYN.BTC-28FEB20,1578826744642,open,0.34,0.0,0.32,0.3585,0.33764592,75.68,None,0.0,BTC-28FEB20-5500-C,8118.63,39.96,0.331,8.0,0.3515,8.0,102.42,3.17797,-2.56534,6.43383,5e-05,0.94709
8565.13,SYN.BTC-25SEP20,1578826744641,open,0.46,15.6,0.3935,0.5305,0.45532432,78.0,0.45,0.0,BTC-25SEP20-11000-P,8118.63,64.34,0.41,3.0,0.49,2.5,88.36,28.6218,-4.34531,-58.91282,7e-05,-0.52202
8220.15,SYN.BTC-28FEB20,1578826744641,open,0.25,0.0,0.2135,0.2895,0.24837219,67.93,None,0.0,BTC-28FEB20-10000-P,8118.63,0.0,0.001,1.0,0.0,0.0,0.0,9.30499,-6.74249,-10.56932,0.00016,-0.75281
8220.15,SYN.BTC-28FEB20,1578826744641,open,0.0,151.2,0.0005,0.0135,0.00376089,80.12,0.0035,0.0,BTC-28FEB20-5000-P,8118.63,76.83,0.003,55.0,0.0045,49.0,82.96,2.02584,-1.73121,-0.3605,3e-05,-0.03039
8565.13,SYN.BTC-25SEP20,1578826744642,open,0.56,0.0,0.539,0.5865,0.55970237,78.58,None,0.0,BTC-25SEP20-4000-C,8118.63,63.26,0.545,7.0,0.579,7.0,94.27,9.52205,-1.4564,22.39224,2e-05,0.93118
8144.32,SYN.BTC-24JAN20,1578826744643,open,0.01,106.6,0.0005,0.022,0.00711575,60.85,0.0065,0.0,BTC-24JAN20-9250-C,8118.63,59.25,0.0065,30.0,0.008,45.0,63.06,3.18315,-8.15545,0.33782,0.00024,0.1346
8220.15,SYN.BTC-28FEB20,1578826744641,open,0.04,106.9,0.023,0.074,0.04414795,67.76,0.0405,0.0,BTC-28FEB20-9500-C,8118.63,65.28,0.041,13.0,0.0445,34.3,68.03,10.50084,-7.58937,2.88645,0.00018,0.31757
8565.13,SYN.BTC-25SEP20,1578826744642,open,0.28,33.4,0.2295,0.332,0.27648046,76.1,0.292,0.0,BTC-25SEP20-8000-C,8118.63,65.85,0.245,7.0,0.322,7.0,91.14,26.17769,-3.87739,23.41864,7e-05,0.66499
8144.32,SYN.BTC-24JAN20,1578826744665,open,0.14,0.1,0.125,0.1665,0.14488304,62.66,0.13,0.0,BTC-24JAN20-7000-C,8118.63,0.0,0.1405,5.1,0.1615,5.0,104.84,2.2115,-5.83431,2.0504,0.00016,0.91866
151.4,SYN.ETH-25SEP20,1578826744761,open,0.06,67.0,0.025,0.114,0.062412,103.69,0.055,0.0,ETH-25SEP20-480-C,143.65,101.24,0.057,299.0,0.068,399.0,106.13,0.34055,-0.06873,0.13204,0.00204,0.18633
151.4,SYN.ETH-25SEP20,1578826744761,open,0.11,61.0,0.057,0.168,0.108107,96.73,0.12,0.0,ETH-25SEP20-320-C,143.65,93.93,0.1,290.0,0.116,390.0,99.4,0.44343,-0.08349,0.20739,0.00284,0.30275
151.4,SYN.ETH-25SEP20,1578826744761,open,0.97,0.0,0.883,1.087,0.981838,95.53,None,0.0,ETH-25SEP20-280-P,143.65,0.0,0.0,0.0,0.997,1.0,100.33,0.4738,-0.0881,-1.73129,0.00307,-0.64299
151.4,SYN.ETH-25SEP20,1578826744761,open,0.08,106.0,0.037,0.137,0.080851,100.88,0.085,0.0,ETH-25SEP20-400-C,143.65,98.58,0.075,295.0,0.087,395.0,103.24,0.38966,-0.07652,0.1635,0.00239,0.2343
151.4,SYN.ETH-25SEP20,1578826744761,open,1.71,0.0,1.608,1.85,1.723011,100.95,None,0.0,ETH-25SEP20-400-P,143.65,0.0,0.0,0.0,0.0,0.0,0.0,0.38997,-0.07663,-2.65141,0.00239,-0.76537
151.4,SYN.ETH-25SEP20,1578826744761,open,1.96,0.0,1.857,2.11,1.976763,102.32,None,0.0,ETH-25SEP20-440-P,143.65,0.0,0.0,0.0,0.0,0.0,0.0,0.36391,-0.07248,-2.95024,0.0022,-0.79208
151.4,SYN.ETH-25SEP20,1578826744761,open,1.21,0.0,1.118,1.334,1.221835,96.78,None,0.0,ETH-25SEP20-320-P,143.65,0.0,0.0,0.0,0.0,0.0,0.0,0.44358,-0.08356,-2.04457,0.00284,-0.69702
151.4,SYN.ETH-25SEP20,1578826744761,open,0.13,1.0,0.076,0.195,0.132326,95.49,0.097,0.0,ETH-25SEP20-280-C,143.65,93.46,0.126,286.0,0.139,396.0,97.62,0.47371,-0.08805,0.23921,0.00308,0.35683
151.4,SYN.ETH-25SEP20,1578826744761,open,0.07,45.0,0.03,0.124,0.070386,102.24,0.057,0.0,ETH-25SEP20-440-C,143.65,99.96,0.065,297.0,0.076,397.0,104.54,0.36352,-0.07234,0.14614,0.0022,0.20754
151.4,SYN.ETH-25SEP20,1578826744761,open,0.09,30.0,0.045,0.151,0.092915,98.98,0.09,0.0,ETH-25SEP20-360-C,143.65,96.8,0.087,293.0,0.099,393.0,101.17,0.41603,-0.08015,0.18337,0.00261,0.26501
151.4,SYN.ETH-25SEP20,1578826744763,open,1.46,0.0,1.361,1.591,1.470859,99.04,None,0.0,ETH-25SEP20-360-P,143.65,0.0,0.0,0.0,0.0,0.0,0.0,0.41625,-0.08024,-2.35007,0.00261,-0.73471
151.4,SYN.ETH-25SEP20,1578826744763,open,0.16,3.0,0.101,0.225,0.161098,92.86,0.165,0.0,ETH-25SEP20-240-C,143.65,90.07,0.152,281.0,0.17,391.0,95.56,0.49648,-0.08974,0.27585,0.00331,0.41999
144.07,SYN.ETH-24JAN20,1578826744899,open,0.07,0.0,0.038,0.105,0.070152,63.62,None,0.0,ETH-24JAN20-150-P,143.65,56.08,0.065,180.0,0.073,180.0,67.74,0.09927,-0.26592,-0.03215,0.02311,-0.61576
146.27,ETH-27MAR20,1578826745099,open,0.2,4580.0,0.154,0.26,0.205859,82.15,0.199,0.0,ETH-27MAR20-160-P,143.65,78.34,0.199,144.0,0.214,144.0,86.66,0.26389,-0.14476,-0.21839,0.00732,-0.52197
146.27,ETH-27MAR20,1578826745145,open,2.26,0.0,2.187,2.396,2.286085,118.68,None,0.0,ETH-27MAR20-480-P,143.65,0.0,0.004,50.0,0.0,0.0,0.0,0.0401,-0.03178,-0.97819,0.00077,-0.97393
144.31,SYN.ETH-31JAN20,1578826745156,open,0.65,0.0,0.615,0.719,0.664661,102.91,None,0.0,ETH-31JAN20-240-P,143.65,0.0,0.011,3.0,0.0,0.0,0.0,0.0158,-0.04306,-0.12275,0.00143,-0.98014
144.31,SYN.ETH-31JAN20,1578826745156,open,0.04,809.0,0.022,0.08,0.044633,65.36,0.061,0.0,ETH-31JAN20-140-P,143.65,61.2,0.041,259.0,0.048,499.0,69.22,0.12595,-0.21807,-0.03246,0.01789,-0.39038
146.27,ETH-27MAR20,1578826745158,open,1.45,7.0,1.392,1.558,1.470155,106.6,1.702,0.0,ETH-27MAR20-360-P,143.65,0.0,0.01,30.0,0.0,0.0,0.0,0.0707,-0.05033,-0.72553,0.00151,-0.94781
149.17,ETH-26JUN20,1578826745162,open,3.28,0.0,3.17,3.461,3.306833,113.52,None,0.0,ETH-26JUN20-640-P,143.65,0.0,0.01,50.0,0.0,0.0,0.0,0.12629,-0.04321,-2.87612,0.0011,-0.9358
146.27,ETH-27MAR20,1578826745162,open,0.0,2448.0,0.001,0.013,0.003297,120.0,0.005,0.0,ETH-27MAR20-520-C,143.65,112.92,0.002,2336.0,0.005,300.0,126.81,0.03154,-0.02527,0.00489,0.0006,0.01961
146.27,ETH-27MAR20,1578826745162,open,1.99,0.0,1.922,2.115,2.013175,113.65,None,0.0,ETH-27MAR20-440-P,143.65,0.0,0.003,50.0,0.0,0.0,0.0,0.04497,-0.03413,-0.89515,0.0009,-0.97009
149.17,ETH-26JUN20,1578826745170,open,1.45,1.0,1.364,1.566,1.45927,100.44,1.827,0.0,ETH-26JUN20-360-P,143.65,0.0,0.015,2.0,0.0,0.0,0.0,0.25241,-0.07642,-1.55336,0.00249,-0.83214
144.31,SYN.ETH-31JAN20,1578826745172,open,0.03,2327.0,0.008,0.051,0.024259,67.64,0.026,0.0,ETH-31JAN20-160-C,143.65,64.64,0.022,525.0,0.027,525.0,71.2,0.10974,-0.19662,0.0188,0.01507,0.27623
146.27,ETH-27MAR20,1578826745177,open,2.53,0.0,2.452,2.676,2.558366,120.0,None,0.0,ETH-27MAR20-520-P,143.65,0.0,0.006,50.0,0.0,0.0,0.0,0.03154,-0.02527,-1.06183,0.0006,-0.98039
146.27,ETH-27MAR20,1578826745177,open,2.81,0.0,2.718,2.955,2.830804,120.0,None,0.0,ETH-27MAR20-560-P,143.65,0.0,0.02,50.0,0.0,0.0,0.0,0.02359,-0.0189,-1.14527,0.00045,-0.98604
144.31,SYN.ETH-31JAN20,1578826745232,open,0.08,1849.0,0.046,0.11,0.074452,65.31,0.077,0.0,ETH-31JAN20-140-C,143.65,61.35,0.071,180.0,0.079,180.0,70.51,0.12594,-0.21787,0.03994,0.01791,0.60967
144.31,SYN.ETH-31JAN20,1578826745232,open,0.52,1.0,0.481,0.578,0.527002,94.69,0.739,0.0,ETH-31JAN20-220-P,143.65,0.0,0.011,3.0,0.0,0.0,0.0,0.02362,-0.05925,-0.11156,0.00232,-0.96789
149.17,ETH-26JUN20,1578826745236,open,0.07,643.0,0.037,0.104,0.067855,86.28,0.068,0.0,ETH-26JUN20-100-P,143.65,81.51,0.06,287.0,0.075,287.0,90.53,0.24858,-0.06465,-0.15714,0.00285,-0.16394
149.17,ETH-26JUN20,1578826745236,open,0.61,3.0,0.592,0.633,0.611828,95.64,0.588,0.0,ETH-26JUN20-60-C,143.65,61.17,0.599,54.0,0.623,54.0,111.93,0.08906,-0.02567,0.2351,0.00092,0.95863
146.27,ETH-27MAR20,1578826745236,open,0.11,2397.0,0.071,0.154,0.112041,82.18,0.11,0.0,ETH-27MAR20-160-C,143.65,79.38,0.107,267.0,0.118,342.0,85.48,0.2639,-0.14481,0.10983,0.00732,0.47809
146.27,ETH-27MAR20,1578826745236,open,1.72,5.0,1.657,1.837,1.741641,111.27,2.004,0.0,ETH-27MAR20-400-P,143.65,0.0,0.046,50.0,0.0,0.0,0.0,0.05774,-0.0429,-0.81048,0.00118,-0.95944
146.27,ETH-27MAR20,1578826745238,open,0.0,1737.0,0.001,0.016,0.004482,118.68,0.005,0.0,ETH-27MAR20-480-C,143.65,112.53,0.003,300.0,0.006,300.0,123.69,0.0401,-0.03178,0.00648,0.00077,0.02607
149.17,ETH-26JUN20,1578826745238,open,0.03,1009.0,0.014,0.058,0.032706,88.7,0.036,0.0,ETH-26JUN20-80-P,143.65,83.32,0.027,300.0,0.038,500.0,93.42,0.16325,-0.04365,-0.08316,0.00182,-0.08997
144.31,SYN.ETH-31JAN20,1578826745238,open,0.79,0.0,0.75,0.864,0.803716,120.35,None,0.0,ETH-31JAN20-260-P,143.65,0.0,0.011,3.0,0.0,0.0,0.0,0.01722,-0.05489,-0.13297,0.00133,-0.97801
149.17,ETH-26JUN20,1578826745240,open,0.02,195.0,0.007,0.056,0.023974,109.08,0.026,0.0,ETH-26JUN20-520-C,143.65,106.3,0.021,300.0,0.027,420.0,111.72,0.16555,-0.05443,0.0459,0.0015,0.09168
149.17,ETH-26JUN20,1578826745243,open,0.19,1311.0,0.132,0.243,0.186227,83.83,0.216,0.0,ETH-26JUN20-140-P,143.65,82.53,0.183,241.0,0.201,421.0,89.78,0.3711,-0.09377,-0.36113,0.00438,-0.34649
8280.76,BTC-27MAR20,1578826745650,open,0.21,619.4,0.1785,0.2435,0.20867614,69.55,0.2105,0.0,BTC-27MAR20-7000-C,8118.7,47.36,0.179,10.0,0.2125,18.0,72.22,11.78553,-5.4736,9.28361,0.00012,0.75519
8280.83,BTC-27MAR20,1578826745651,open,3.12,0.0,3.0255,3.194,3.10656334,110.46,None,0.0,BTC-27MAR20-34000-P,8118.7,0.0,0.0,0.0,0.0,0.0,0.0,0.54621,-0.40289,-69.6734,0.0,-0.99496
8438.94,BTC-26JUN20,1578826745651,open,0.17,246.5,0.13,0.2235,0.1723293,74.15,0.1825,0.0,BTC-26JUN20-9000-C,8118.7,74.77,0.174,20.6,0.1815,17.6,77.59,22.5297,-5.03553,14.4157,9e-05,0.54822
8129.19,SYN.BTC-17JAN20,1578826745649,open,0.0,174.0,0.0005,0.0105,0.00024606,107.13,0.0005,0.0,BTC-17JAN20-6000-P,8118.7,0.0,0.0,0.0,0.0005,1.1,117.1,0.15869,-1.74333,-0.00673,2e-05,-0.00596
8438.94,BTC-26JUN20,1578826745652,open,0.22,234.1,0.1775,0.2685,0.2192052,74.11,0.2145,0.0,BTC-26JUN20-8000-C,8118.7,68.1,0.204,8.0,0.2285,14.0,77.8,21.29669,-4.75739,16.11289,9e-05,0.63935
8565.11,SYN.BTC-25SEP20,1578826745648,open,0.56,0.5,0.4895,0.6345,0.55512422,80.6,0.6,0.0,BTC-25SEP20-12000-P,8118.7,0.0,0.05,0.5,0.618,0.1,99.46,28.298,-4.4396,-67.44739,7e-05,-0.5638
8565.11,SYN.BTC-25SEP20,1578826745648,open,0.1,47.8,0.055,0.1555,0.09617374,84.26,0.093,0.0,BTC-25SEP20-16000-C,8118.7,82.99,0.0925,9.5,0.1,9.5,85.57,24.901,-4.08391,12.15606,6e-05,0.29784
8220.16,SYN.BTC-28FEB20,1578826745649,open,0.39,0.0,0.381,0.413,0.39549862,80.11,None,0.0,BTC-28FEB20-5000-C,8118.7,54.42,0.392,8.0,0.407,8.0,110.54,2.0253,-1.73059,6.06095,3e-05,0.96962
8438.94,BTC-26JUN20,1578826745652,open,1.41,0.1,1.338,1.482,1.40197977,90.31,1.85,0.0,BTC-26JUN20-20000-P,8118.7,0.0,0.0005,5.0,1.88,0.1,286.05,12.21889,-3.32642,-87.02202,4e-05,-0.86711
8565.11,SYN.BTC-25SEP20,1578826745648,open,0.97,1.0,0.893,1.0525,0.96421385,84.26,0.99,0.0,BTC-25SEP20-16000-P,8118.7,65.62,0.915,0.1,1.35,0.1,204.45,24.9007,-4.08378,-100.44719,6e-05,-0.70217
8438.94,BTC-26JUN20,1578826745653,open,0.03,27.1,0.0095,0.0615,0.02639645,92.66,0.03,0.0,BTC-26JUN20-22000-C,8118.7,91.15,0.0245,30.0,0.0285,30.0,94.28,10.7627,-3.00622,3.24233,4e-05,0.11094
8129.19,SYN.BTC-17JAN20,1578826745649,open,0.32,7.0,0.31,0.337,0.32345355,109.06,0.3285,0.0,BTC-17JAN20-5500-C,8118.7,0.0,0.3145,5.0,0.3325,5.0,246.44,0.02521,-0.28194,0.73382,0.0,0.99922
8144.35,SYN.BTC-24JAN20,1578826745649,open,0.06,21.1,0.047,0.0965,0.06702375,54.16,0.0575,0.0,BTC-24JAN20-7750-C,8118.7,0.0,0.0425,6.0,0.0835,6.0,79.82,5.0189,-11.4447,1.70696,0.00043,0.7112
8565.11,SYN.BTC-25SEP20,1578826745648,open,0.07,136.0,0.033,0.1215,0.06704105,87.96,0.0675,0.0,BTC-25SEP20-20000-C,8118.7,86.72,0.064,3.0,0.0705,14.8,89.35,21.14215,-3.6198,9.07618,5e-05,0.21761
8565.11,SYN.BTC-25SEP20,1578826745648,open,1.19,0.8,1.107,1.2705,1.17968276,85.67,1.135,0.0,BTC-25SEP20-18000-P,8118.7,49.23,1.11,0.1,1.37,0.1,146.09,22.84074,-3.80881,-116.30931,5e-05,-0.74985
8565.11,SYN.BTC-25SEP20,1578826745649,open,1.41,0.7,1.3265,1.4965,1.4020912,87.96,1.45,0.0,BTC-25SEP20-20000-P,8118.7,60.57,1.35,0.1,1.55,0.1,137.25,21.1415,-3.6196,-131.67798,5e-05,-0.7824
8129.19,SYN.BTC-17JAN20,1578826745649,open,0.23,7.1,0.2155,0.248,0.23140852,93.95,0.205,0.0,BTC-17JAN20-6250-C,8118.7,0.0,0.221,5.0,0.2425,5.0,192.58,0.17511,-1.68702,0.82739,2e-05,0.99334
8220.16,SYN.BTC-28FEB20,1578826745648,open,0.1,138.8,0.075,0.1355,0.10324915,63.39,0.101,0.0,BTC-28FEB20-8000-C,8118.7,61.78,0.101,9.0,0.105,15.0,64.65,11.4372,-7.73347,5.16132,0.00021,0.59215
8129.19,SYN.BTC-17JAN20,1578826745649,open,0.0,357.3,0.0005,0.0115,0.00198768,65.14,0.0025,0.0,BTC-17JAN20-7250-P,8118.7,61.31,0.0015,58.0,0.0025,14.5,68.66,1.11357,-7.43845,-0.06689,0.00019,-0.05961
8129.19,SYN.BTC-17JAN20,1578826745649,open,0.0,499.7,0.0005,0.0105,0.00049501,89.31,0.0005,0.0,BTC-17JAN20-6500-P,8118.7,0.0,0.0,0.0,0.001,50.9,99.35,0.32002,-2.93097,-0.01494,4e-05,-0.01326
8129.19,SYN.BTC-17JAN20,1578826745649,open,0.05,296.6,0.034,0.0805,0.05470187,54.82,0.06,0.0,BTC-17JAN20-7750-C,8118.7,49.64,0.053,0.1,0.0565,0.1,60.0,2.75295,-15.47565,0.79191,0.00057,0.78396
8144.35,SYN.BTC-24JAN20,1578826745649,open,0.23,0.0,0.2045,0.2605,0.23058209,68.46,None,0.0,BTC-24JAN20-10000-P,8118.7,0.0,0.0,0.0,0.0,0.0,0.0,1.62798,-4.6921,-3.11583,0.00011,-0.94527
8129.19,SYN.BTC-17JAN20,1578826745649,open,0.11,98.8,0.0905,0.131,0.11013594,65.11,0.1085,0.0,BTC-17JAN20-7250-C,8118.7,0.0,0.0955,4.0,0.1145,4.0,88.37,1.11241,-7.42734,0.90166,0.00019,0.94047
8129.19,SYN.BTC-17JAN20,1578826745649,open,0.17,97.8,0.153,0.1895,0.17044727,81.62,0.161,0.0,BTC-17JAN20-6750-C,8118.7,0.0,0.1585,4.0,0.183,4.0,157.94,0.48926,-4.09518,0.87715,7e-05,0.9782
8220.16,SYN.BTC-28FEB20,1578826745648,open,0.02,249.3,0.007,0.0415,0.01900666,71.74,0.0175,0.0,BTC-28FEB20-11000-C,8118.7,70.56,0.018,16.0,0.02,34.3,72.88,7.09614,-5.43031,1.46284,0.00011,0.15757
8220.16,SYN.BTC-28FEB20,1578826745648,open,0.36,0.0,0.322,0.399,0.35718118,71.74,None,0.0,BTC-28FEB20-11000-P,8118.7,0.0,0.0,0.0,0.0,0.0,0.0,7.09634,-5.43059,-12.66402,0.00011,-0.84242
8129.19,SYN.BTC-17JAN20,1578826745649,open,0.08,217.7,0.0605,0.104,0.08148354,60.2,0.083,0.0,BTC-17JAN20-7500-C,8118.7,0.0,0.064,4.0,0.086,4.0,77.35,1.84082,-11.36493,0.87089,0.00035,0.88348
8129.19,SYN.BTC-17JAN20,1578826745649,open,0.26,0.1,0.247,0.2785,0.26216187,106.96,0.26,0.0,BTC-17JAN20-6000-C,8118.7,0.0,0.252,5.0,0.2725,5.0,210.63,0.15716,-1.72381,0.79482,2e-05,0.99411
8220.16,SYN.BTC-28FEB20,1578826745649,open,0.2,0.0,0.165,0.241,0.19985346,67.77,None,0.0,BTC-28FEB20-9500-P,8118.7,18.05,0.156,0.1,0.0,0.0,0.0,10.5013,-7.59061,-9.31385,0.00018,-0.6824
8129.19,SYN.BTC-17JAN20,1578826745649,open,0.0,257.5,0.0005,0.0105,0.00079199,81.68,0.001,0.0,BTC-17JAN20-6750-P,8118.7,76.13,0.0005,31.0,0.001,15.1,84.88,0.49071,-4.11044,-0.02461,7e-05,-0.02187
8565.11,SYN.BTC-25SEP20,1578826745649,open,0.12,73.7,0.0755,0.1825,0.12110049,82.8,0.12,0.0,BTC-25SEP20-14000-C,8118.7,81.49,0.117,2.3,0.1255,9.2,84.2,26.86578,-4.32978,14.36345,6e-05,0.35939
8144.35,SYN.BTC-24JAN20,1578826745649,open,0.05,16.3,0.03,0.078,0.04793043,53.89,0.05,0.0,BTC-24JAN20-8000-C,8118.7,51.85,0.0465,18.0,0.0495,14.4,56.13,5.70432,-12.9426,1.44159,0.00049,0.59195
8129.19,SYN.BTC-17JAN20,1578826745649,open,0.2,6.4,0.1845,0.219,0.2009038,89.22,0.185,0.0,BTC-17JAN20-6500-C,8118.7,0.0,0.1895,5.0,0.2125,5.0,174.37,0.31848,-2.91382,0.85342,4e-05,0.98681
8144.35,SYN.BTC-24JAN20,1578826745649,open,0.0,150.5,0.0005,0.0125,0.00273257,68.43,0.0035,0.0,BTC-24JAN20-10000-C,8118.7,67.24,0.0025,16.0,0.003,50.0,69.74,1.62639,-4.68587,0.13762,0.00011,0.05467
8565.11,SYN.BTC-25SEP20,1578826745648,open,0.15,35.9,0.1055,0.2165,0.15409413,80.6,0.156,0.0,BTC-25SEP20-12000-C,8118.7,79.51,0.1505,8.9,0.158,8.9,81.78,28.29804,-4.43966,17.00494,7e-05,0.4362
8129.19,SYN.BTC-17JAN20,1578826745649,open,0.0,104.4,0.0005,0.0105,3.073e-05,110.0,0.0005,0.0,BTC-17JAN20-5500-P,8118.7,0.0,0.0,0.0,0.0005,1.6,146.6,0.02737,-0.24983,-0.00096,0.0,-0.00085
8129.19,SYN.BTC-17JAN20,1578826745649,open,0.0,187.8,0.0005,0.0105,0.00024622,94.11,0.0005,0.0,BTC-17JAN20-6250-P,8118.7,0.0,0.0,0.0,0.0005,31.6,103.07,0.17686,-1.70686,-0.00758,2e-05,-0.00673
8565.11,SYN.BTC-25SEP20,1578826745648,open,0.76,1.0,0.6865,0.8405,0.75563559,82.8,0.7215,0.0,BTC-25SEP20-14000-P,8118.7,69.33,0.715,0.1,1.05,0.1,172.85,26.86563,-4.32969,-84.16434,6e-05,-0.64062
8129.19,SYN.BTC-17JAN20,1578826745649,open,0.14,121.7,0.1215,0.161,0.14038678,76.01,0.1545,0.0,BTC-17JAN20-7000-C,8118.7,0.0,0.1385,1.0,0.145,4.0,105.95,0.81588,-6.35946,0.88961,0.00012,0.95962
8129.19,SYN.BTC-17JAN20,1578826745649,open,0.0,643.1,0.0005,0.017,0.00408878,60.22,0.0035,0.0,BTC-17JAN20-7500-P,8118.7,57.54,0.0035,30.5,0.0045,15.5,62.0,1.84157,-11.37303,-0.13105,0.00035,-0.11659
8129.19,SYN.BTC-17JAN20,1578826745648,open,0.06,66.5,0.033,0.0835,0.05574119,57.33,0.062,0.0,BTC-17JAN20-8500-P,8118.7,0.0,0.02,2.0,0.092,0.1,141.67,3.05413,-17.95701,-0.86292,0.0006,-0.73891
8220.16,SYN.BTC-28FEB20,1578826745648,open,0.08,134.8,0.05,0.11,0.07646698,63.39,0.0755,0.0,BTC-28FEB20-8000-P,8118.7,62.34,0.075,23.4,0.079,15.0,65.21,11.4372,-7.73356,-5.11282,0.00021,-0.40785
8129.19,SYN.BTC-17JAN20,1578826745649,open,0.29,7.1,0.2785,0.308,0.29277406,109.66,0.28,0.0,BTC-17JAN20-5750-C,8118.7,0.0,0.283,5.0,0.3025,5.0,228.57,0.07534,-0.84721,0.76516,1e-05,0.99741
8129.19,SYN.BTC-17JAN20,1578826745649,open,0.01,314.5,0.0005,0.021,0.00589431,62.05,0.0065,0.0,BTC-17JAN20-8750-C,8118.7,60.64,0.0055,0.5,0.0065,39.0,64.16,2.29554,-14.60742,0.16845,0.00042,0.16102
8129.19,SYN.BTC-17JAN20,1578826745648,open,0.09,3.2,0.058,0.1095,0.08226709,62.07,0.077,0.0,BTC-17JAN20-8750-P,8118.7,0.0,0.002,0.1,0.0,0.0,0.0,2.29621,-14.61574,-1.00031,0.00042,-0.83891
8565.11,SYN.BTC-25SEP20,1578826745648,open,0.08,20.6,0.041,0.1345,0.07813763,85.67,0.0785,0.0,BTC-25SEP20-18000-C,8118.7,84.68,0.0755,9.7,0.081,0.1,86.74,22.84122,-3.80898,10.3694,5e-05,0.25016
8565.11,SYN.BTC-25SEP20,1578826745649,open,0.03,0.0,0.0105,0.071,0.03000845,95.21,None,0.0,BTC-25SEP20-32000-C,8118.7,91.77,0.025,7.2,0.035,0.2,98.34,13.10918,-2.42933,4.54962,3e-05,0.10549
8129.19,SYN.BTC-17JAN20,1578826745649,open,0.0,374.6,0.0005,0.011,0.00148501,76.05,0.002,0.0,BTC-17JAN20-7000-P,8118.7,70.67,0.001,25.3,0.002,59.0,80.75,0.81708,-6.37207,-0.04554,0.00012,-0.04045
8144.35,SYN.BTC-24JAN20,1578826745649,open,0.05,33.1,0.0275,0.078,0.04584801,53.9,0.046,0.0,BTC-24JAN20-8250-P,8118.7,51.32,0.044,7.0,0.0475,18.5,56.2,5.84008,-13.25215,-1.53508,0.0005,-0.53346
8220.16,SYN.BTC-28FEB20,1578826745648,open,0.01,121.7,0.0015,0.026,0.01100575,70.6,0.0105,0.0,BTC-28FEB20-6000-P,8118.7,68.77,0.01,42.0,0.012,39.0,72.35,4.59274,-3.45874,-1.01581,7e-05,-0.08522
8129.19,SYN.BTC-17JAN20,1578826745649,open,0.0,180.7,0.0005,0.0105,0.00010475,110.0,0.001,0.0,BTC-17JAN20-5750-P,8118.7,0.0,0.0,0.0,0.0005,2.6,131.59,0.0771,-0.8515,-0.003,1e-05,-0.00266
143.82,SYN.ETH-17JAN20,1578826746015,open,0.18,0.0,0.148,0.223,0.183912,84.52,None,0.0,ETH-17JAN20-170-P,143.65,0.0,0.0,0.0,0.0,0.0,0.0,0.01663,-0.14414,-0.02182,0.00712,-0.95186
144.07,SYN.ETH-24JAN20,1578826746015,open,0.0,26.0,0.001,0.011,0.000515,88.75,0.001,0.0,ETH-24JAN20-100-P,143.65,0.0,0.0,0.0,0.001,50.0,97.36,0.00639,-0.02388,-0.00045,0.00107,-0.00912
143.82,SYN.ETH-17JAN20,1578826746017,open,0.0,644.0,0.001,0.011,0.000465,86.12,0.001,0.0,ETH-17JAN20-180-C,143.65,0.0,0.0,0.0,0.001,97.0,96.13,0.00584,-0.05154,0.00025,0.00245,0.01374
143.82,SYN.ETH-17JAN20,1578826746017,open,0.24,0.0,0.216,0.292,0.252024,86.12,None,0.0,ETH-17JAN20-180-P,143.65,0.0,0.0,0.0,0.0,0.0,0.0,0.00584,-0.05154,-0.02379,0.00245,-0.98626
144.31,SYN.ETH-31JAN20,1578826746162,open,0.13,138.0,0.089,0.154,0.120595,67.42,0.122,0.0,ETH-31JAN20-130-C,143.65,63.56,0.118,60.0,0.125,60.0,73.77,0.09825,-0.17547,0.04889,0.01353,0.77571
144.31,SYN.ETH-31JAN20,1578826746162,open,0.08,432.0,0.051,0.124,0.082172,65.38,0.086,0.0,ETH-31JAN20-150-P,143.65,59.57,0.077,180.0,0.085,240.0,68.55,0.12868,-0.22287,-0.04894,0.01827,-0.57367
144.31,SYN.ETH-31JAN20,1578826746164,open,0.01,576.0,0.003,0.033,0.013574,69.98,0.018,0.0,ETH-31JAN20-170-C,143.65,67.2,0.012,537.0,0.015,1.0,72.41,0.08338,-0.15457,0.01175,0.01106,0.17108
144.31,SYN.ETH-31JAN20,1578826746164,open,0.05,715.0,0.021,0.076,0.042747,65.38,0.048,0.0,ETH-31JAN20-150-C,143.65,62.3,0.04,447.0,0.047,687.0,70.14,0.12868,-0.22287,0.02863,0.01827,0.42633
144.31,SYN.ETH-31JAN20,1578826746164,open,0.02,325.0,0.007,0.047,0.02143,67.42,0.022,0.0,ETH-31JAN20-130-P,143.65,63.81,0.019,525.0,0.024,785.0,71.15,0.09825,-0.17547,-0.01834,0.01353,-0.22429
144.31,SYN.ETH-31JAN20,1578826746164,open,0.38,0.0,0.358,0.397,0.377367,97.28,None,0.0,ETH-31JAN20-90-C,143.65,0.0,0.376,1.0,0.386,38.0,148.26,0.01054,-0.02715,0.04554,0.00101,0.98761
145.29,SYN.ETH-28FEB20,1578826746176,open,0.03,127.0,0.015,0.061,0.03474,75.69,0.034,0.0,ETH-28FEB20-120-P,143.65,73.95,0.033,192.0,0.036,288.0,76.94,0.14589,-0.11778,-0.04385,0.00711,-0.20027
145.29,SYN.ETH-28FEB20,1578826746179,open,0.33,21.0,0.297,0.352,0.324368,83.76,0.267,0.0,ETH-28FEB20-100-C,143.65,51.91,0.313,39.0,0.34,39.0,108.05,0.07855,-0.07018,0.11085,0.00346,0.91843
145.29,SYN.ETH-28FEB20,1578826746179,open,0.16,0.0,0.124,0.216,0.168955,74.22,None,0.0,ETH-28FEB20-160-P,143.65,71.37,0.165,144.0,0.175,144.0,78.55,0.20231,-0.16017,-0.14176,0.01005,-0.5908
145.29,SYN.ETH-28FEB20,1578826746179,open,0.12,120.0,0.083,0.167,0.123626,73.62,0.126,0.0,ETH-28FEB20-150-P,143.65,70.38,0.119,144.0,0.129,144.0,77.38,0.20771,-0.1631,-0.11555,0.01041,-0.49562
145.29,SYN.ETH-28FEB20,1578826746179,open,0.05,480.0,0.028,0.088,0.055443,73.62,0.07,0.0,ETH-28FEB20-130-P,143.65,71.62,0.053,192.0,0.056,1.0,74.07,0.17823,-0.13995,-0.06445,0.00893,-0.28999
145.29,SYN.ETH-28FEB20,1578826746179,open,0.08,14.0,0.051,0.124,0.085837,73.62,0.12,0.0,ETH-28FEB20-140-P,143.65,70.83,0.082,192.0,0.088,254.0,75.19,0.20015,-0.15716,-0.08928,0.01003,-0.39262
145.29,SYN.ETH-28FEB20,1578826746182,open,0.09,316.0,0.056,0.127,0.09121,73.62,0.1,0.0,ETH-28FEB20-150-C,143.65,71.37,0.088,144.0,0.095,481.0,76.27,0.20771,-0.1631,0.07709,0.01041,0.50438
145.29,SYN.ETH-28FEB20,1578826746182,open,0.03,205.0,0.011,0.056,0.029621,79.03,0.028,0.0,ETH-28FEB20-190-C,143.65,76.46,0.027,486.0,0.032,474.0,81.31,0.15015,-0.12658,0.0337,0.00701,0.21023
151.39,SYN.ETH-25SEP20,1578826746433,open,0.18,8.0,0.121,0.247,0.183283,92.49,0.155,0.0,ETH-25SEP20-220-C,143.65,90.3,0.176,278.0,0.191,388.0,94.8,0.50445,-0.09081,0.29765,0.00338,0.46265
151.39,SYN.ETH-25SEP20,1578826746433,open,0.63,0.0,0.547,0.729,0.636374,92.46,None,0.0,ETH-25SEP20-220-P,143.65,0.0,0.0,0.0,0.662,1.0,100.13,0.50444,-0.09078,-1.25066,0.00338,-0.53746
