underlying_price,underlying_index,timestamp,state,settlement_price,open_interest,min_price,max_price,mark_price,mark_iv,last_price,interest_rate,instrument_name,index_price,bid_iv,best_bid_price,best_bid_amount,best_ask_price,best_ask_amount,ask_iv,vega,theta,rho,gamma,delta
9893.43,SYN.BTC-21FEB20,1581159539985,open,0.0,58.7,0.0005,0.0155,0.00326143,56.07,0.004,0.0,BTC-21FEB20-8500-P,9821.04,54.98,0.003,0.5,0.0035,30.1,57.03,2.42788,-5.28644,-0.2472,0.00013,-0.06757
9893.43,SYN.BTC-21FEB20,1581159539985,open,0.11,0.0,0.1015,0.146,0.12037319,52.71,None,0.0,BTC-21FEB20-8750-C,9821.04,48.18,0.119,6.0,0.129,6.0,73.83,3.22527,-6.60149,2.72612,0.00018,0.9015
9893.43,SYN.BTC-21FEB20,1581159539985,open,0.01,108.3,0.0005,0.0215,0.00478232,52.66,0.0055,0.0,BTC-21FEB20-8750-P,9821.04,51.78,0.0045,20.4,0.005,0.2,53.32,3.22061,-6.58576,-0.35978,0.00018,-0.09831
9893.43,SYN.BTC-21FEB20,1581159539987,open,0.14,0.0,0.125,0.1665,0.14412114,56.13,None,0.0,BTC-21FEB20-8500-C,9821.04,48.4,0.1425,6.0,0.1525,6.0,80.72,2.4336,-5.30494,2.75047,0.00013,0.93222
9893.43,SYN.BTC-21FEB20,1581159539987,open,0.18,0.0,0.1425,0.2,0.16907218,64.44,None,0.0,BTC-21FEB20-11500-P,9821.04,0.0,0.1345,4.0,0.2,4.0,121.68,3.68289,-9.21567,-3.6667,0.00017,-0.88156
9893.43,SYN.BTC-21FEB20,1581159539987,open,0.0,97.2,0.0005,0.017,0.00446538,69.69,0.0055,0.0,BTC-21FEB20-12000-C,9821.04,67.96,0.004,17.0,0.005,30.0,71.56,2.74554,-7.42965,0.26136,0.00011,0.07935
9893.43,SYN.BTC-21FEB20,1581159539987,open,0.2,0.0,0.1665,0.2235,0.1928368,66.3,None,0.0,BTC-21FEB20-11750-P,9821.04,0.0,0.1585,4.0,0.2235,4.0,127.24,3.10679,-7.99897,-3.83628,0.00014,-0.90639
9893.43,SYN.BTC-21FEB20,1581159539989,open,0.13,0.1,0.0965,0.1535,0.12326489,60.71,0.131,0.0,BTC-21FEB20-11000-P,9821.04,32.93,0.113,5.0,0.126,5.0,65.87,5.06467,-11.93963,-3.25232,0.00024,-0.80863
9893.43,SYN.BTC-21FEB20,1581159539989,open,0.0,63.2,0.0005,0.018,0.00520168,66.37,0.005,0.0,BTC-21FEB20-11750-C,9821.04,64.06,0.0045,66.0,0.006,30.0,68.82,3.11293,-8.02311,0.30943,0.00014,0.09386
9893.43,SYN.BTC-21FEB20,1581159539989,open,0.01,133.0,0.0045,0.0355,0.01517495,59.03,0.012,0.0,BTC-21FEB20-10750-C,9821.04,57.02,0.014,57.0,0.0165,44.0,61.26,5.82869,-13.36183,0.79863,0.00029,0.24401
9893.43,SYN.BTC-21FEB20,1581159539989,open,0.23,0.0,0.1905,0.2485,0.21736933,69.61,None,0.0,BTC-21FEB20-12000-P,9821.04,0.0,0.183,4.0,0.247,4.0,132.25,2.73871,-7.40268,-3.97258,0.00011,-0.92091
9893.43,SYN.BTC-21FEB20,1581159539989,open,0.07,3.4,0.041,0.0955,0.06315935,56.07,0.0645,0.0,BTC-21FEB20-10250-P,9821.04,49.55,0.0585,3.0,0.0625,3.0,55.15,7.12087,-15.50381,-2.35503,0.00037,-0.61163
9893.43,SYN.BTC-21FEB20,1581159539989,open,0.02,25.1,0.0075,0.044,0.02041122,57.68,0.019,0.0,BTC-21FEB20-10500-C,9821.04,55.54,0.019,46.0,0.022,44.0,60.06,6.55799,-14.6895,1.01161,0.00033,0.31027
9893.43,SYN.BTC-21FEB20,1581159539991,open,0.01,46.4,0.0005,0.021,0.00670589,64.49,0.007,0.0,BTC-21FEB20-11500-C,9821.04,62.56,0.006,65.0,0.0075,30.0,66.57,3.68791,-9.23636,0.39074,0.00017,0.11867
9893.43,SYN.BTC-21FEB20,1581159539993,open,0.01,143.0,0.0015,0.029,0.01143627,60.75,0.0115,0.0,BTC-21FEB20-11000-C,9821.04,58.89,0.0105,58.0,0.0125,24.0,62.79,5.06752,-11.95412,0.62857,0.00024,0.19154
9893.43,SYN.BTC-21FEB20,1581159539993,open,0.07,0.0,0.06,0.109,0.07838999,51.31,None,0.0,BTC-21FEB20-9250-C,9821.04,49.73,0.0775,18.1,0.0855,18.1,63.28,5.61237,-11.18236,2.42129,0.00032,0.77217
9893.43,SYN.BTC-21FEB20,1581159539993,open,0.11,0.0,0.076,0.1325,0.10173474,59.0,None,0.0,BTC-21FEB20-10750-P,9821.04,41.4,0.0925,5.0,0.104,5.0,62.78,5.82684,-13.34997,-2.99396,0.00029,-0.75613
9893.43,SYN.BTC-21FEB20,1581159539993,open,0.01,36.4,0.0005,0.0245,0.0086993,62.56,0.007,0.0,BTC-21FEB20-11250-C,9821.04,60.94,0.008,59.0,0.0095,24.2,64.36,4.33998,-10.54423,0.4945,0.0002,0.15039
9893.43,SYN.BTC-21FEB20,1581159539995,open,0.15,0.0,0.119,0.1765,0.14579675,62.52,None,0.0,BTC-21FEB20-11250-P,9821.04,0.0,0.111,5.0,0.177,5.0,116.25,4.33606,-10.52674,-3.47468,0.0002,-0.84981
9854.07,SYN.BTC-14FEB20,1581159540017,open,0.0,255.6,0.0005,0.0105,0.00090787,77.45,0.001,0.0,BTC-14FEB20-12000-C,9821.04,70.93,0.0005,79.2,0.0015,31.8,84.17,0.73674,-4.85582,0.03861,6e-05,0.02525
9854.07,SYN.BTC-14FEB20,1581159540017,open,0.23,0.0,0.194,0.247,0.21866801,77.32,None,0.0,BTC-14FEB20-12000-P,9821.04,0.0,0.0,0.0,0.0,0.0,0.0,0.73152,-4.81287,-1.89345,6e-05,-0.97497
9854.07,SYN.BTC-14FEB20,1581159540019,open,0.26,0.1,0.2495,0.2785,0.26427091,71.47,0.274,0.0,BTC-14FEB20-7250-C,9821.04,0.0,0.2495,6.0,0.2815,6.0,223.76,0.01392,-0.08463,1.1666,0.0,0.9997
9854.07,SYN.BTC-14FEB20,1581159540019,open,0.0,191.4,0.0005,0.0105,9.9e-07,63.02,0.0005,0.0,BTC-14FEB20-7250-P,9821.04,0.0,0.0,0.0,0.001,20.1,118.91,0.00271,-0.00977,-9e-05,0.0,-5e-05
9825.96,SYN.BTC-9FEB20,1581159540019,open,0.09,0.0,0.0605,0.1035,0.08133918,56.54,None,0.0,BTC-9FEB20-10625-P,9821.04,0.0,0.057,4.0,0.1055,4.0,273.97,0.03713,-1.04974,-0.25433,3e-05,-0.99752
9825.96,SYN.BTC-9FEB20,1581159540019,open,0.0,51.2,0.0005,0.0105,2.167e-05,56.9,0.0005,0.0,BTC-9FEB20-10625-C,9821.04,0.0,0.0,0.0,0.0005,30.5,84.8,0.03903,-0.21291,0.00061,3e-05,0.00262
9831.59,SYN.BTC-10FEB20,1581159540021,open,0.0,0.06,0.1055,0.0813283,59.94,None,0.0,BTC-10FEB20-10625-P,9821.04,0.0,0.0,0.0,0.0,0.0,0.0,0.57193,-9.13859,-0.52755,0.00019,-0.96284
9831.59,SYN.BTC-10FEB20,1581159540021,open,0.0,0.0005,0.0105,0.00063069,59.99,None,0.0,BTC-10FEB20-10625-C,9821.04,0.0,0.0,0.0,0.002,5.0,76.31,0.57349,-6.20064,0.01852,0.00019,0.03728
9893.43,SYN.BTC-21FEB20,1581159540050,open,0.25,0.0,0.215,0.273,0.241724,71.44,None,0.0,BTC-21FEB20-12250-P,9821.04,0.0,0.0,0.0,0.0,0.0,0.0,2.31689,-6.42798,-4.1116,9e-05,-0.93639
9893.43,SYN.BTC-21FEB20,1581159540050,open,0.0,35.5,0.0005,0.0145,0.00355122,71.54,0.004,0.0,BTC-21FEB20-12250-C,9821.04,69.09,0.003,67.0,0.004,30.0,73.39,2.32479,-6.45858,0.21059,9e-05,0.06389
232.05,ETH-27MAR20,1581159540090,open,0.0,278.0,0.001,0.012,0.002416,104.96,0.004,0.0,ETH-27MAR20-110-P,225.6,92.15,0.001,96.0,0.005,300.0,119.32,0.03297,-0.03614,-0.00549,0.00044,-0.01563
232.05,ETH-27MAR20,1581159540096,open,0.0,278.0,0.001,0.012,0.002416,104.96,0.004,0.0,ETH-27MAR20-110-P,225.6,92.15,0.001,416.0,0.005,300.0,119.32,0.03297,-0.03614,-0.00549,0.00044,-0.01563
9825.96,SYN.BTC-9FEB20,1581159540095,open,0.03,0.0,0.014,0.054,0.03400144,48.62,None,0.0,BTC-9FEB20-9500-C,9821.04,0.0,0.018,5.0,0.042,5.0,111.68,0.69217,-16.8271,0.20967,0.00061,0.92342
9825.96,SYN.BTC-9FEB20,1581159540095,open,0.0,65.1,0.0005,0.0105,0.0002533,50.04,0.0005,0.0,BTC-9FEB20-9375-P,9821.04,0.0,0.0,0.0,0.0005,0.1,56.56,0.29871,-2.48896,-0.00639,0.00026,-0.02686
9825.96,SYN.BTC-9FEB20,1581159540095,open,0.0,80.3,0.0005,0.0105,5.564e-05,50.31,0.0005,0.0,BTC-9FEB20-9250-P,9821.04,0.0,0.0,0.0,0.0005,30.2,69.43,0.09231,-0.54671,-0.00163,8e-05,-0.00687
9825.96,SYN.BTC-9FEB20,1581159540095,open,0.0,29.0,0.0005,0.0105,9.08e-06,50.37,0.0005,0.0,BTC-9FEB20-9125-P,9821.04,0.0,0.0,0.0,0.0005,31.2,82.12,0.02055,-0.08926,-0.00031,2e-05,-0.0013
9825.96,SYN.BTC-9FEB20,1581159540095,open,0.08,0.0,0.0655,0.102,0.08406157,52.95,None,0.0,BTC-9FEB20-9000-C,9821.04,0.0,0.0645,5.0,0.1045,5.0,278.29,0.00596,-0.15781,0.21584,0.0,0.99966
9825.96,SYN.BTC-9FEB20,1581159540095,open,0.05,0.0,0.0395,0.0775,0.05867334,50.43,None,0.0,BTC-9FEB20-9250-C,9821.04,0.0,0.044,5.0,0.067,5.0,151.09,0.09372,-2.36321,0.22026,8e-05,0.99301
9825.96,SYN.BTC-9FEB20,1581159540095,open,0.0,0.0,0.0005,0.0105,1.1e-06,50.41,None,0.0,BTC-9FEB20-9000-P,9821.04,0.0,0.0,0.0,0.0005,0.1,94.71,0.0033,-0.01084,-4e-05,0.0,-0.00018
9825.96,SYN.BTC-9FEB20,1581159540095,open,0.07,0.0,0.0525,0.0895,0.07134816,50.91,None,0.0,BTC-9FEB20-9125-C,9821.04,0.0,0.0515,5.0,0.0925,5.0,259.01,0.02261,-0.57538,0.21858,2e-05,0.99856
9825.96,SYN.BTC-9FEB20,1581159540097,open,0.0,52.3,0.0005,0.011,0.00082651,48.6,0.0005,0.0,BTC-9FEB20-9500-P,9821.04,0.0,0.0,0.0,0.0015,47.3,56.85,0.69166,-8.12126,-0.01823,0.00061,-0.0765
9825.96,SYN.BTC-9FEB20,1581159540097,open,0.04,0.0,0.0265,0.0655,0.04614962,50.08,None,0.0,BTC-9FEB20-9375-C,9821.04,0.0,0.0315,5.0,0.0545,5.0,131.89,0.29959,-7.50174,0.21851,0.00026,0.97304
9825.96,SYN.BTC-9FEB20,1581159540097,open,0.02,0.0,0.0035,0.0425,0.02242501,44.42,None,0.0,BTC-9FEB20-9625-C,9821.04,40.83,0.022,6.0,0.0245,6.0,59.43,1.21046,-26.88613,0.19076,0.00118,0.83162
9825.96,SYN.BTC-9FEB20,1581159540097,open,0.01,115.0,0.0005,0.023,0.00529822,44.27,0.005,0.0,BTC-9FEB20-9750-P,9821.04,34.24,0.0035,20.0,0.0055,25.5,45.38,1.79387,-39.71001,-0.08521,0.00175,-0.35616
9825.96,SYN.BTC-9FEB20,1581159540099,open,0.0,90.2,0.0005,0.024,0.00640527,44.27,0.0055,0.0,BTC-9FEB20-9875-C,9821.04,39.51,0.0055,20.1,0.0075,19.2,50.0,1.87469,-41.50067,0.09595,0.00183,0.41344
9825.96,SYN.BTC-9FEB20,1581159540099,open,0.0,61.3,0.0005,0.0105,0.00071212,55.4,0.0005,0.0,BTC-9FEB20-10250-C,9821.04,51.48,0.0005,16.1,0.001,0.1,59.82,0.58341,-6.99729,0.0143,0.00045,0.06135
9825.96,SYN.BTC-9FEB20,1581159540099,open,0.03,0.0,0.0025,0.0425,0.0207036,47.08,None,0.0,BTC-9FEB20-10000-P,9821.04,22.95,0.018,6.0,0.0205,26.0,45.69,1.44951,-34.12019,-0.18719,0.00133,-0.77333
9825.96,SYN.BTC-9FEB20,1581159540099,open,0.06,0.0,0.0355,0.0785,0.05611616,55.61,None,0.0,BTC-9FEB20-10375-P,9821.04,0.0,0.032,4.0,0.081,4.0,239.03,0.26904,-7.48026,-0.24338,0.00021,-0.97629
9825.96,SYN.BTC-9FEB20,1581159540099,open,0.01,21.6,0.0005,0.0325,0.01303039,44.28,0.013,0.0,BTC-9FEB20-9750-C,9821.04,38.58,0.012,1.5,0.0145,19.5,52.25,1.79391,-39.71701,0.1487,0.00175,0.64382
9825.96,SYN.BTC-9FEB20,1581159540101,open,0.08,0.0,0.048,0.091,0.06867096,56.05,None,0.0,BTC-9FEB20-10500-P,9821.04,0.0,0.0445,4.0,0.093,4.0,255.62,0.10707,-3.00101,-0.25001,8e-05,-0.99186
9825.96,SYN.BTC-9FEB20,1581159540101,open,0.05,0.0,0.023,0.0665,0.04386549,55.37,None,0.0,BTC-9FEB20-10250-P,9821.04,0.0,0.019,5.0,0.069,5.0,221.08,0.58283,-16.13676,-0.23164,0.00045,-0.93872
9825.96,SYN.BTC-9FEB20,1581159540101,open,0.0,71.1,0.0005,0.0105,0.00024142,55.66,0.0005,0.0,BTC-9FEB20-10375-C,9821.04,0.0,0.0,0.0,0.001,30.0,72.57,0.26999,-2.37216,0.00556,0.00021,0.02381
9825.96,SYN.BTC-9FEB20,1581159540101,open,0.0,46.7,0.0005,0.0105,7.483e-05,56.18,0.0005,0.0,BTC-9FEB20-10500-C,9821.04,0.0,0.0,0.0,0.001,48.0,84.73,0.10847,-0.73525,0.00193,8e-05,0.00826
9933.06,SYN.BTC-28FEB20,1581159540239,open,0.04,344.6,0.0145,0.055,0.03105036,54.77,0.031,0.0,BTC-28FEB20-9500-P,9821.04,51.79,0.0285,44.0,0.032,44.0,55.89,8.49232,-11.70105,-2.00651,0.00029,-0.33992
10315.22,BTC-26JUN20,1581159540251,open,0.02,497.2,0.005,0.041,0.01597487,83.24,0.015,0.0,BTC-26JUN20-24000-C,9821.04,82.18,0.015,28.0,0.017,36.0,84.31,9.68923,-2.90383,2.61431,3e-05,0.08259
226.46,SYN.ETH-14FEB20,1581159540279,open,0.02,548.0,0.002,0.038,0.014348,83.72,0.016,0.0,ETH-14FEB20-210-P,225.6,77.39,0.012,535.0,0.016,240.0,88.04,0.08564,-0.6101,-0.00864,0.01239,-0.22256
232.05,ETH-27MAR20,1581159540286,open,0.04,1674.0,0.014,0.06,0.033288,87.58,0.032,0.0,ETH-27MAR20-180-P,225.59,83.93,0.03,487.0,0.036,293.0,90.53,0.21161,-0.19356,-0.06148,0.00342,-0.16869
239.65,ETH-26JUN20,1581159540286,open,0.09,2477.0,0.051,0.144,0.094813,92.2,0.091,0.0,ETH-26JUN20-360-C,225.59,90.05,0.09,423.0,0.1,283.0,94.51,0.5374,-0.1784,0.21737,0.00267,0.3332
232.05,ETH-27MAR20,1581159540286,open,0.69,0.0,0.689,0.708,0.698445,112.62,None,0.0,ETH-27MAR20-70-C,225.59,0.0,0.694,59.0,0.705,59.0,194.09,0.00241,-0.00283,0.09153,3e-05,0.99916
239.65,ETH-26JUN20,1581159540286,open,0.78,0.0,0.668,0.832,0.7467,94.98,None,0.0,ETH-26JUN20-400-P,225.59,0.0,0.01,50.0,0.0,0.0,0.0,0.498,-0.17029,-1.33696,0.0024,-0.71955
239.65,ETH-26JUN20,1581159540286,open,0.0,1994.0,0.001,0.011,0.001834,105.22,0.004,0.0,ETH-26JUN20-60-P,225.59,96.84,0.001,257.0,0.003,301.0,113.46,0.02874,-0.01089,-0.00804,0.00012,-0.00698
232.04,ETH-27MAR20,1581159540286,open,0.11,1498.0,0.058,0.138,0.096476,86.09,0.095,0.0,ETH-27MAR20-220-P,225.59,81.37,0.09,450.0,0.098,258.0,87.21,0.31783,-0.28578,-0.14256,0.00523,-0.37192
232.04,ETH-27MAR20,1581159540286,open,1.66,0.0,1.512,1.671,1.58778,111.62,None,0.0,ETH-27MAR20-600-P,225.59,0.0,0.03,50.0,0.0,0.0,0.0,0.03338,-0.03892,-0.78279,0.00042,-0.98414
239.64,ETH-26JUN20,1581159540286,open,1.59,0.0,1.441,1.63,1.529602,97.86,None,0.0,ETH-26JUN20-600-P,225.59,0.0,0.01,50.0,0.0,0.0,0.0,0.28065,-0.09888,-2.20479,0.00131,-0.8885
232.04,ETH-27MAR20,1581159540286,open,0.0,1276.0,0.001,0.011,0.000847,112.45,0.001,0.0,ETH-27MAR20-90-P,225.59,0.0,0.0,0.0,0.002,400.0,126.71,0.01369,-0.01608,-0.002,0.00017,-0.00572
232.04,ETH-27MAR20,1581159540286,open,0.0,5324.0,0.001,0.011,0.001791,116.08,0.001,0.0,ETH-27MAR20-640-C,225.59,108.55,0.001,220.0,0.003,300.0,123.93,0.02961,-0.03589,0.00365,0.00036,0.01379
239.64,ETH-26JUN20,1581159540286,open,0.74,3.0,0.742,0.761,0.7515,105.56,0.588,0.0,ETH-26JUN20-60-C,225.59,0.0,0.749,66.0,0.757,65.0,133.43,0.02915,-0.01108,0.22011,0.00013,0.9929
232.04,ETH-27MAR20,1581159540286,open,0.01,672.0,0.001,0.017,0.006475,100.82,0.006,0.0,ETH-27MAR20-130-P,225.59,95.6,0.005,620.0,0.008,300.0,105.59,0.07009,-0.0738,-0.01367,0.00098,-0.03843
239.64,ETH-26JUN20,1581159540287,open,0.04,227.0,0.013,0.074,0.037842,95.99,0.024,0.0,ETH-26JUN20-520-C,225.59,94.03,0.035,418.0,0.041,120.0,98.1,0.35326,-0.12209,0.10745,0.00168,0.15569
239.64,ETH-26JUN20,1581159540287,open,0.07,3948.0,0.038,0.125,0.077669,95.02,0.074,0.0,ETH-26JUN20-400-C,225.59,92.26,0.072,120.0,0.084,288.0,98.03,0.49809,-0.17039,0.18501,0.0024,0.28058
239.64,ETH-26JUN20,1581159540287,open,0.0,1690.0,0.001,0.014,0.004592,97.83,0.004,0.0,ETH-26JUN20-80-P,225.59,90.93,0.003,395.0,0.005,100.0,99.36,0.06235,-0.02196,-0.0197,0.00029,-0.01701
239.64,ETH-26JUN20,1581159540287,open,0.02,1143.0,0.008,0.041,0.021494,92.5,0.04,0.0,ETH-26JUN20-120-P,225.59,89.31,0.019,500.0,0.024,200.0,95.56,0.19218,-0.064,-0.08081,0.00095,-0.06714
239.64,ETH-26JUN20,1581159540287,open,0.63,1.0,0.521,0.677,0.596941,92.15,1.827,0.0,ETH-26JUN20-360-P,225.59,0.0,0.015,2.0,0.0,0.0,0.0,0.53723,-0.17825,-1.15247,0.00267,-0.66703
239.64,ETH-26JUN20,1581159540287,open,0.04,717.0,0.018,0.067,0.039198,92.23,0.042,0.0,ETH-26JUN20-140-P,225.59,88.53,0.035,200.0,0.044,298.0,96.31,0.27702,-0.09198,-0.13557,0.00137,-0.10949
232.04,ETH-27MAR20,1581159540287,open,0.05,5361.0,0.03,0.098,0.061929,89.72,0.05,0.0,ETH-27MAR20-280-C,225.59,88.26,0.06,20.0,0.064,279.0,91.28,0.3075,-0.28813,0.08427,0.00485,0.3388
232.04,ETH-27MAR20,1581159540287,open,1.48,0.0,1.344,1.496,1.416515,111.31,None,0.0,ETH-27MAR20-560-P,225.59,0.0,0.02,50.0,0.0,0.0,0.0,0.04685,-0.05446,-0.72829,0.0006,-0.97637
239.64,ETH-26JUN20,1581159540287,open,0.04,801.0,0.018,0.086,0.046832,95.15,0.043,0.0,ETH-26JUN20-480-C,225.59,93.42,0.044,416.0,0.05,120.0,97.04,0.39685,-0.13595,0.12755,0.00191,0.18672
232.04,ETH-27MAR20,1581159540287,open,0.02,2414.0,0.006,0.044,0.019769,94.32,0.02,0.0,ETH-27MAR20-360-C,225.59,91.99,0.018,260.0,0.022,562.0,97.13,0.18008,-0.1774,0.0343,0.0027,0.13245
232.04,ETH-27MAR20,1581159540287,open,0.01,1421.0,0.001,0.014,0.004403,104.4,0.004,0.0,ETH-27MAR20-120-P,225.59,97.4,0.003,714.0,0.006,300.0,110.94,0.05175,-0.05642,-0.00944,0.0007,-0.02661
239.64,ETH-26JUN20,1581159540287,open,0.02,2638.0,0.008,0.057,0.026257,98.21,0.025,0.0,ETH-26JUN20-600-C,225.59,95.36,0.023,420.0,0.03,420.0,101.28,0.28287,-0.10002,0.07885,0.00132,0.11273
232.04,ETH-27MAR20,1581159540287,open,1.83,0.0,1.679,1.848,1.759581,113.07,None,0.0,ETH-27MAR20-640-P,225.59,0.0,0.01,50.0,0.0,0.0,0.0,0.02534,-0.02992,-0.83639,0.00032,-0.98848
239.64,ETH-26JUN20,1581159540287,open,0.28,2348.0,0.244,0.341,0.293576,90.02,0.283,0.0,ETH-26JUN20-200-C,225.59,85.35,0.284,180.0,0.295,435.0,90.72,0.49159,-0.15933,0.39504,0.0025,0.72684
232.04,ETH-27MAR20,1581159540287,open,0.0,1796.0,0.001,0.011,0.001849,112.32,0.002,0.0,ETH-27MAR20-100-P,225.59,102.95,0.001,618.0,0.003,300.0,121.29,0.02534,-0.02973,-0.00407,0.00032,-0.01152
232.04,ETH-27MAR20,1581159540287,open,0.0,5965.0,0.001,0.015,0.00429,108.63,0.004,0.0,ETH-27MAR20-520-C,225.59,103.06,0.003,520.0,0.006,300.0,114.55,0.06008,-0.06815,0.00839,0.00078,0.03184
232.04,ETH-27MAR20,1581159540287,open,0.01,3420.0,0.001,0.022,0.008989,96.74,0.011,0.0,ETH-27MAR20-140-P,225.59,91.33,0.007,540.0,0.011,600.0,101.64,0.09065,-0.09159,-0.01884,0.00133,-0.0529
239.64,ETH-26JUN20,1581159540287,open,0.94,0.0,0.816,0.984,0.895786,94.86,None,0.0,ETH-26JUN20-440-P,225.59,0.0,0.01,50.0,0.0,0.0,0.0,0.4465,-0.1525,-1.52079,0.00215,-0.77213
232.04,ETH-27MAR20,1581159540287,open,0.01,2300.0,0.001,0.022,0.007398,99.4,0.007,0.0,ETH-27MAR20-440-C,225.59,95.72,0.006,814.0,0.009,260.0,103.15,0.09361,-0.09718,0.01452,0.00133,0.05509
239.64,ETH-26JUN20,1581159540287,open,0.18,4.0,0.118,0.227,0.171112,89.99,0.225,0.0,ETH-26JUN20-220-P,225.59,85.93,0.162,180.0,0.172,433.0,90.38,0.53726,-0.17407,-0.45966,0.00273,-0.33302
239.64,ETH-26JUN20,1581159540288,open,0.33,2972.0,0.294,0.384,0.339989,90.03,0.331,0.0,ETH-26JUN20-180-C,225.59,85.56,0.332,180.0,0.342,433.0,91.14,0.43061,-0.13957,0.40677,0.00219,0.78611
239.64,ETH-26JUN20,1581159540287,open,0.01,844.0,0.003,0.027,0.012424,97.82,0.011,0.0,ETH-26JUN20-100-P,225.59,93.02,0.01,10.0,0.015,300.0,102.45,0.1275,-0.0449,-0.04784,0.0006,-0.04005
232.04,ETH-27MAR20,1581159540288,open,0.01,2638.0,0.003,0.031,0.01233,97.74,0.013,0.0,ETH-27MAR20-400-C,225.59,95.34,0.011,260.0,0.014,560.0,100.56,0.13271,-0.13547,0.02263,0.00192,0.08669
239.64,ETH-26JUN20,1581159540288,open,0.2,1042.0,0.164,0.27,0.218122,90.02,0.207,0.0,ETH-26JUN20-240-C,225.59,87.44,0.212,140.0,0.224,262.0,92.5,0.56784,-0.18404,0.35577,0.00289,0.60832
232.04,ETH-27MAR20,1581159540287,open,0.07,1969.0,0.03,0.094,0.059121,86.18,0.067,0.0,ETH-27MAR20-200-P,225.59,81.83,0.054,469.0,0.062,277.0,88.61,0.27454,-0.2471,-0.09824,0.00451,-0.26365
239.64,ETH-26JUN20,1581159540288,open,0.23,4.0,0.161,0.28,0.21954,89.98,0.934,0.0,ETH-26JUN20-240-P,225.59,82.19,0.201,215.0,0.229,215.0,93.98,0.56785,-0.18397,-0.55734,0.00289,-0.39173
239.64,ETH-26JUN20,1581159540288,open,1.1,0.0,0.968,1.14,1.04967,95.05,None,0.0,ETH-26JUN20-480-P,225.59,0.0,0.01,50.0,0.0,0.0,0.0,0.39629,-0.13562,-1.69899,0.00191,-0.8137
232.04,ETH-27MAR20,1581159540288,open,0.0,2590.0,0.001,0.013,0.003242,111.82,0.002,0.0,ETH-27MAR20-560-C,225.59,104.81,0.002,554.0,0.005,300.0,119.17,0.04787,-0.0559,0.00639,0.00061,0.02425
245.62,SYN.ETH-25SEP20,1581159540287,open,0.03,243.0,0.009,0.042,0.022498,90.92,0.033,0.0,ETH-25SEP20-100-P,225.59,87.99,0.02,470.0,0.025,170.0,93.74,0.21409,-0.04234,-0.11852,0.00062,-0.05412
232.04,ETH-27MAR20,1581159540288,open,0.29,161.0,0.216,0.324,0.268542,89.66,1.397,0.0,ETH-27MAR20-280-P,225.59,0.0,0.003,1.0,0.0,0.0,0.0,0.30744,-0.28789,-0.28303,0.00486,-0.66138
227.33,SYN.ETH-21FEB20,1581159540286,open,0.0,724.0,0.001,0.011,0.001879,100.03,0.002,0.0,ETH-21FEB20-160-P,225.59,90.38,0.001,94.0,0.003,1.0,108.93,0.02478,-0.09628,-0.00214,0.00136,-0.0248
232.04,ETH-27MAR20,1581159540288,open,1.3,0.0,1.177,1.321,1.245187,108.25,None,0.0,ETH-27MAR20-520-P,225.59,0.0,0.006,50.0,0.0,0.0,0.0,0.05921,-0.06694,-0.67382,0.00077,-0.96871
245.62,SYN.ETH-25SEP20,1581159540286,open,0.05,0.0,0.022,0.102,0.055261,98.21,None,0.0,ETH-25SEP20-680-C,225.59,92.54,0.044,298.0,0.064,298.0,102.29,0.51084,-0.10913,0.1924,0.00137,0.17964
232.04,ETH-27MAR20,1581159540288,open,0.18,4025.0,0.158,0.235,0.197238,86.21,0.194,0.0,ETH-27MAR20-200-C,225.59,82.61,0.193,300.0,0.202,521.0,90.22,0.27456,-0.24721,0.16407,0.00451,0.73631
232.04,ETH-27MAR20,1581159540288,open,0.02,5950.0,0.006,0.037,0.017616,91.01,0.023,0.0,ETH-27MAR20-160-P,225.59,86.71,0.015,840.0,0.02,300.0,94.73,0.14541,-0.13822,-0.03521,0.00226,-0.09808
239.64,ETH-26JUN20,1581159540289,open,1.43,0.0,1.282,1.464,1.367911,96.92,None,0.0,ETH-26JUN20-560-P,225.59,0.0,0.01,50.0,0.0,0.0,0.0,0.31463,-0.10979,-2.03943,0.00149,-0.86884
232.04,ETH-27MAR20,1581159540289,open,0.0,275.0,0.001,0.011,0.000104,112.61,0.003,0.0,ETH-27MAR20-70-P,225.59,0.0,0.0,0.0,0.002,399.0,158.01,0.00241,-0.00283,-0.00029,3e-05,-0.00084
232.04,ETH-27MAR20,1581159540289,open,0.03,3035.0,0.012,0.063,0.033685,91.17,0.035,0.0,ETH-27MAR20-320-C,225.59,89.54,0.032,260.0,0.036,552.0,93.37,0.24183,-0.23026,0.0535,0.00376,0.20945
239.64,ETH-26JUN20,1581159540289,open,0.49,0.0,0.385,0.532,0.457192,90.61,1.06,0.0,ETH-26JUN20-320-P,225.59,0.0,0.015,2.0,0.0,0.0,0.0,0.57325,-0.18702,-0.95849,0.0029,-0.59403
245.62,SYN.ETH-25SEP20,1581159540286,open,1.26,0.0,1.108,1.317,1.208069,96.06,None,0.0,ETH-25SEP20-520-P,225.59,0.0,0.001,24.0,0.0,0.0,0.0,0.64847,-0.13549,-2.99291,0.00178,-0.72666
226.39,SYN.ETH-14FEB20,1581159540286,open,0.0,1340.0,0.001,0.011,0.00043,99.28,0.001,0.0,ETH-14FEB20-170-P,225.59,0.0,0.0,0.0,0.002,324.0,125.85,0.00746,-0.06306,-0.00037,0.00091,-0.00971
232.04,ETH-27MAR20,1581159540289,open,0.95,0.0,0.844,0.971,0.903537,99.19,None,0.0,ETH-27MAR20-440-P,225.59,0.0,0.003,50.0,0.0,0.0,0.0,0.09298,-0.09632,-0.56273,0.00133,-0.94538
239.64,ETH-26JUN20,1581159540289,open,0.02,3811.0,0.006,0.05,0.021732,98.78,0.023,0.0,ETH-26JUN20-640-C,225.59,96.08,0.019,420.0,0.024,120.0,100.89,0.25086,-0.08922,0.06728,0.00116,0.09553
239.64,ETH-26JUN20,1581159540289,open,0.35,0.0,0.263,0.398,0.32936,89.62,None,0.0,ETH-26JUN20-280-P,225.59,0.0,0.011,3.0,0.0,0.0,0.0,0.5897,-0.19028,-0.75807,0.00301,-0.50205
239.64,ETH-26JUN20,1581159540290,open,1.26,0.0,1.124,1.301,1.207582,95.87,None,0.0,ETH-26JUN20-520-P,225.59,0.0,0.01,50.0,0.0,0.0,0.0,0.35253,-0.12168,-1.87134,0.00168,-0.8448
239.64,ETH-26JUN20,1581159540290,open,1.76,0.0,1.601,1.795,1.692182,98.57,None,0.0,ETH-26JUN20-640-P,225.59,0.0,0.01,50.0,0.0,0.0,0.0,0.2495,-0.08854,-2.36823,0.00116,-0.90518
232.04,ETH-27MAR20,1581159540290,open,0.0,2357.0,0.001,0.011,0.000331,112.54,0.001,0.0,ETH-27MAR20-80-P,225.59,0.0,0.0,0.0,0.002,332.0,141.34,0.00635,-0.00747,-0.00084,8e-05,-0.00243
232.04,ETH-27MAR20,1581159540291,open,0.0,14286.0,0.001,0.012,0.002131,112.38,0.002,0.0,ETH-27MAR20-600-C,225.59,102.73,0.001,220.0,0.004,300.0,122.35,0.03464,-0.04066,0.00439,0.00044,0.01656
245.62,SYN.ETH-25SEP20,1581159540286,open,0.95,0.0,0.815,1.007,0.908031,93.18,None,0.0,ETH-25SEP20-440-P,225.59,0.0,0.001,32.0,0.0,0.0,0.0,0.71242,-0.1444,-2.42911,0.00201,-0.66224
228.28,SYN.ETH-28FEB20,1581159540287,open,0.29,501.0,0.28,0.33,0.304779,101.12,0.29,0.0,ETH-28FEB20-160-C,225.59,72.37,0.3,36.0,0.32,36.0,144.26,0.05683,-0.14457,0.07993,0.00198,0.94783
232.04,ETH-27MAR20,1581159540291,open,1.13,0.0,1.01,1.145,1.073838,103.25,None,0.0,ETH-27MAR20-480-P,225.59,0.0,0.004,50.0,0.0,0.0,0.0,0.07163,-0.07724,-0.61918,0.00098,-0.96053
239.64,ETH-26JUN20,1581159540292,open,0.03,1690.0,0.01,0.065,0.031268,97.07,0.027,0.0,ETH-26JUN20-560-C,225.59,94.52,0.028,420.0,0.035,420.0,99.83,0.31556,-0.11028,0.09159,0.00149,0.13172
245.62,SYN.ETH-25SEP20,1581159540286,open,0.68,1.0,0.67,0.704,0.685896,93.69,0.685,0.0,ETH-25SEP20-80-C,225.59,77.96,0.679,61.0,0.694,60.0,106.83,0.13271,-0.02704,0.43946,0.00037,0.96998
227.33,SYN.ETH-21FEB20,1581159540286,open,0.19,0.0,0.123,0.209,0.164913,88.83,None,0.0,ETH-21FEB20-260-P,225.59,0.0,0.0,0.0,0.0,0.0,0.0,0.13132,-0.45298,-0.07455,0.00811,-0.76464
228.28,SYN.ETH-28FEB20,1581159540287,open,0.0,404.0,0.001,0.011,5.1e-05,114.89,0.001,0.0,ETH-28FEB20-100-P,225.59,0.0,0.0,0.0,0.001,99.0,156.91,0.00122,-0.00352,-9e-05,4e-05,-0.00066
232.04,ETH-27MAR20,1581159540292,open,0.65,20.0,0.645,0.666,0.655577,113.08,0.625,0.0,ETH-27MAR20-80-C,225.59,0.0,0.655,1.0,0.663,55.0,179.37,0.00656,-0.00775,0.10406,8e-05,0.99748
227.33,SYN.ETH-21FEB20,1581159540286,open,0.2,6.0,0.186,0.243,0.214428,91.84,0.205,0.0,ETH-21FEB20-180-C,225.59,61.04,0.209,34.0,0.232,34.0,139.74,0.06042,-0.21547,0.05699,0.00361,0.92504
226.39,SYN.ETH-14FEB20,1581159540286,open,0.01,1574.0,0.001,0.016,0.003434,94.04,0.006,0.0,ETH-14FEB20-190-P,225.59,83.66,0.002,688.0,0.005,600.0,103.08,0.03563,-0.28515,-0.00243,0.00459,-0.0632
239.64,ETH-26JUN20,1581159540294,open,0.38,395.0,0.353,0.432,0.392864,90.03,0.386,0.0,ETH-26JUN20-160-C,225.59,85.35,0.386,180.0,0.403,227.0,96.75,0.35586,-0.11535,0.41004,0.00181,0.84257
245.62,SYN.ETH-25SEP20,1581159540287,open,0.07,135.0,0.031,0.122,0.070386,97.3,0.065,0.0,ETH-25SEP20-600-C,225.59,92.76,0.06,294.0,0.079,294.0,100.89,0.57791,-0.12231,0.23221,0.00156,0.22049
228.28,SYN.ETH-28FEB20,1581159540286,open,0.01,1569.0,0.001,0.017,0.005478,100.3,0.007,0.0,ETH-28FEB20-160-P,225.59,93.75,0.004,600.0,0.007,950.0,106.14,0.05579,-0.14077,-0.00702,0.00196,-0.05097
245.62,SYN.ETH-25SEP20,1581159540289,open,1.57,0.0,1.408,1.628,1.512218,96.91,None,0.0,ETH-25SEP20-600-P,225.59,0.0,0.001,19.0,0.0,0.0,0.0,0.57514,-0.12123,-3.548,0.00156,-0.78134
228.28,SYN.ETH-28FEB20,1581159540287,open,0.11,1267.0,0.086,0.157,0.122532,85.09,0.099,0.0,ETH-28FEB20-210-C,225.59,81.96,0.12,220.0,0.128,604.0,91.77,0.18568,-0.39744,0.07157,0.00769,0.69833
245.62,SYN.ETH-25SEP20,1581159540286,open,0.1,271.0,0.054,0.16,0.102758,94.74,0.107,0.0,ETH-25SEP20-480-C,225.59,93.37,0.099,3.0,0.107,388.0,96.26,0.68099,-0.14032,0.31007,0.00189,0.3032
232.04,ETH-27MAR20,1581159540294,open,0.1,5871.0,0.07,0.149,0.10963,86.12,0.099,0.0,ETH-27MAR20-240-C,225.59,84.3,0.107,300.0,0.113,560.0,88.45,0.33488,-0.30119,0.12461,0.00551,0.51906
226.39,SYN.ETH-14FEB20,1581159540286,open,0.0,637.0,0.001,0.011,0.001497,99.01,0.003,0.0,ETH-14FEB20-180-P,225.59,92.45,0.001,98.0,0.002,100.0,104.42,0.01927,-0.16236,-0.00113,0.00236,-0.0295
245.62,SYN.ETH-25SEP20,1581159540287,open,1.1,0.0,0.96,1.16,1.056225,94.47,None,0.0,ETH-25SEP20-480-P,225.59,0.0,0.001,29.0,0.0,0.0,0.0,0.67974,-0.13968,-2.71374,0.00189,-0.69804
228.28,SYN.ETH-28FEB20,1581159540287,open,0.0,930.0,0.001,0.011,0.000376,110.4,0.001,0.0,ETH-28FEB20-120-P,225.59,0.0,0.0,0.0,0.002,300.0,138.24,0.00678,-0.01883,-0.00059,0.00022,-0.00433
227.33,SYN.ETH-21FEB20,1581159540286,open,0.28,0.0,0.275,0.322,0.298279,101.89,None,0.0,ETH-21FEB20-160-C,225.59,0.0,0.289,35.0,0.314,35.0,168.77,0.02639,-0.10441,0.05413,0.00142,0.97327
227.33,SYN.ETH-21FEB20,1581159540286,open,0.01,16.0,0.001,0.019,0.005978,90.95,0.004,0.0,ETH-21FEB20-180-P,225.59,82.64,0.004,600.0,0.008,686.0,98.17,0.05934,-0.20958,-0.00635,0.00358,-0.07322
228.28,SYN.ETH-28FEB20,1581159540287,open,0.0,830.0,0.001,0.011,1.2e-05,115.91,0.001,0.0,ETH-28FEB20-90-P,225.59,0.0,0.0,0.0,0.001,10.0,175.44,0.00035,-0.00103,-2e-05,1e-05,-0.00017
228.28,SYN.ETH-28FEB20,1581159540286,open,0.01,646.0,0.001,0.023,0.008514,96.12,0.008,0.0,ETH-28FEB20-170-P,225.59,91.42,0.007,560.0,0.01,945.0,100.38,0.07685,-0.18582,-0.01062,0.00282,-0.07689
245.62,SYN.ETH-25SEP20,1581159540286,open,0.05,0.0,0.018,0.093,0.048757,98.35,None,0.0,ETH-25SEP20-720-C,225.59,92.5,0.038,299.0,0.059,299.0,103.4,0.4775,-0.10215,0.17467,0.00128,0.16167
227.33,SYN.ETH-21FEB20,1581159540286,open,0.01,1.0,0.001,0.013,0.003388,95.28,0.007,0.0,ETH-21FEB20-170-P,225.59,86.06,0.002,600.0,0.005,301.0,103.66,0.03924,-0.1452,-0.00375,0.00226,-0.04331
228.28,SYN.ETH-28FEB20,1581159540286,open,0.04,3658.0,0.019,0.078,0.046096,87.75,0.048,0.0,ETH-28FEB20-250-C,225.59,85.36,0.044,180.0,0.048,513.0,89.91,0.20048,-0.44255,0.03981,0.00805,0.36636
226.39,SYN.ETH-14FEB20,1581159540286,open,0.0,30.0,0.001,0.011,1.5e-05,99.65,0.001,0.0,ETH-14FEB20-150-P,225.59,0.0,0.0,0.0,0.001,48.0,153.86,0.00046,-0.0035,-2e-05,6e-05,-0.00045
245.62,SYN.ETH-25SEP20,1581159540287,open,0.75,1.0,0.75,0.772,0.760177,95.9,0.752,0.0,ETH-25SEP20-60-C,225.59,66.01,0.756,66.0,0.764,1.0,108.0,0.06435,-0.01342,0.3512,0.00018,0.98721
228.28,SYN.ETH-28FEB20,1581159540286,open,0.02,3612.0,0.005,0.041,0.018899,87.88,0.019,0.0,ETH-28FEB20-190-P,225.59,84.47,0.017,500.0,0.021,610.0,91.53,0.12921,-0.28563,-0.02214,0.00518,-0.15924
245.62,SYN.ETH-25SEP20,1581159540286,open,0.23,131.0,0.153,0.274,0.212277,88.92,0.239,0.0,ETH-25SEP20-220-P,225.59,83.8,0.198,251.0,0.221,251.0,92.06,0.68318,-0.13213,-0.8008,0.00202,-0.30539
226.39,SYN.ETH-14FEB20,1581159540287,open,0.41,39.0,0.409,0.443,0.425948,162.94,0.318,0.0,ETH-14FEB20-130-C,225.59,0.0,0.419,40.0,0.438,40.0,321.72,0.00236,-0.03271,0.02082,0.00018,0.99734
245.62,SYN.ETH-25SEP20,1581159540288,open,0.38,176.0,0.344,0.442,0.394528,89.06,0.363,0.0,ETH-25SEP20-180-C,225.59,86.23,0.388,380.0,0.399,120.0,91.0,0.56776,-0.10999,0.60584,0.00168,0.78617
228.28,SYN.ETH-28FEB20,1581159540287,open,0.1,223.0,0.047,0.122,0.082547,84.37,0.09,0.0,ETH-28FEB20-230-P,225.59,77.33,0.076,418.0,0.084,418.0,85.94,0.21213,-0.45026,-0.06943,0.00886,-0.47597
245.62,SYN.ETH-25SEP20,1581159540287,open,0.04,503.0,0.019,0.066,0.039498,89.82,0.058,0.0,ETH-25SEP20-120-P,225.59,86.99,0.036,470.0,0.043,170.0,92.58,0.30786,-0.06015,-0.19523,0.0009,-0.0867
228.28,SYN.ETH-28FEB20,1581159540291,open,0.0,1891.0,0.001,0.013,0.003361,104.24,0.004,0.0,ETH-28FEB20-150-P,225.59,94.95,0.002,600.0,0.005,693.0,112.89,0.03853,-0.10103,-0.00443,0.0013,-0.0323
245.62,SYN.ETH-25SEP20,1581159540288,open,0.07,393.0,0.034,0.097,0.062354,89.07,0.069,0.0,ETH-25SEP20-140-P,225.59,86.39,0.058,463.0,0.065,170.0,90.68,0.40201,-0.07788,-0.29034,0.00119,-0.12533
245.62,SYN.ETH-25SEP20,1581159540286,open,0.13,479.0,0.081,0.197,0.136803,92.46,0.127,0.0,ETH-25SEP20-400-C,225.59,90.54,0.131,282.0,0.143,382.0,94.5,0.74394,-0.14962,0.3808,0.00212,0.38296
245.62,SYN.ETH-25SEP20,1581159540286,open,0.34,282.0,0.299,0.405,0.353436,89.05,0.333,0.0,ETH-25SEP20-200-C,225.59,86.55,0.347,371.0,0.358,110.0,90.82,0.63196,-0.1224,0.59838,0.00187,0.74025
227.33,SYN.ETH-21FEB20,1581159540286,open,0.16,0.0,0.144,0.205,0.174597,87.26,None,0.0,ETH-21FEB20-190-C,225.59,56.25,0.166,34.0,0.194,34.0,129.7,0.08526,-0.2889,0.05659,0.00536,0.88031
228.28,SYN.ETH-28FEB20,1581159540288,open,0.0,1339.0,0.001,0.011,2e-06,116.43,0.002,0.0,ETH-28FEB20-80-P,225.59,0.0,0.0,0.0,0.001,50.0,196.21,7e-05,-0.00021,0.0,0.0,-3e-05
227.33,SYN.ETH-21FEB20,1581159540286,open,0.02,23.0,0.005,0.047,0.021564,89.41,0.017,0.0,ETH-21FEB20-260-C,225.59,84.92,0.019,240.0,0.024,528.0,93.55,0.13187,-0.45787,0.01729,0.00809,0.23715
245.62,SYN.ETH-25SEP20,1581159540288,open,0.22,943.0,0.171,0.292,0.232327,89.68,0.215,0.0,ETH-25SEP20-280-C,225.59,87.97,0.227,379.0,0.238,379.0,91.5,0.76626,-0.14946,0.51957,0.00225,0.5682
228.28,SYN.ETH-28FEB20,1581159540287,open,0.0,901.0,0.001,0.011,0.000806,107.43,0.001,0.0,ETH-28FEB20-130-P,225.59,0.0,0.0,0.0,0.003,397.0,131.5,0.01278,-0.03453,-0.0012,0.00042,-0.00887
245.62,SYN.ETH-25SEP20,1581159540287,open,1.73,0.0,1.561,1.787,1.66782,97.77,None,0.0,ETH-25SEP20-640-P,225.59,0.0,0.001,37.0,0.0,0.0,0.0,0.5436,-0.11561,-3.81956,0.00146,-0.80129
245.62,SYN.ETH-25SEP20,1581159540287,open,0.1,223.0,0.055,0.134,0.092055,89.06,0.105,0.0,ETH-25SEP20-160-P,225.59,84.49,0.083,284.0,0.101,284.0,93.51,0.49059,-0.09503,-0.40316,0.00145,-0.16856
226.39,SYN.ETH-14FEB20,1581159540287,open,0.0,574.0,0.001,0.011,0.0,100.04,0.001,0.0,ETH-14FEB20-130-P,225.59,0.0,0.0,0.0,0.001,11.0,200.82,1e-05,-3e-05,0.0,0.0,0.0
228.28,SYN.ETH-28FEB20,1581159540287,open,0.0,838.0,0.001,0.011,0.000155,113.07,0.001,0.0,ETH-28FEB20-110-P,225.59,0.0,0.0,0.0,0.002,399.0,154.97,0.00318,-0.00905,-0.00025,0.0001,-0.00187
226.39,SYN.ETH-14FEB20,1581159540286,open,0.01,1665.0,0.001,0.025,0.007178,88.49,0.006,0.0,ETH-14FEB20-200-P,225.59,83.78,0.006,94.0,0.008,100.0,91.61,0.05847,-0.44029,-0.00474,0.00801,-0.12301
228.28,SYN.ETH-28FEB20,1581159540291,open,0.37,113.0,0.369,0.409,0.388548,106.92,0.233,0.0,ETH-28FEB20-140-C,225.59,0.0,0.386,40.0,0.403,39.0,170.61,0.02421,-0.06511,0.0737,0.0008,0.98144
227.33,SYN.ETH-21FEB20,1581159540286,open,0.06,2.0,0.019,0.08,0.046431,83.13,0.06,0.0,ETH-21FEB20-220-P,225.59,76.95,0.042,240.0,0.049,504.0,86.7,0.16341,-0.52752,-0.03473,0.01078,-0.38663
228.28,SYN.ETH-28FEB20,1581159540287,open,0.64,1.0,0.639,0.66,0.649653,153.51,0.522,0.0,ETH-28FEB20-80-C,225.59,0.0,0.646,54.0,0.658,54.0,279.33,0.00171,-0.00659,0.04343,4e-05,0.99905
228.28,SYN.ETH-28FEB20,1581159540286,open,0.46,101.0,0.459,0.491,0.474852,114.91,0.397,0.0,ETH-28FEB20-120-C,225.59,0.0,0.469,43.0,0.487,43.0,199.6,0.00861,-0.02489,0.06457,0.00026,0.99433
226.39,SYN.ETH-14FEB20,1581159540286,open,0.37,1.0,0.363,0.4,0.381792,143.96,0.27,0.0,ETH-14FEB20-140-C,225.59,0.0,0.375,38.0,0.395,38.0,293.26,0.00281,-0.03448,0.02241,0.00024,0.99676
245.62,SYN.ETH-25SEP20,1581159540288,open,0.28,2.0,0.196,0.328,0.261287,88.91,0.294,0.0,ETH-25SEP20-240-P,225.59,84.74,0.249,218.0,0.271,217.0,92.22,0.72192,-0.13961,-0.94545,0.00214,-0.34989
227.33,SYN.ETH-21FEB20,1581159540286,open,0.15,0.0,0.088,0.172,0.129198,86.66,None,0.0,ETH-21FEB20-250-P,225.59,0.0,0.0,0.0,0.0,0.0,0.0,0.15013,-0.50523,-0.06588,0.0095,-0.69235
245.62,SYN.ETH-25SEP20,1581159540288,open,0.18,254.0,0.115,0.223,0.16738,88.93,0.175,0.0,ETH-25SEP20-200-P,225.59,82.96,0.152,263.0,0.176,263.0,92.28,0.63199,-0.12225,-0.66078,0.00187,-0.25978
228.28,SYN.ETH-28FEB20,1581159540288,open,0.33,676.0,0.324,0.37,0.346457,105.34,0.322,0.0,ETH-28FEB20-150-C,225.59,86.29,0.344,2.0,0.36,37.0,153.61,0.03974,-0.10531,0.07707,0.00133,0.96646
228.28,SYN.ETH-28FEB20,1581159540288,open,0.16,0.0,0.098,0.186,0.140938,87.39,0.135,0.0,ETH-28FEB20-250-P,225.59,67.54,0.124,147.0,0.151,147.0,98.74,0.20032,-0.4404,-0.09639,0.00808,-0.63449
228.28,SYN.ETH-28FEB20,1581159540289,open,0.6,20.0,0.594,0.617,0.60587,139.53,0.328,0.0,ETH-28FEB20-90-C,225.59,0.0,0.602,51.0,0.615,51.0,255.68,0.00221,-0.00777,0.04884,6e-05,0.99874
228.28,SYN.ETH-28FEB20,1581159540289,open,0.51,46.0,0.504,0.533,0.518424,120.81,0.428,0.0,ETH-28FEB20-110-C,225.59,0.0,0.513,45.0,0.529,45.0,214.19,0.00511,-0.01552,0.05947,0.00015,0.99684
228.28,SYN.ETH-28FEB20,1581159540287,open,0.05,783.0,0.017,0.073,0.042198,84.76,0.044,0.0,ETH-28FEB20-210-P,225.59,79.57,0.038,460.0,0.044,516.0,86.97,0.18556,-0.39566,-0.04269,0.00771,-0.30124
245.62,SYN.ETH-25SEP20,1581159540289,open,0.52,0.0,0.413,0.577,0.494106,90.24,None,0.0,ETH-25SEP20-320-P,225.59,0.0,0.001,26.0,0.0,0.0,0.0,0.7776,-0.15262,-1.5448,0.00227,-0.50452
226.39,SYN.ETH-14FEB20,1581159540286,open,0.19,77.0,0.181,0.233,0.206656,101.72,0.183,0.0,ETH-14FEB20-180-C,225.59,67.13,0.205,14.0,0.224,32.0,188.37,0.02104,-0.18208,0.02772,0.00251,0.96721
228.28,SYN.ETH-28FEB20,1581159540286,open,0.42,38.0,0.414,0.45,0.431488,110.19,0.281,0.0,ETH-28FEB20-130-C,225.59,0.0,0.43,1.0,0.445,41.0,185.06,0.01447,-0.0401,0.0694,0.00046,0.98978
228.28,SYN.ETH-28FEB20,1581159540288,open,0.55,21.0,0.549,0.575,0.562114,128.64,0.267,0.0,ETH-28FEB20-100-C,225.59,0.0,0.558,48.0,0.572,48.0,234.12,0.00317,-0.01027,0.0542,9e-05,0.99813
245.62,SYN.ETH-25SEP20,1581159540293,open,0.8,0.0,0.675,0.859,0.764691,92.26,None,0.0,ETH-25SEP20-400-P,225.59,0.0,0.001,28.0,0.0,0.0,0.0,0.74344,-0.14919,-2.13878,0.00212,-0.6179
245.62,SYN.ETH-25SEP20,1581159540288,open,0.14,1045.0,0.082,0.177,0.127078,88.94,0.13,0.0,ETH-25SEP20-180-P,225.59,84.14,0.116,274.0,0.136,274.0,92.8,0.5677,-0.10983,-0.52731,0.00168,-0.2138
245.62,SYN.ETH-25SEP20,1581159540286,open,0.06,1661.0,0.026,0.113,0.063198,98.21,0.072,0.0,ETH-25SEP20-640-C,225.59,93.95,0.054,296.0,0.071,296.0,101.64,0.54695,-0.11684,0.21278,0.00147,0.20075
227.33,SYN.ETH-21FEB20,1581159540286,open,0.03,3.0,0.015,0.072,0.041652,85.54,0.041,0.0,ETH-21FEB20-240-C,225.59,80.48,0.038,240.0,0.045,508.0,90.14,0.1648,-0.5474,0.02862,0.01057,0.39853
245.62,SYN.ETH-25SEP20,1581159540288,open,0.66,0.0,0.541,0.716,0.626675,91.43,None,0.0,ETH-25SEP20-360-P,225.59,0.0,0.001,26.0,0.0,0.0,0.0,0.76725,-0.15259,-1.84369,0.00221,-0.56516
245.62,SYN.ETH-25SEP20,1581159540287,open,0.01,468.0,0.002,0.024,0.011474,93.46,0.021,0.0,ETH-25SEP20-80-P,225.59,90.63,0.01,470.0,0.013,270.0,96.22,0.13202,-0.02684,-0.0639,0.00037,-0.02983
228.28,SYN.ETH-28FEB20,1581159540288,open,0.25,1118.0,0.236,0.292,0.264021,96.75,0.246,0.0,ETH-28FEB20-170-C,225.59,59.27,0.256,35.0,0.279,35.0,131.72,0.07771,-0.18916,0.08179,0.00283,0.92197
245.62,SYN.ETH-25SEP20,1581159540290,open,1.42,0.0,1.258,1.473,1.360353,96.96,None,0.0,ETH-25SEP20-560-P,225.59,0.0,0.001,17.0,0.0,0.0,0.0,0.61448,-0.12959,-3.27035,0.00167,-0.75373
228.28,SYN.ETH-28FEB20,1581159540287,open,0.0,1678.0,0.001,0.011,0.001659,105.2,0.002,0.0,ETH-28FEB20-140-P,225.59,97.49,0.001,655.0,0.004,695.0,122.73,0.02273,-0.06015,-0.00235,0.00076,-0.01724
245.62,SYN.ETH-25SEP20,1581159540286,open,2.05,0.0,1.867,2.105,1.978956,97.78,None,0.0,ETH-25SEP20-720-P,225.59,0.0,0.001,100.0,0.0,0.0,0.0,0.47266,-0.10053,-4.36204,0.00127,-0.84084
245.62,SYN.ETH-25SEP20,1581159540287,open,0.08,562.0,0.038,0.135,0.081309,97.3,0.063,0.0,ETH-25SEP20-560-C,225.59,94.35,0.074,4.0,0.089,292.0,100.32,0.61664,-0.13051,0.25768,0.00167,0.24788
245.62,SYN.ETH-25SEP20,1581159540286,open,1.89,0.0,1.713,1.945,1.822671,97.71,None,0.0,ETH-25SEP20-680-P,225.59,0.0,0.001,97.0,0.0,0.0,0.0,0.50677,-0.1077,-4.09212,0.00136,-0.82263
226.39,SYN.ETH-14FEB20,1581159540286,open,0.0,38.0,0.001,0.011,2e-06,99.85,0.001,0.0,ETH-14FEB20-140-P,225.59,0.0,0.0,0.0,0.001,11.0,176.59,7e-05,-0.00039,0.0,1e-05,-6e-05
245.62,SYN.ETH-25SEP20,1581159540288,open,0.31,656.0,0.259,0.372,0.316938,89.04,0.291,0.0,ETH-25SEP20-220-C,225.59,86.55,0.31,373.0,0.321,110.0,90.5,0.68308,-0.13229,0.58438,0.00202,0.6947
245.62,SYN.ETH-25SEP20,1581159540287,open,0.27,369.0,0.225,0.342,0.284554,89.03,0.29,0.0,ETH-25SEP20-240-C,225.59,86.81,0.278,375.0,0.291,375.0,91.23,0.7218,-0.13978,0.56575,0.00213,0.65028
226.39,SYN.ETH-14FEB20,1581159540286,open,0.0,2070.0,0.001,0.011,9.5e-05,99.44,0.001,0.0,ETH-14FEB20-160-P,225.59,0.0,0.0,0.0,0.001,14.0,132.41,0.00219,-0.01849,-9e-05,0.00027,-0.00245
245.62,SYN.ETH-25SEP20,1581159540288,open,0.39,0.0,0.298,0.448,0.371849,89.54,None,0.0,ETH-25SEP20-280-P,225.59,81.61,0.347,141.0,0.384,141.0,93.44,0.76636,-0.14926,-1.2437,0.00225,-0.43213
245.62,SYN.ETH-25SEP20,1581159540287,open,0.43,31.0,0.396,0.484,0.4409,89.18,0.362,0.0,ETH-25SEP20-160-C,225.59,83.68,0.43,120.0,0.449,120.0,93.21,0.49075,-0.09519,0.604,0.00145,0.83135
228.28,SYN.ETH-28FEB20,1581159540305,open,0.33,676.0,0.324,0.37,0.346457,105.34,0.322,0.0,ETH-28FEB20-150-C,225.59,86.29,0.344,1.0,0.36,37.0,153.61,0.03974,-0.10531,0.07707,0.00133,0.96646
228.28,SYN.ETH-28FEB20,1581159540307,open,0.1,223.0,0.047,0.122,0.082547,84.37,0.09,0.0,ETH-28FEB20-230-P,225.59,77.33,0.076,418.0,0.084,180.0,85.94,0.21213,-0.45026,-0.06943,0.00886,-0.47597
239.64,ETH-26JUN20,1581159540309,open,0.11,1046.0,0.073,0.174,0.121991,90.67,0.109,0.0,ETH-26JUN20-320-C,225.59,89.0,0.118,140.0,0.126,417.0,92.34,0.57332,-0.18716,0.25911,0.00289,0.40617
226.39,SYN.ETH-14FEB20,1581159540310,open,0.07,599.0,0.054,0.119,0.087034,84.28,0.055,0.0,ETH-14FEB20-210-C,225.59,76.08,0.084,60.0,0.091,60.0,94.43,0.08608,-0.61736,0.02508,0.01238,0.77529
226.39,SYN.ETH-14FEB20,1581159540311,open,0.14,184.0,0.136,0.193,0.164435,95.63,0.149,0.0,ETH-14FEB20-190-C,225.59,60.0,0.161,36.0,0.182,31.0,164.2,0.03692,-0.30046,0.02804,0.00468,0.93384
232.04,ETH-27MAR20,1581159540314,open,0.61,7.0,0.515,0.633,0.571159,94.24,1.702,0.0,ETH-27MAR20-360-P,225.59,0.0,0.01,30.0,1.104,1.0,500.0,0.17982,-0.17697,-0.43797,0.0027,-0.86784
226.39,SYN.ETH-14FEB20,1581159540315,open,0.19,77.0,0.181,0.233,0.206656,101.72,0.183,0.0,ETH-14FEB20-180-C,225.59,67.13,0.205,1.0,0.224,32.0,188.37,0.02104,-0.18208,0.02772,0.00251,0.96721
226.39,SYN.ETH-14FEB20,1581159540316,open,0.14,184.0,0.136,0.193,0.164435,95.63,0.149,0.0,ETH-14FEB20-190-C,225.59,0.0,0.16,68.0,0.182,31.0,164.2,0.03692,-0.30046,0.02804,0.00468,0.93384
228.28,SYN.ETH-28FEB20,1581159540320,open,0.33,676.0,0.324,0.37,0.346457,105.34,0.322,0.0,ETH-28FEB20-150-C,225.59,64.4,0.343,37.0,0.36,37.0,153.61,0.03974,-0.10531,0.07707,0.00133,0.96646
226.39,SYN.ETH-14FEB20,1581159540321,open,0.19,77.0,0.181,0.233,0.206656,101.72,0.183,0.0,ETH-14FEB20-180-C,225.59,0.0,0.204,14.0,0.224,32.0,188.37,0.02104,-0.18208,0.02772,0.00251,0.96721
245.62,SYN.ETH-25SEP20,1581159540323,open,0.15,332.0,0.103,0.223,0.161576,91.61,0.154,0.0,ETH-25SEP20-360-C,225.59,90.14,0.157,287.0,0.166,478.0,93.02,0.76747,-0.15292,0.42376,0.0022,0.43551
245.62,SYN.ETH-25SEP20,1581159540325,open,0.15,332.0,0.103,0.223,0.161576,91.61,0.154,0.0,ETH-25SEP20-360-C,225.59,90.14,0.157,287.0,0.166,528.0,93.02,0.76747,-0.15292,0.42376,0.0022,0.43551
245.62,SYN.ETH-25SEP20,1581159540352,open,0.48,23.0,0.455,0.53,0.492593,89.2,0.327,0.0,ETH-25SEP20-140-C,225.59,68.27,0.461,52.0,0.514,52.0,101.88,0.40231,-0.07806,0.59084,0.00119,0.87453
239.64,ETH-26JUN20,1581159540362,open,0.44,533.0,0.422,0.489,0.455049,92.28,0.434,0.0,ETH-26JUN20-140-C,225.59,61.64,0.426,48.0,0.479,48.0,111.61,0.27715,-0.09208,0.39699,0.00137,0.89044
10315.22,BTC-26JUN20,1581159540420,open,0.18,616.1,0.1415,0.224,0.17930344,68.0,0.1775,0.0,BTC-26JUN20-10000-C,9821.04,67.45,0.178,1.1,0.1825,20.7,69.36,24.38237,-5.96946,16.97004,9e-05,0.61169
10314.57,BTC-26JUN20,1581159540446,open,0.28,231.3,0.2535,0.3225,0.28544439,68.03,0.28,0.0,BTC-26JUN20-8000-C,9821.04,66.36,0.2825,9.5,0.2885,9.5,69.76,18.20372,-4.45877,19.90221,7e-05,0.79257
239.64,ETH-26JUN20,1581159540462,open,0.11,1046.0,0.073,0.174,0.121991,90.67,0.109,0.0,ETH-26JUN20-320-C,225.59,85.63,0.11,1.0,0.126,417.0,92.34,0.57332,-0.18716,0.25911,0.00289,0.40617
239.64,ETH-26JUN20,1581159540465,open,0.11,1046.0,0.073,0.174,0.121991,90.67,0.109,0.0,ETH-26JUN20-320-C,225.59,86.05,0.111,277.0,0.126,417.0,92.34,0.57332,-0.18716,0.25911,0.00289,0.40617
239.64,ETH-26JUN20,1581159540468,open,0.11,1046.0,0.073,0.174,0.121991,90.67,0.109,0.0,ETH-26JUN20-320-C,225.59,86.47,0.112,60.0,0.126,417.0,92.34,0.57332,-0.18716,0.25911,0.00289,0.40617
239.64,ETH-26JUN20,1581159540470,open,0.11,1046.0,0.073,0.174,0.121991,90.67,0.109,0.0,ETH-26JUN20-320-C,225.59,88.58,0.117,140.0,0.126,417.0,92.34,0.57332,-0.18716,0.25911,0.00289,0.40617
239.64,ETH-26JUN20,1581159540516,open,0.2,1042.0,0.164,0.27,0.218122,90.02,0.207,0.0,ETH-26JUN20-240-C,225.59,87.02,0.211,2.0,0.224,262.0,92.5,0.56784,-0.18404,0.35577,0.00289,0.60832
239.64,ETH-26JUN20,1581159540524,open,0.2,1042.0,0.164,0.27,0.218122,90.02,0.207,0.0,ETH-26JUN20-240-C,225.59,87.02,0.211,142.0,0.224,262.0,92.5,0.56784,-0.18404,0.35577,0.00289,0.60832
239.64,ETH-26JUN20,1581159540556,open,0.07,3948.0,0.038,0.125,0.077669,95.02,0.074,0.0,ETH-26JUN20-400-C,225.59,88.77,0.065,68.0,0.084,288.0,98.03,0.49809,-0.17039,0.18501,0.0024,0.28058
239.64,ETH-26JUN20,1581159540559,open,0.07,3948.0,0.038,0.125,0.077669,95.02,0.074,0.0,ETH-26JUN20-400-C,225.59,89.28,0.066,288.0,0.084,288.0,98.03,0.49809,-0.17039,0.18501,0.0024,0.28058
239.64,ETH-26JUN20,1581159540564,open,0.07,3948.0,0.038,0.125,0.077669,95.02,0.074,0.0,ETH-26JUN20-400-C,225.59,91.77,0.071,120.0,0.084,288.0,98.03,0.49809,-0.17039,0.18501,0.0024,0.28058
239.64,ETH-26JUN20,1581159540585,open,0.05,933.0,0.026,0.103,0.059991,95.02,0.057,0.0,ETH-26JUN20-440-C,225.59,80.37,0.035,72.0,0.062,412.0,96.09,0.44723,-0.153,0.15367,0.00215,0.22853
239.64,ETH-26JUN20,1581159540587,open,0.05,933.0,0.026,0.103,0.059991,95.02,0.057,0.0,ETH-26JUN20-440-C,225.59,88.93,0.049,292.0,0.062,412.0,96.09,0.44723,-0.153,0.15367,0.00215,0.22853
10314.27,BTC-26JUN20,1581159540590,open,0.02,109.2,0.007,0.0485,0.02047752,81.3,0.022,0.0,BTC-26JUN20-22000-C,9821.04,80.41,0.0195,28.0,0.0215,21.0,82.2,11.47709,-3.35927,3.27203,3e-05,0.10385
239.64,ETH-26JUN20,1581159540591,open,0.05,933.0,0.026,0.103,0.059991,95.02,0.057,0.0,ETH-26JUN20-440-C,225.59,92.3,0.055,120.0,0.062,412.0,96.09,0.44723,-0.153,0.15367,0.00215,0.22853
10089.9,BTC-27MAR20,1581159540596,open,0.0,805.0,0.0005,0.0145,0.00369678,93.15,0.004,0.0,BTC-27MAR20-20000-C,9821.04,90.25,0.003,62.0,0.0045,44.0,96.09,2.58755,-2.51718,0.3677,2e-05,0.03148
10089.9,BTC-27MAR20,1581159540596,open,0.0,246.5,0.0005,0.0105,0.00090007,107.86,0.0015,0.0,BTC-27MAR20-28000-C,9821.04,101.56,0.0005,70.2,0.0015,24.0,114.22,0.78468,-0.88393,0.09152,1e-05,0.00781
10089.9,BTC-27MAR20,1581159540596,open,0.4,24.6,0.3945,0.425,0.40834253,79.0,0.4,0.0,BTC-27MAR20-6000-C,9821.04,53.06,0.4055,8.0,0.42,9.0,112.1,2.13682,-1.76302,7.49925,2e-05,0.97498
10089.9,BTC-27MAR20,1581159540596,open,0.0,499.9,0.0005,0.011,0.00143606,106.75,0.0015,0.0,BTC-27MAR20-26000-C,9821.04,102.41,0.001,113.0,0.002,44.0,111.15,1.14699,-1.27878,0.14071,1e-05,0.01207
10089.9,BTC-27MAR20,1581159540598,open,0.0,244.1,0.0005,0.0115,0.00195191,103.07,0.002,0.0,BTC-27MAR20-24000-C,9821.04,99.73,0.0015,26.2,0.0025,44.0,106.47,1.49341,-1.60754,0.19112,1e-05,0.01639
10089.9,BTC-27MAR20,1581159540598,open,0.01,827.4,0.001,0.0255,0.01076671,66.34,0.0105,0.0,BTC-27MAR20-7500-P,9821.04,64.99,0.01,21.0,0.0115,72.0,67.59,5.82323,-4.0345,-1.30379,7e-05,-0.08775
10089.9,BTC-27MAR20,1581159540598,open,0.02,737.4,0.0095,0.0485,0.02400381,70.13,0.0235,0.0,BTC-27MAR20-13000-C,9821.04,69.62,0.0235,19.3,0.025,19.3,71.13,9.97905,-7.30919,2.22285,0.00011,0.19196
10089.9,BTC-27MAR20,1581159540598,open,0.0,190.0,0.0005,0.0115,0.00164672,82.03,0.002,0.0,BTC-27MAR20-5500-P,9821.04,76.29,0.001,63.3,0.0025,44.0,87.71,1.32233,-1.13287,-0.21009,1e-05,-0.01423
10314.27,BTC-26JUN20,1581159540598,open,0.01,106.8,0.0005,0.028,0.00896061,89.04,0.0085,0.0,BTC-26JUN20-30000-C,9821.04,87.41,0.008,29.0,0.01,21.0,90.68,6.29993,-2.01952,1.51312,2e-05,0.04752
10314.27,BTC-26JUN20,1581159540598,open,0.01,406.1,0.003,0.036,0.01297129,85.35,0.0135,0.0,BTC-26JUN20-26000-C,9821.04,84.12,0.012,29.0,0.014,21.0,86.6,8.3285,-2.55935,2.14916,2e-05,0.06774
10089.9,BTC-27MAR20,1581159540616,open,0.01,790.5,0.0005,0.0195,0.00570804,87.81,0.0065,0.0,BTC-27MAR20-18000-C,9821.04,85.79,0.005,48.0,0.0065,62.0,89.91,3.66897,-3.3647,0.5643,3e-05,0.04835
10089.9,BTC-27MAR20,1581159540616,open,0.0,198.4,0.0005,0.014,0.00449237,73.95,0.0065,0.0,BTC-27MAR20-6500-P,9821.04,72.25,0.004,20.0,0.005,24.0,75.6,3.01234,-2.32637,-0.56077,3e-05,-0.03788
10089.9,BTC-27MAR20,1581159540618,open,0.0,318.1,0.0005,0.0105,0.00029429,116.87,0.0005,0.0,BTC-27MAR20-36000-C,9821.04,0.0,0.0,0.0,0.001,40.0,131.18,0.29456,-0.35953,0.03061,0.0,0.00261
10314.27,BTC-26JUN20,1581159540618,open,0.02,474.0,0.007,0.0355,0.01700247,70.91,0.0165,0.0,BTC-26JUN20-6000-P,9821.04,70.32,0.0165,15.0,0.0175,21.0,71.49,8.77698,-2.24078,-3.513,3e-05,-0.07251
10540.23,SYN.BTC-25SEP20,1581159540618,open,0.01,170.4,0.0005,0.0185,0.00745742,74.47,0.0075,0.0,BTC-25SEP20-4000-P,9821.04,72.43,0.0065,10.0,0.0085,27.0,76.53,5.13195,-0.83122,-2.2537,1e-05,-0.02649
10540.23,SYN.BTC-25SEP20,1581159540618,open,0.07,107.8,0.0425,0.1265,0.07650723,75.14,0.0775,0.0,BTC-25SEP20-18000-C,9821.04,74.56,0.075,11.4,0.078,4.9,75.7,27.8836,-4.55696,13.14049,5e-05,0.27446
10089.9,BTC-27MAR20,1581159540620,open,0.02,1586.9,0.0055,0.038,0.01669778,73.85,0.0165,0.0,BTC-27MAR20-14000-C,9821.04,72.96,0.016,20.0,0.0175,24.0,74.84,8.04048,-6.20096,1.60081,8e-05,0.13766
10540.23,SYN.BTC-25SEP20,1581159540620,open,0.02,390.4,0.0065,0.034,0.01646243,71.13,0.017,0.0,BTC-25SEP20-5000-P,9821.04,70.02,0.0155,10.0,0.0175,14.0,72.3,9.22906,-1.42795,-4.70615,2e-05,-0.05443
239.64,ETH-26JUN20,1581159540622,open,0.04,801.0,0.018,0.086,0.046832,95.15,0.043,0.0,ETH-26JUN20-480-C,225.59,93.42,0.044,296.0,0.05,120.0,97.04,0.39685,-0.13595,0.12755,0.00191,0.18672
10089.9,BTC-27MAR20,1581159540644,open,0.0,36.9,0.0005,0.0105,0.00091081,97.85,0.001,0.0,BTC-27MAR20-4500-P,9821.04,90.81,0.0005,0.1,0.0015,39.0,104.82,0.71475,-0.7304,-0.10509,1e-05,-0.00703
10314.27,BTC-26JUN20,1581159540646,open,0.03,1190.7,0.0105,0.0585,0.02697481,79.24,0.0265,0.0,BTC-26JUN20-20000-C,9821.04,78.5,0.026,15.0,0.028,6.0,80.0,13.70076,-3.90862,4.17652,4e-05,0.1334
10314.27,BTC-26JUN20,1581159540649,open,0.01,453.9,0.0005,0.0215,0.0087187,76.5,0.0085,0.0,BTC-26JUN20-5000-P,9821.04,75.07,0.008,15.0,0.0095,31.0,77.99,5.29543,-1.45853,-1.84636,2e-05,-0.03833
10089.9,BTC-27MAR20,1581159540651,open,0.23,56.0,0.1915,0.2675,0.2262015,67.13,0.248,0.0,BTC-27MAR20-12000-P,9821.04,59.73,0.2175,14.9,0.6795,0.1,399.97,12.23832,-8.58001,-12.56124,0.00014,-0.72292
10314.27,BTC-26JUN20,1581159540653,open,0.05,295.1,0.026,0.091,0.05152496,74.76,0.0525,0.0,BTC-26JUN20-16000-C,9821.04,73.96,0.05,14.0,0.053,4.9,75.54,19.56529,-5.26655,7.21246,6e-05,0.23531
10089.9,BTC-27MAR20,1581159540673,open,0.06,616.8,0.034,0.089,0.05818374,64.2,0.058,0.0,BTC-27MAR20-11000-C,9821.04,63.35,0.057,20.0,0.0595,3.0,65.14,14.11133,-9.46118,4.51441,0.00016,0.39929
10089.9,BTC-27MAR20,1581159540680,open,0.0,1389.6,0.0005,0.0105,0.00031152,97.85,0.0009,0.0,BTC-27MAR20-4000-P,9821.04,0.0,0.0,0.0,0.001,20.0,112.42,0.29917,-0.30574,-0.03922,0.0,-0.00265
10089.9,BTC-27MAR20,1581159540683,open,0.45,18.4,0.4445,0.4705,0.45656369,82.16,0.436,0.0,BTC-27MAR20-5500-C,9821.04,0.0,0.453,8.0,0.459,1.5,95.76,1.33075,-1.14182,7.00245,1e-05,0.98567
245.62,SYN.ETH-25SEP20,1581159540691,open,0.38,176.0,0.344,0.443,0.394528,89.06,0.363,0.0,ETH-25SEP20-180-C,225.59,86.23,0.388,260.0,0.399,120.0,91.0,0.56776,-0.10999,0.60584,0.00168,0.78617
245.62,SYN.ETH-25SEP20,1581159540715,open,0.22,943.0,0.171,0.292,0.232327,89.68,0.215,0.0,ETH-25SEP20-280-C,225.59,87.97,0.227,269.0,0.238,379.0,91.5,0.76626,-0.14946,0.51957,0.00225,0.5682
10089.9,BTC-27MAR20,1581159540723,open,0.02,1050.1,0.0065,0.035,0.01677598,63.61,0.017,0.0,BTC-27MAR20-8000-P,9821.04,62.59,0.016,24.0,0.0175,20.0,64.54,7.76261,-5.15662,-1.95289,9e-05,-0.13078
10314.27,BTC-26JUN20,1581159540723,open,0.04,405.7,0.016,0.0715,0.03647434,76.96,0.0365,0.0,BTC-26JUN20-18000-C,9821.04,76.34,0.0355,14.6,0.0375,4.9,77.6,16.38241,-4.53898,5.42462,5e-05,0.1747
10540.23,SYN.BTC-25SEP20,1581159540723,open,0.03,222.9,0.0165,0.058,0.03238297,69.43,0.031,0.0,BTC-25SEP20-6000-P,9821.04,68.04,0.0305,10.0,0.0335,6.0,70.25,14.37101,-2.17039,-8.59778,3e-05,-0.09714
10540.23,SYN.BTC-25SEP20,1581159540723,open,0.04,64.4,0.0175,0.0815,0.04073658,79.1,0.0435,0.0,BTC-25SEP20-24000-C,9821.04,78.19,0.039,9.9,0.0425,6.0,80.01,20.30313,-3.49331,7.87776,4e-05,0.15941
10089.9,BTC-27MAR20,1581159540735,open,0.0,351.8,0.0005,0.0125,0.00267146,98.6,0.0025,0.0,BTC-27MAR20-22000-C,9821.04,94.8,0.002,44.0,0.0035,64.0,102.5,1.95628,-2.01457,0.26271,1e-05,0.02252
245.62,SYN.ETH-25SEP20,1581159540737,open,0.34,282.0,0.299,0.405,0.353436,89.05,0.333,0.0,ETH-25SEP20-200-C,225.59,86.55,0.347,261.0,0.358,110.0,90.82,0.63196,-0.1224,0.59838,0.00187,0.74025
10089.9,BTC-27MAR20,1581159540739,open,0.01,1987.6,0.0005,0.0265,0.00946806,81.69,0.009,0.0,BTC-27MAR20-16000-C,9821.04,80.8,0.009,10.0,0.01,54.6,82.67,5.39129,-4.59942,0.92282,5e-05,0.0792
10540.23,SYN.BTC-25SEP20,1581159540739,open,0.06,174.2,0.0305,0.1065,0.06020995,76.24,0.0625,0.0,BTC-25SEP20-20000-C,9821.04,75.3,0.058,9.6,0.0625,4.9,77.19,25.0721,-4.15754,10.92369,5e-05,0.22477
245.62,SYN.ETH-25SEP20,1581159540758,open,0.31,656.0,0.259,0.372,0.316938,89.04,0.291,0.0,ETH-25SEP20-220-C,225.59,86.55,0.31,263.0,0.321,110.0,90.5,0.68308,-0.13229,0.58438,0.00202,0.6947
245.62,SYN.ETH-25SEP20,1581159540778,open,0.27,369.0,0.225,0.342,0.284554,89.03,0.29,0.0,ETH-25SEP20-240-C,225.59,86.81,0.278,265.0,0.291,375.0,91.23,0.7218,-0.13978,0.56575,0.00213,0.65028
10089.9,BTC-27MAR20,1581159540796,open,0.0,563.1,0.0005,0.0105,0.00091188,86.04,0.001,0.0,BTC-27MAR20-5000-P,9821.04,79.76,0.0005,126.3,0.0015,24.0,92.26,0.80117,-0.71995,-0.11797,1e-05,-0.008
10314.27,BTC-26JUN20,1581159540800,open,0.03,234.7,0.017,0.06,0.03380647,68.81,0.0345,0.0,BTC-26JUN20-7000-P,9821.04,67.81,0.0325,15.5,0.035,6.0,69.72,13.47357,-3.33814,-6.43646,5e-05,-0.13021
10540.23,SYN.BTC-25SEP20,1581159540800,open,0.12,327.7,0.0855,0.181,0.12726361,71.69,0.127,0.0,BTC-25SEP20-14000-C,9821.04,70.8,0.1245,8.8,0.13,4.9,72.57,32.61158,-5.08516,19.10644,7e-05,0.41509
10540.23,SYN.BTC-25SEP20,1581159540804,open,0.62,1.1,0.616,0.644,0.62796302,74.47,0.607,0.0,BTC-25SEP20-4000-C,9821.04,0.0,0.6205,6.1,0.6395,6.0,92.72,5.13342,-0.83154,22.9373,1e-05,0.9735
10540.23,SYN.BTC-25SEP20,1581159540804,open,0.02,18.0,0.0055,0.047,0.01773139,86.45,0.0175,0.0,BTC-25SEP20-36000-C,9821.04,85.32,0.0165,6.0,0.019,10.0,87.57,11.70808,-2.20156,3.7287,2e-05,0.0739
10089.9,BTC-27MAR20,1581159540806,open,0.0,1388.1,0.0005,0.0125,0.00297832,78.91,0.003,0.0,BTC-27MAR20-6000-P,9821.04,76.53,0.0025,20.0,0.0035,56.0,81.27,2.12915,-1.75477,-0.36907,2e-05,-0.02491
10540.23,SYN.BTC-25SEP20,1581159540819,open,0.28,106.7,0.2415,0.33,0.28227587,69.44,0.28,0.0,BTC-25SEP20-9000-C,9821.04,66.56,0.2745,7.8,0.283,7.8,69.7,28.49218,-4.30321,28.5931,6e-05,0.71301
245.62,SYN.ETH-25SEP20,1581159540822,open,0.11,242.0,0.065,0.176,0.117354,93.42,0.105,0.0,ETH-25SEP20-440-C,225.59,91.91,0.113,294.0,0.122,385.0,95.01,0.71328,-0.14493,0.34258,0.00201,0.33881
245.62,SYN.ETH-25SEP20,1581159540842,open,0.18,371.0,0.131,0.253,0.191795,90.39,0.198,0.0,ETH-25SEP20-320-C,225.59,88.56,0.186,274.0,0.198,374.0,92.35,0.77761,-0.15288,0.47056,0.00226,0.49598
239.64,ETH-26JUN20,1581159540969,open,0.44,533.0,0.422,0.489,0.455049,92.28,0.434,0.0,ETH-26JUN20-140-C,225.59,61.64,0.426,48.0,0.48,48.0,112.38,0.27715,-0.09208,0.39699,0.00137,0.89044
9831.59,SYN.BTC-10FEB20,1581159541105,open,1.1,0.0025,0.0385,0.01813878,47.71,0.0165,0.0,BTC-10FEB20-9750-C,9821.04,36.25,0.015,22.0,0.021,15.9,58.01,2.71774,-34.56729,0.29541,0.00115,0.60285
9831.59,SYN.BTC-10FEB20,1581159541105,open,0.0,0.0075,0.0475,0.02653146,47.72,None,0.0,BTC-10FEB20-9625-C,9821.04,33.67,0.0235,5.1,0.031,15.9,65.88,2.29415,-29.18539,0.35957,0.00097,0.73821
9831.59,SYN.BTC-10FEB20,1581159541110,open,1.1,0.0005,0.029,0.00983776,47.7,0.0105,0.0,BTC-10FEB20-9750-P,9821.04,37.35,0.007,20.5,0.0095,1.0,46.48,2.7177,-34.55988,-0.20562,0.00115,-0.39714
9831.59,SYN.BTC-10FEB20,1581159541110,open,2.1,0.0005,0.025,0.00764409,50.77,0.008,0.0,BTC-10FEB20-10000-C,9821.04,46.3,0.0065,5.0,0.009,22.0,55.96,2.54268,-34.41165,0.1613,0.00101,0.3269
9831.59,SYN.BTC-10FEB20,1581159541110,open,0.0,0.0005,0.0215,0.00551635,47.71,None,0.0,BTC-10FEB20-9625-P,9821.04,38.68,0.0035,30.0,0.0055,0.5,47.64,2.29394,-29.1758,-0.13503,0.00097,-0.26174
232.04,ETH-27MAR20,1581159541238,open,0.1,5871.0,0.07,0.149,0.10963,86.12,0.099,0.0,ETH-27MAR20-240-C,225.59,81.53,0.103,144.0,0.113,560.0,88.45,0.33488,-0.30119,0.12461,0.00551,0.51906
232.04,ETH-27MAR20,1581159541241,open,0.1,5871.0,0.07,0.149,0.10963,86.12,0.099,0.0,ETH-27MAR20-240-C,225.59,82.22,0.104,260.0,0.113,560.0,88.45,0.33488,-0.30119,0.12461,0.00551,0.51906
232.04,ETH-27MAR20,1581159541249,open,0.1,5871.0,0.07,0.149,0.10963,86.12,0.099,0.0,ETH-27MAR20-240-C,225.59,83.6,0.106,300.0,0.113,560.0,88.45,0.33488,-0.30119,0.12461,0.00551,0.51906
227.33,SYN.ETH-21FEB20,1581159541260,open,0.08,4.0,0.035,0.105,0.06829,82.68,0.079,0.0,ETH-21FEB20-230-P,225.59,76.96,0.064,180.0,0.072,414.0,87.63,0.17034,-0.54692,-0.04549,0.0113,-0.49897
239.64,ETH-26JUN20,1581159541309,open,0.11,1046.0,0.073,0.174,0.121991,90.67,0.109,0.0,ETH-26JUN20-320-C,225.59,88.58,0.117,417.0,0.126,417.0,92.34,0.57332,-0.18716,0.25911,0.00289,0.40617
9854.07,SYN.BTC-14FEB20,1581159541315,open,0.04,142.1,0.017,0.0645,0.03456972,52.0,0.031,0.0,BTC-14FEB20-10000-P,9821.04,43.78,0.0305,38.5,0.0335,4.1,49.85,4.89874,-21.67665,-0.96739,0.0006,-0.57528
9893.43,SYN.BTC-21FEB20,1581159541319,open,0.01,321.6,0.0005,0.0295,0.00804622,51.6,0.01,0.0,BTC-21FEB20-9000-P,9821.04,50.36,0.0075,30.0,0.009,30.1,53.72,4.38388,-8.7849,-0.56095,0.00025,-0.15268
9893.43,SYN.BTC-21FEB20,1581159541322,open,0.01,321.6,0.0005,0.0295,0.00804622,51.6,0.01,0.0,BTC-21FEB20-9000-P,9821.04,50.36,0.0075,50.0,0.009,30.1,53.72,4.38388,-8.7849,-0.56095,0.00025,-0.15268
9932.79,SYN.BTC-28FEB20,1581159541324,open,0.06,101.8,0.0325,0.0825,0.05457582,54.77,0.0585,0.0,BTC-28FEB20-10000-P,9821.04,52.54,0.0525,36.8,0.0565,0.2,56.83,9.24632,-12.73862,-2.97558,0.00031,-0.49556
10540.23,SYN.BTC-25SEP20,1581159541368,open,0.32,5.3,0.257,0.3735,0.30968486,70.1,0.311,0.0,BTC-25SEP20-12000-P,9821.04,68.77,0.3055,7.9,0.315,3.6,71.78,33.33657,-5.08274,-52.55774,7e-05,-0.48206
10540.23,SYN.BTC-25SEP20,1581159541375,open,0.2,166.7,0.156,0.253,0.20022067,69.3,0.2025,0.0,BTC-25SEP20-11000-C,9821.04,68.1,0.1965,8.2,0.2035,3.6,70.35,32.72693,-4.93272,25.09188,7e-05,0.57821
10540.23,SYN.BTC-25SEP20,1581159541380,open,0.03,95.3,0.0115,0.066,0.0298192,82.0,0.032,0.0,BTC-25SEP20-28000-C,9821.04,81.48,0.029,1.0,0.031,16.0,82.73,16.71152,-2.98047,5.97203,3e-05,0.11978
10540.23,SYN.BTC-25SEP20,1581159541381,open,0.1,179.9,0.061,0.1355,0.09307249,69.43,0.092,0.0,BTC-25SEP20-8000-P,9821.04,67.26,0.088,8.9,0.092,12.9,68.98,24.69526,-3.72959,-20.70848,5e-05,-0.21889
10540.23,SYN.BTC-25SEP20,1581159541384,open,0.25,46.0,0.195,0.3035,0.24383027,69.29,0.245,0.0,BTC-25SEP20-11000-P,9821.04,68.22,0.2405,10.7,0.249,4.9,70.96,32.72704,-4.93249,-44.18547,7e-05,-0.42179
10540.23,SYN.BTC-25SEP20,1581159541385,open,0.06,174.2,0.0305,0.1065,0.06020995,76.24,0.0625,0.0,BTC-25SEP20-20000-C,9821.04,75.3,0.058,9.6,0.062,4.9,76.99,25.0721,-4.15754,10.92369,5e-05,0.22477
10540.23,SYN.BTC-25SEP20,1581159541387,open,0.23,149.9,0.195,0.289,0.23808867,69.44,0.2335,0.0,BTC-25SEP20-10000-C,9821.04,67.21,0.2315,8.0,0.239,3.6,69.75,31.15095,-4.70475,26.99052,6e-05,0.64468
239.64,ETH-26JUN20,1581159541412,open,0.1,851.0,0.053,0.134,0.091053,89.99,0.089,0.0,ETH-26JUN20-180-P,225.59,86.05,0.084,459.0,0.092,279.0,90.52,0.43058,-0.13951,-0.27802,0.00219,-0.21386
239.64,ETH-26JUN20,1581159541431,open,0.14,1045.0,0.082,0.178,0.128091,89.99,0.14,0.0,ETH-26JUN20-200-P,225.59,85.55,0.119,446.0,0.129,266.0,90.43,0.49159,-0.15927,-0.36585,0.0025,-0.27316
239.64,ETH-26JUN20,1581159541456,open,0.18,4.0,0.118,0.227,0.171112,89.99,0.225,0.0,ETH-26JUN20-220-P,225.59,85.93,0.162,180.0,0.172,253.0,90.38,0.53726,-0.17407,-0.45966,0.00273,-0.33302
10314.27,BTC-26JUN20,1581159541549,open,0.03,234.7,0.017,0.06,0.03380647,68.81,0.0345,0.0,BTC-26JUN20-7000-P,9821.04,68.19,0.033,0.4,0.035,6.0,69.72,13.47357,-3.33814,-6.43646,5e-05,-0.13021
10314.27,BTC-26JUN20,1581159541549,open,0.03,234.7,0.017,0.06,0.03380647,68.81,0.0345,0.0,BTC-26JUN20-7000-P,9821.04,68.19,0.033,0.9,0.035,6.0,69.72,13.47357,-3.33814,-6.43646,5e-05,-0.13021
10314.27,BTC-26JUN20,1581159541554,open,0.03,234.7,0.017,0.06,0.03380647,68.81,0.0345,0.0,BTC-26JUN20-7000-P,9821.04,68.19,0.033,15.5,0.035,6.0,69.72,13.47357,-3.33814,-6.43646,5e-05,-0.13021
10089.81,BTC-27MAR20,1581159541636,open,0.14,1392.9,0.1215,0.179,0.14873779,61.58,0.147,0.0,BTC-27MAR20-9000-C,9820.31,58.84,0.1455,19.0,0.151,27.0,63.48,11.9991,-7.71704,7.74152,0.00015,0.73369
10313.27,BTC-26JUN20,1581159541636,open,0.98,0.1,0.9135,1.0305,0.96585736,78.97,1.85,0.0,BTC-26JUN20-20000-P,9820.31,0.0,0.0005,1.0,1.87,1.0,500.0,13.6136,-3.87057,-71.95332,4e-05,-0.86781
10089.81,BTC-27MAR20,1581159541638,open,0.15,64.2,0.1155,0.187,0.14834936,64.17,0.1495,0.0,BTC-27MAR20-11000-P,9820.31,62.85,0.1465,3.0,0.1495,4.0,64.99,14.11028,-9.45624,-9.91466,0.00016,-0.60081
10089.81,BTC-27MAR20,1581159541636,open,0.41,67.7,0.3685,0.447,0.4041813,73.78,0.4,0.0,BTC-27MAR20-14000-P,9820.31,0.0,0.0005,90.0,0.67,1.0,274.01,8.02918,-6.18657,-16.76548,8e-05,-0.86263
10313.27,BTC-26JUN20,1581159541638,open,0.61,1.6,0.552,0.6645,0.60263099,74.62,0.667,0.0,BTC-26JUN20-16000-P,9820.31,0.0,0.0005,5.0,0.75,1.0,139.35,19.52789,-5.24625,-53.68406,6e-05,-0.76546
10313.27,BTC-26JUN20,1581159541638,open,1.94,0.0,1.854,1.9925,1.91728495,88.13,None,0.0,BTC-26JUN20-30000-P,9820.31,0.0,0.0,0.0,0.0,0.0,0.0,6.05963,-1.92262,-112.69784,2e-05,-0.95472
10089.08,BTC-27MAR20,1581159541639,open,0.32,0.0,0.277,0.3545,0.31238136,70.0,0.407,0.0,BTC-27MAR20-13000-P,9820.31,0.0,0.0005,5.0,0.0,0.0,0.0,9.95699,-7.27928,-14.83586,0.00011,-0.8087
10089.08,BTC-27MAR20,1581159541639,open,2.0,0.0,1.9155,2.038,1.97393657,105.75,None,0.0,BTC-27MAR20-30000-P,9820.31,0.0,0.0005,1.0,0.0,0.0,0.0,0.43089,-0.47589,-39.30284,0.0,-0.99602
10313.27,BTC-26JUN20,1581159541639,open,2.14,0.0,2.044,2.188,2.10993503,89.8,None,0.0,BTC-26JUN20-32000-P,9820.31,0.0,0.0,0.0,0.0,0.0,0.0,5.32593,-1.72202,-120.5192,1e-05,-0.96139
10089.08,BTC-27MAR20,1581159541639,open,0.51,0.0,0.4625,0.542,0.49860241,77.09,None,0.0,BTC-27MAR20-15000-P,9820.31,0.0,0.0,0.0,0.0,0.0,0.0,6.41765,-5.16674,-18.50694,6e-05,-0.89989
10089.08,BTC-27MAR20,1581159541639,open,1.8,0.0,1.721,1.836,1.7758671,103.23,None,0.0,BTC-27MAR20-28000-P,9820.31,0.0,0.0005,1.0,0.0,0.0,0.0,0.57437,-0.61926,-36.66168,0.0,-0.99451
10313.27,BTC-26JUN20,1581159541640,open,0.22,511.4,0.1915,0.269,0.22732292,68.06,0.2255,0.0,BTC-26JUN20-9000-C,9820.31,67.44,0.226,23.5,0.2295,20.0,69.08,22.00234,-5.3911,18.6834,8e-05,0.70345
10313.27,BTC-26JUN20,1581159541641,open,0.44,12.5,0.3835,0.4935,0.43318473,72.6,0.619,0.0,BTC-26JUN20-14000-P,9820.31,0.0,0.0005,5.0,0.68,2.0,174.98,22.84571,-5.97131,-43.55346,8e-05,-0.67674
10089.08,BTC-27MAR20,1581159541641,open,0.31,584.7,0.295,0.334,0.3130685,69.7,0.313,0.0,BTC-27MAR20-7000-C,9820.31,0.0,0.298,7.0,0.3175,7.0,79.04,4.22117,-3.07252,8.32693,5e-05,0.9423
9854.07,SYN.BTC-14FEB20,1581159541636,open,0.13,1.4,0.12,0.1575,0.13834578,62.98,0.135,0.0,BTC-14FEB20-8500-C,9820.31,0.0,0.137,0.1,0.146,5.0,106.05,0.83641,-4.48274,1.32021,8e-05,0.97061
10540.23,SYN.BTC-25SEP20,1581159541636,open,1.34,0.0,1.253,1.3985,1.31770298,79.09,None,0.0,BTC-25SEP20-24000-P,9820.31,0.0,0.0005,1.0,0.0,0.0,0.0,20.298,-3.49188,-143.27588,4e-05,-0.84065
9932.79,SYN.BTC-28FEB20,1581159541637,open,0.44,4.1,0.435,0.4575,0.44633367,84.39,0.414,0.0,BTC-28FEB20-5500-C,9820.31,0.0,0.436,8.0,0.4595,8.0,188.07,0.07567,-0.16064,2.98944,0.0,0.99903
9854.07,SYN.BTC-14FEB20,1581159541635,open,0.02,424.2,0.008,0.049,0.01981536,49.14,0.019,0.0,BTC-14FEB20-9750-P,9820.31,45.48,0.018,26.8,0.02,4.2,49.51,4.88759,-20.43876,-0.69794,0.00064,-0.42017
10089.08,BTC-27MAR20,1581159541642,open,1.6,0.0,1.5265,1.636,1.57819115,104.02,None,0.0,BTC-27MAR20-26000-P,9820.31,0.0,0.001,1.0,0.0,0.0,0.0,0.97802,-1.06245,-33.98544,1e-05,-0.98995
9825.96,SYN.BTC-9FEB20,1581159541635,open,0.0,90.3,0.0005,0.0175,0.002993,47.09,0.002,0.0,BTC-9FEB20-10000-C,9820.31,43.67,0.0025,0.5,0.0035,24.0,50.46,1.44967,-29.40912,0.05274,0.00133,0.22672
9893.43,SYN.BTC-21FEB20,1581159541635,open,0.05,31.6,0.028,0.079,0.04418567,51.21,0.0425,0.0,BTC-21FEB20-10000-P,9820.31,48.95,0.0425,38.6,0.0455,3.0,52.96,7.39819,-14.71154,-1.98729,0.00042,-0.52524
9854.07,SYN.BTC-14FEB20,1581159541635,open,0.01,306.8,0.0005,0.026,0.00768235,56.66,0.008,0.0,BTC-14FEB20-10500-C,9820.31,54.7,0.007,0.1,0.0085,44.2,58.94,3.48371,-16.79692,0.30259,0.00039,0.19843
9932.79,SYN.BTC-28FEB20,1581159541636,open,0.0,876.8,0.0005,0.012,0.00247984,70.07,0.0025,0.0,BTC-28FEB20-7500-P,9820.31,67.31,0.002,0.1,0.003,60.0,72.75,1.83044,-3.22665,-0.20782,5e-05,-0.03594
9893.43,SYN.BTC-21FEB20,1581159541635,open,0.02,20.4,0.0105,0.0505,0.0210233,51.24,0.0225,0.0,BTC-21FEB20-9500-P,9820.31,48.96,0.0195,44.0,0.0225,47.0,53.43,6.63854,-13.20895,-1.18757,0.00038,-0.31926
9893.43,SYN.BTC-21FEB20,1581159541635,open,0.03,76.4,0.0195,0.065,0.03343238,51.23,0.034,0.0,BTC-21FEB20-10000-C,9820.31,53.33,0.035,3.0,0.0385,38.0,58.01,7.39823,-14.71871,1.54034,0.00042,0.47479
9932.79,SYN.BTC-28FEB20,1581159541639,open,0.01,367.6,0.0005,0.0265,0.00994292,68.01,0.0085,0.0,BTC-28FEB20-12000-C,9820.31,66.1,0.009,50.0,0.011,50.0,70.08,4.98353,-8.52669,0.66609,0.00014,0.13309
9825.96,SYN.BTC-9FEB20,1581159541636,open,0.0,39.9,0.0005,0.013,0.00142728,51.05,0.0025,0.0,BTC-9FEB20-10125-C,9820.31,46.3,0.001,19.0,0.002,30.0,56.57,0.94991,-14.02441,0.02742,0.0008,0.11774
9854.07,SYN.BTC-14FEB20,1581159541636,open,0.02,503.1,0.007,0.0465,0.0197696,52.02,0.021,0.0,BTC-14FEB20-10000-C,9820.31,49.46,0.0185,22.9,0.021,21.5,54.49,4.89882,-21.68413,0.64243,0.0006,0.42476
9854.07,SYN.BTC-14FEB20,1581159541635,open,0.0,533.2,0.0005,0.017,0.00272136,53.43,0.0035,0.0,BTC-14FEB20-9000-P,9820.31,49.52,0.002,50.0,0.0035,31.1,57.14,1.94789,-8.85609,-0.13937,0.00023,-0.08514
9893.43,SYN.BTC-21FEB20,1581159541635,open,0.06,6.4,0.043,0.093,0.06080767,51.26,0.059,0.0,BTC-21FEB20-9500-C,9820.31,50.81,0.0605,3.0,0.0675,21.8,61.1,6.63913,-13.21687,2.16334,0.00038,0.68068
9854.07,SYN.BTC-14FEB20,1581159541636,open,0.01,632.0,0.0005,0.025,0.00535803,50.7,0.0055,0.0,BTC-14FEB20-9250-P,9820.31,47.78,0.0045,33.2,0.006,30.1,52.79,2.97832,-12.8508,-0.25426,0.00038,-0.15493
9854.07,SYN.BTC-14FEB20,1581159541636,open,0.0,202.9,0.0005,0.013,0.00245436,67.79,0.002,0.0,BTC-14FEB20-11250-C,9820.31,64.89,0.002,0.1,0.003,30.7,70.93,1.6261,-9.3811,0.10266,0.00015,0.06717
9893.43,SYN.BTC-21FEB20,1581159541635,open,0.02,31.7,0.0125,0.054,0.02713722,56.09,0.0275,0.0,BTC-21FEB20-10250-C,9820.31,53.81,0.0255,44.0,0.0285,3.0,57.98,7.12124,-15.51186,1.26093,0.00037,0.38844
9893.43,SYN.BTC-21FEB20,1581159541636,open,0.04,47.7,0.03,0.078,0.04578287,51.23,0.042,0.0,BTC-21FEB20-9750-C,9820.31,52.21,0.0465,18.0,0.0505,36.1,57.65,7.26643,-14.4572,1.86166,0.00041,0.57921
9893.43,SYN.BTC-21FEB20,1581159541635,open,0.03,93.9,0.018,0.064,0.03126733,51.21,0.0385,0.0,BTC-21FEB20-9750-P,9820.31,48.8,0.0295,41.0,0.0325,3.0,52.89,7.26635,-14.45016,-1.57761,0.00041,-0.42077
10540.23,SYN.BTC-25SEP20,1581159541640,open,1.71,0.0,1.6175,1.7715,1.68628,81.98,None,0.0,BTC-25SEP20-28000-P,9820.31,0.0,0.0005,1.0,0.0,0.0,0.0,16.70387,-2.97847,-170.37429,3e-05,-0.88029
9854.07,SYN.BTC-14FEB20,1581159541636,open,0.04,288.8,0.029,0.0755,0.04661498,49.47,0.046,0.0,BTC-14FEB20-9500-C,9820.31,49.2,0.0465,1.0,0.051,13.1,59.64,4.12997,-17.3867,1.08486,0.00053,0.73051
9893.43,SYN.BTC-21FEB20,1581159541635,open,0.09,0.0,0.057,0.1135,0.08170218,57.65,None,0.0,BTC-21FEB20-10500-P,9820.31,43.9,0.073,16.6,0.0825,6.0,58.85,6.557,-14.67984,-2.69267,0.00033,-0.68984
9825.96,SYN.BTC-9FEB20,1581159541636,open,0.0,43.5,0.0005,0.0155,0.00197146,44.41,0.0015,0.0,BTC-9FEB20-9625-P,9820.31,40.41,0.0015,0.5,0.0025,30.0,48.54,1.21021,-19.37152,-0.04015,0.00118,-0.16833
9825.96,SYN.BTC-9FEB20,1581159541636,open,0.04,0.0,0.011,0.0545,0.03185926,51.04,None,0.0,BTC-9FEB20-10125-P,9820.31,0.0,0.0245,5.0,0.0375,5.0,92.87,0.94954,-24.2317,-0.21551,0.0008,-0.88233
245.62,SYN.ETH-25SEP20,1581159541814,open,0.07,393.0,0.034,0.097,0.062354,89.07,0.069,0.0,ETH-25SEP20-140-P,225.59,86.39,0.058,463.0,0.085,70.0,102.48,0.40201,-0.07788,-0.29034,0.00119,-0.12533
245.62,SYN.ETH-25SEP20,1581159541817,open,0.07,393.0,0.034,0.097,0.062354,89.07,0.069,0.0,ETH-25SEP20-140-P,225.59,86.39,0.058,463.0,0.073,293.0,95.47,0.40201,-0.07788,-0.29034,0.00119,-0.12533
245.62,SYN.ETH-25SEP20,1581159541821,open,0.07,393.0,0.034,0.097,0.062354,89.07,0.069,0.0,ETH-25SEP20-140-P,225.59,86.39,0.058,463.0,0.066,170.0,91.28,0.40201,-0.07788,-0.29034,0.00119,-0.12533
239.64,ETH-26JUN20,1581159542112,open,0.05,933.0,0.026,0.103,0.059991,95.02,0.057,0.0,ETH-26JUN20-440-C,225.59,92.3,0.055,412.0,0.062,412.0,96.09,0.44723,-0.153,0.15367,0.00215,0.22853
232.04,ETH-27MAR20,1581159542228,open,0.0,278.0,0.001,0.012,0.002416,104.98,0.004,0.0,ETH-27MAR20-110-P,225.59,92.15,0.001,96.0,0.005,300.0,119.32,0.03299,-0.03617,-0.0055,0.00045,-0.01564
232.04,ETH-27MAR20,1581159542236,open,0.0,278.0,0.001,0.012,0.002416,104.98,0.004,0.0,ETH-27MAR20-110-P,225.59,92.15,0.001,416.0,0.005,300.0,119.32,0.03299,-0.03617,-0.0055,0.00045,-0.01564
226.39,SYN.ETH-14FEB20,1581159542270,open,0.02,1253.0,0.004,0.048,0.021361,86.76,0.012,0.0,ETH-14FEB20-240-C,225.59,79.23,0.018,286.0,0.023,240.0,90.37,0.10236,-0.75569,0.01079,0.0143,0.31731
239.61,ETH-26JUN20,1581159542300,open,0.07,1351.0,0.032,0.095,0.060476,89.98,0.068,0.0,ETH-26JUN20-160-P,225.6,86.94,0.056,469.0,0.063,469.0,91.67,0.35579,-0.11526,-0.19865,0.00181,-0.15742
232.05,ETH-27MAR20,1581159542301,open,0.16,134.0,0.099,0.191,0.14389,86.11,0.155,0.0,ETH-27MAR20-240-P,225.6,81.33,0.137,351.0,0.148,207.0,88.96,0.33489,-0.30116,-0.19017,0.00551,-0.4809
232.05,ETH-27MAR20,1581159542301,open,0.0,3323.0,0.001,0.018,0.005318,103.53,0.004,0.0,ETH-27MAR20-480-C,225.6,98.93,0.004,520.0,0.007,520.0,108.48,0.07239,-0.07827,0.01055,0.00099,0.03998
232.05,ETH-27MAR20,1581159542301,open,0.44,10.0,0.358,0.472,0.412699,91.16,1.59,0.0,ETH-27MAR20-320-P,225.6,0.0,0.011,5.0,0.954,1.0,500.0,0.24185,-0.23026,-0.36623,0.00376,-0.79053
232.05,ETH-27MAR20,1581159542301,open,0.78,5.0,0.678,0.801,0.735955,97.48,2.004,0.0,ETH-27MAR20-400-P,225.6,0.0,0.046,50.0,1.255,1.0,500.0,0.13193,-0.13432,-0.5022,0.00192,-0.91399
239.62,ETH-26JUN20,1581159542302,open,0.15,987.0,0.108,0.214,0.161038,89.68,0.157,0.0,ETH-26JUN20-280-C,225.6,87.63,0.156,140.0,0.166,410.0,91.69,0.58965,-0.19038,0.30723,0.00301,0.49802
232.05,ETH-27MAR20,1581159542302,open,0.43,112.0,0.425,0.469,0.446254,100.84,0.194,0.0,ETH-27MAR20-130-C,225.6,61.0,0.44,43.0,0.458,43.0,130.02,0.07011,-0.07384,0.15685,0.00098,0.96156
232.05,ETH-27MAR20,1581159542302,open,0.56,1148.0,0.557,0.586,0.570907,112.32,0.346,0.0,ETH-27MAR20-100-C,225.6,0.0,0.569,1.0,0.58,49.0,156.45,0.02534,-0.02973,0.1271,0.00032,0.98848
227.33,SYN.ETH-21FEB20,1581159542300,open,0.04,1.0,0.009,0.058,0.02951,83.51,0.038,0.0,ETH-21FEB20-210-P,225.6,77.91,0.026,240.0,0.032,579.0,87.43,0.14363,-0.4658,-0.02479,0.00943,-0.27958
232.05,ETH-27MAR20,1581159542303,open,0.47,158.0,0.469,0.507,0.487273,104.4,0.211,0.0,ETH-27MAR20-120-C,225.6,65.12,0.483,45.0,0.498,45.0,137.45,0.05175,-0.05643,0.14796,0.0007,0.97339
228.28,SYN.ETH-28FEB20,1581159542301,open,0.13,2756.0,0.117,0.186,0.152492,85.92,0.121,0.0,ETH-28FEB20-200-C,225.6,76.36,0.146,184.0,0.162,221.0,99.17,0.15923,-0.34416,0.07755,0.00653,0.77632
228.28,SYN.ETH-28FEB20,1581159542303,open,0.17,1770.0,0.154,0.219,0.18682,88.3,0.175,0.0,ETH-28FEB20-190-C,225.6,0.0,0.157,36.0,0.203,36.0,114.34,0.1297,-0.2881,0.08117,0.00518,0.83983
227.33,SYN.ETH-21FEB20,1581159542300,open,0.01,2.0,0.003,0.039,0.015947,92.32,0.016,0.0,ETH-21FEB20-270-C,225.6,88.32,0.014,240.0,0.018,535.0,96.36,0.11307,-0.40535,0.01337,0.00672,0.18266
227.33,SYN.ETH-21FEB20,1581159542300,open,0.23,0.0,0.161,0.249,0.203272,91.61,None,0.0,ETH-21FEB20-270-P,225.6,0.0,0.0,0.0,0.0,0.0,0.0,0.11222,-0.39919,-0.08202,0.00672,-0.81955
226.39,SYN.ETH-14FEB20,1581159542300,open,0.23,12.0,0.226,0.273,0.249747,105.23,0.224,0.0,ETH-14FEB20-170-C,225.6,0.0,0.249,1.0,0.267,33.0,215.54,0.00992,-0.08881,0.02685,0.00114,0.98653
226.39,SYN.ETH-14FEB20,1581159542300,open,0.14,0.0,0.079,0.158,0.116924,89.72,None,0.0,ETH-14FEB20-250-P,225.6,0.0,0.0,0.0,0.0,0.0,0.0,0.08224,-0.62787,-0.03314,0.01111,-0.79233
226.39,SYN.ETH-14FEB20,1581159542300,open,0.18,1.0,0.118,0.199,0.156602,95.39,0.241,0.0,ETH-14FEB20-260-P,225.6,0.0,0.0,0.0,0.0,0.0,0.0,0.06374,-0.51742,-0.03707,0.0081,-0.86062
228.28,SYN.ETH-28FEB20,1581159542300,open,0.06,829.0,0.042,0.11,0.075293,84.69,0.06,0.0,ETH-28FEB20-230-C,225.6,81.14,0.072,180.0,0.079,614.0,88.68,0.21212,-0.45191,0.05581,0.00883,0.52423
227.33,SYN.ETH-21FEB20,1581159542300,open,0.24,0.0,0.23,0.282,0.255813,96.54,None,0.0,ETH-21FEB20-170-C,225.6,0.0,0.252,35.0,0.273,34.0,154.73,0.0406,-0.15223,0.05606,0.00231,0.95482
226.39,SYN.ETH-14FEB20,1581159542300,open,0.04,1469.0,0.006,0.058,0.027979,81.28,0.029,0.0,ETH-14FEB20-220-P,225.6,72.95,0.024,509.0,0.031,509.0,87.57,0.10855,-0.75078,-0.01454,0.01619,-0.37098
245.62,SYN.ETH-25SEP20,1581159542300,open,0.01,813.0,0.001,0.014,0.00436,95.55,0.009,0.0,ETH-25SEP20-60-P,225.6,89.71,0.003,470.0,0.006,301.0,101.31,0.06357,-0.01321,-0.02626,0.00018,-0.01261
226.39,SYN.ETH-14FEB20,1581159542300,open,0.07,32.0,0.018,0.083,0.048755,78.99,0.048,0.0,ETH-14FEB20-230-P,225.6,71.52,0.045,408.0,0.05,6.0,81.47,0.11393,-0.76585,-0.02156,0.01748,-0.54287
227.33,SYN.ETH-21FEB20,1581159542300,open,0.01,13.0,0.002,0.032,0.011868,95.09,0.012,0.0,ETH-21FEB20-280-C,225.6,90.48,0.01,600.0,0.014,600.0,100.0,0.09533,-0.352,0.01033,0.0055,0.14064
245.62,SYN.ETH-25SEP20,1581159542300,open,0.09,25.0,0.045,0.148,0.091814,96.36,0.078,0.0,ETH-25SEP20-520-C,225.6,93.37,0.084,294.0,0.1,290.0,99.41,0.65014,-0.13626,0.283,0.00178,0.27476
227.33,SYN.ETH-21FEB20,1581159542300,open,0.27,0.0,0.201,0.29,0.243168,94.21,None,0.0,ETH-21FEB20-280-P,225.6,0.0,0.0,0.0,0.0,0.0,0.0,0.09413,-0.34439,-0.08862,0.00548,-0.86194
228.28,SYN.ETH-28FEB20,1581159542301,open,0.21,1825.0,0.194,0.255,0.224345,92.0,0.218,0.0,ETH-28FEB20-180-C,225.6,46.88,0.212,35.0,0.243,35.0,127.3,0.10169,-0.23535,0.08245,0.0039,0.88765
228.28,SYN.ETH-28FEB20,1581159542304,open,0.03,1698.0,0.009,0.055,0.028365,85.56,0.032,0.0,ETH-28FEB20-200-P,225.6,82.13,0.026,500.0,0.03,288.0,87.89,0.15894,-0.34209,-0.03124,0.00655,-0.22297
226.39,SYN.ETH-14FEB20,1581159542300,open,0.0,0.159,0.241,0.198235,101.9,None,0.0,ETH-14FEB20-270-P,225.6,0.0,0.0,0.0,0.0,0.0,0.0,0.04936,-0.42801,-0.04013,0.00587,-0.90283
232.05,ETH-27MAR20,1581159542317,open,0.61,7.0,0.515,0.633,0.571159,94.32,1.702,0.0,ETH-27MAR20-360-P,225.6,0.0,0.01,30.0,1.103,1.0,500.0,0.1801,-0.1774,-0.4379,0.0027,-0.86754
228.28,SYN.ETH-28FEB20,1581159542427,open,0.17,1770.0,0.154,0.219,0.18682,88.3,0.175,0.0,ETH-28FEB20-190-C,225.6,0.0,0.156,36.0,0.203,36.0,114.34,0.1297,-0.2881,0.08117,0.00518,0.83983
228.28,SYN.ETH-28FEB20,1581159542641,open,0.08,1280.0,0.061,0.132,0.096974,84.93,0.1,0.0,ETH-28FEB20-220-C,225.6,80.48,0.093,180.0,0.101,591.0,89.43,0.20403,-0.43592,0.06406,0.00847,0.61235
228.28,SYN.ETH-28FEB20,1581159542714,open,0.17,1770.0,0.154,0.219,0.18682,88.3,0.175,0.0,ETH-28FEB20-190-C,225.6,0.0,0.158,36.0,0.203,36.0,114.34,0.1297,-0.2881,0.08117,0.00518,0.83983
245.62,SYN.ETH-25SEP20,1581159542912,open,0.07,393.0,0.034,0.097,0.062354,89.07,0.069,0.0,ETH-25SEP20-140-P,225.6,86.39,0.058,463.0,0.066,463.0,91.28,0.40201,-0.07788,-0.29034,0.00119,-0.12533
232.05,ETH-27MAR20,1581159542995,open,0.31,2810.0,0.299,0.358,0.328109,91.02,0.325,0.0,ETH-27MAR20-160-C,225.6,84.12,0.324,300.0,0.354,40.0,125.77,0.14541,-0.13822,0.17465,0.00226,0.90193
226.39,SYN.ETH-14FEB20,1581159542997,open,0.1,509.0,0.092,0.155,0.124021,89.53,0.12,0.0,ETH-14FEB20-200-C,225.6,0.0,0.097,32.0,0.142,32.0,144.1,0.05929,-0.45167,0.02735,0.00803,0.87452
239.61,ETH-26JUN20,1581159543003,open,0.51,308.0,0.495,0.548,0.520819,92.66,0.505,0.0,ETH-26JUN20-120-C,225.6,54.98,0.501,51.0,0.542,50.0,115.63,0.19268,-0.06428,0.37543,0.00095,0.93263
245.62,SYN.ETH-25SEP20,1581159543009,open,0.22,943.0,0.171,0.292,0.232327,89.68,0.215,0.0,ETH-25SEP20-280-C,225.6,87.97,0.227,379.0,0.238,379.0,91.5,0.76626,-0.14946,0.51957,0.00225,0.5682
227.33,SYN.ETH-21FEB20,1581159543032,open,0.01,13.0,0.002,0.032,0.011868,95.09,0.012,0.0,ETH-21FEB20-280-C,225.6,90.48,0.01,300.0,0.014,600.0,100.0,0.09533,-0.352,0.01033,0.0055,0.14064
239.61,ETH-26JUN20,1581159543034,open,0.07,1351.0,0.032,0.095,0.060476,89.98,0.068,0.0,ETH-26JUN20-160-P,225.6,86.94,0.056,180.0,0.063,469.0,91.67,0.35579,-0.11526,-0.19865,0.00181,-0.15742
245.62,SYN.ETH-25SEP20,1581159543050,open,0.31,656.0,0.259,0.372,0.316938,89.04,0.291,0.0,ETH-25SEP20-220-C,225.6,86.55,0.31,373.0,0.321,110.0,90.5,0.68308,-0.13229,0.58438,0.00202,0.6947
232.05,ETH-27MAR20,1581159543072,open,0.31,2810.0,0.299,0.358,0.328109,91.02,0.325,0.0,ETH-27MAR20-160-C,225.6,84.12,0.324,300.0,0.355,40.0,126.96,0.14541,-0.13822,0.17465,0.00226,0.90193
239.61,ETH-26JUN20,1581159543074,open,0.51,308.0,0.495,0.548,0.520819,92.66,0.505,0.0,ETH-26JUN20-120-C,225.6,54.98,0.501,51.0,0.543,50.0,116.61,0.19268,-0.06428,0.37543,0.00095,0.93263
9825.23,SYN.BTC-9FEB20,1581159543101,open,0.02,39.6,0.0005,0.0315,0.01139707,44.05,0.0105,0.0,BTC-9FEB20-9875-P,9820.31,28.62,0.0085,36.1,0.0115,19.2,44.59,1.87258,-41.23957,-0.14139,0.00184,-0.5884
239.61,ETH-26JUN20,1581159543117,open,0.66,0.0,0.658,0.685,0.670786,98.09,None,0.0,ETH-26JUN20-80-C,225.6,76.16,0.667,58.0,0.684,58.0,131.26,0.0629,-0.02221,0.28447,0.00029,0.98281
232.03,ETH-27MAR20,1581159543308,open,0.39,665.0,0.382,0.43,0.405671,96.86,0.385,0.0,ETH-27MAR20-140-C,225.58,56.89,0.397,41.0,0.413,341.0,112.99,0.09091,-0.09197,0.16472,0.00133,0.9469
228.28,SYN.ETH-28FEB20,1581159543307,open,0.13,3.0,0.07,0.152,0.109636,85.4,0.115,0.0,ETH-28FEB20-240-P,225.58,77.08,0.102,371.0,0.111,180.0,86.89,0.21009,-0.45136,-0.08327,0.00867,-0.56026
228.28,SYN.ETH-28FEB20,1581159543307,open,0.01,2131.0,0.003,0.031,0.01263,91.49,0.016,0.0,ETH-28FEB20-180-P,225.58,87.7,0.011,560.0,0.014,381.0,94.52,0.101,-0.23245,-0.0154,0.00389,-0.11128
232.03,ETH-27MAR20,1581159543322,open,0.61,7.0,0.515,0.633,0.571159,94.16,1.702,0.0,ETH-27MAR20-360-P,225.58,0.0,0.01,30.0,1.104,1.0,500.0,0.17954,-0.17654,-0.43804,0.0027,-0.86813
245.62,SYN.ETH-25SEP20,1581159543361,open,0.61,0.0,0.592,0.64,0.615526,91.1,None,0.0,ETH-25SEP20-100-C,225.58,62.08,0.597,56.0,0.628,56.0,104.17,0.21467,-0.04254,0.51075,0.00062,0.94569
228.28,SYN.ETH-28FEB20,1581159543536,open,0.08,1280.0,0.061,0.132,0.096974,84.93,0.1,0.0,ETH-28FEB20-220-C,225.58,79.36,0.092,180.0,0.101,591.0,89.43,0.20403,-0.43592,0.06406,0.00847,0.61235
226.39,SYN.ETH-14FEB20,1581159543547,open,0.1,52.0,0.045,0.12,0.081149,86.05,0.082,0.0,ETH-14FEB20-240-P,225.58,72.04,0.075,180.0,0.084,180.0,92.31,0.10212,-0.74774,-0.0279,0.01438,-0.68442
239.59,ETH-26JUN20,1581159543562,open,0.14,1045.0,0.082,0.178,0.128091,89.95,0.14,0.0,ETH-26JUN20-200-P,225.58,85.51,0.119,446.0,0.129,446.0,90.39,0.49159,-0.1592,-0.36588,0.0025,-0.27327
10312.86,BTC-26JUN20,1581159543567,open,1.94,0.0,1.855,1.9925,1.91782779,88.84,None,0.0,BTC-26JUN20-30000-P,9820.31,0.0,0.0,0.0,0.0,0.0,0.0,6.24612,-1.99795,-112.64624,2e-05,-0.95298
10537.08,SYN.BTC-25SEP20,1581159543596,open,1.34,0.0,1.253,1.3985,1.31772547,78.77,None,0.0,BTC-25SEP20-24000-P,9820.31,0.0,0.0005,1.0,0.0,0.0,0.0,20.14688,-3.45166,-143.34959,4e-05,-0.84239
10537.08,SYN.BTC-25SEP20,1581159543598,open,1.71,0.0,1.6175,1.7715,1.68631022,81.51,None,0.0,BTC-25SEP20-28000-P,9820.31,0.0,0.0005,1.0,0.0,0.0,0.0,16.4842,-2.92252,-170.46952,3e-05,-0.88247
10089.01,BTC-27MAR20,1581159543607,open,1.2,5.6,1.1385,1.2345,1.18324487,98.52,1.545,0.0,BTC-27MAR20-22000-P,9820.31,0.0,0.0005,1.0,0.0,0.0,0.0,1.94767,-2.00408,-28.59519,1e-05,-0.97759
9931.87,SYN.BTC-28FEB20,1581159543616,open,0.03,303.7,0.015,0.0575,0.03316188,59.88,0.034,0.0,BTC-28FEB20-10500-C,9820.31,58.56,0.032,20.0,0.0345,11.0,61.39,8.76113,-13.19698,1.8291,0.00027,0.37136
10089.01,BTC-27MAR20,1581159543618,open,0.03,346.7,0.012,0.0485,0.02621481,61.89,0.0275,0.0,BTC-27MAR20-8500-P,9820.31,61.16,0.0255,19.3,0.027,3.0,62.68,9.92604,-6.41563,-2.86561,0.00012,-0.19033
10089.01,BTC-27MAR20,1581159543618,open,0.55,28.5,0.545,0.566,0.55488485,97.89,0.5365,0.0,BTC-27MAR20-4500-C,9820.31,0.0,0.5445,9.0,0.564,9.0,147.84,0.71684,-0.73287,5.79704,1e-05,0.99295
10312.86,BTC-26JUN20,1581159543618,open,1.75,0.0,1.6655,1.798,1.72566918,87.15,None,0.0,BTC-26JUN20-28000-P,9820.31,0.0,0.0,0.0,0.0,0.0,0.0,7.17803,-2.25223,-104.75375,2e-05,-0.944
10537.08,SYN.BTC-25SEP20,1581159543618,open,2.08,0.0,1.9855,2.1475,2.05822472,83.39,None,0.0,BTC-25SEP20-32000-P,9820.31,0.0,0.0005,1.0,0.0,0.0,0.0,13.45481,-2.4405,-197.05135,2e-05,-0.91111
9931.87,SYN.BTC-28FEB20,1581159543618,open,0.27,0.0,0.2365,0.2995,0.2656603,71.27,None,0.0,BTC-28FEB20-12500-P,9820.31,0.0,0.004,0.1,0.0,0.0,0.0,3.97314,-7.12316,-6.32129,0.0001,-0.90315
9931.87,SYN.BTC-28FEB20,1581159543618,open,0.19,272.8,0.1795,0.2185,0.198313,61.85,0.1975,0.0,BTC-28FEB20-8000-C,9820.31,56.47,0.197,6.0,0.206,6.0,82.97,2.69233,-4.18911,4.02149,8e-05,0.94189
9931.87,SYN.BTC-28FEB20,1581159543618,open,0.15,426.5,0.131,0.1745,0.15175548,57.61,0.1485,0.0,BTC-28FEB20-8500-C,9820.31,0.0,0.128,6.0,0.1595,6.0,72.89,4.36428,-6.32451,3.99145,0.00014,0.88978
9931.87,SYN.BTC-28FEB20,1581159543618,open,0.29,60.5,0.2815,0.314,0.29671519,77.4,0.297,0.0,BTC-28FEB20-7000-C,9820.31,61.74,0.2955,7.0,0.3035,7.0,109.28,1.18433,-2.30589,3.6883,3e-05,0.97869
10537.08,SYN.BTC-25SEP20,1581159543618,open,0.97,0.1,0.8955,1.0345,0.95769568,76.02,1.21,0.0,BTC-25SEP20-20000-P,9820.31,0.0,0.0005,1.0,0.0,0.0,0.0,24.98025,-4.13032,-115.0891,5e-05,-0.77656
9931.87,SYN.BTC-28FEB20,1581159543618,open,0.01,211.8,0.004,0.0335,0.01443602,64.96,0.014,0.0,BTC-28FEB20-11500-C,9820.31,63.45,0.0135,44.0,0.0155,44.0,66.64,6.21498,-10.15595,0.92991,0.00018,0.18638
10537.08,SYN.BTC-25SEP20,1581159543618,open,0.63,1.9,0.5555,0.6875,0.61499138,73.15,0.6255,0.0,BTC-25SEP20-16000-P,9820.31,0.0,0.0,0.0,0.8575,0.9,151.24,30.42497,-4.84113,-85.01659,6e-05,-0.66611
10089.01,BTC-27MAR20,1581159543620,open,0.18,76.0,0.1585,0.212,0.18371975,61.89,0.18,0.0,BTC-27MAR20-8500-C,9820.31,59.09,0.181,3.0,0.1875,19.0,65.67,9.92659,-6.4166,8.28322,0.00012,0.80965
10089.01,BTC-27MAR20,1581159543620,open,0.6,33.4,0.594,0.6135,0.60384359,97.95,0.5865,0.0,BTC-27MAR20-4000-C,9820.31,0.0,0.595,10.0,0.612,10.0,160.74,0.30132,-0.30823,5.20711,0.0,0.99733
10312.86,BTC-26JUN20,1581159543623,open,0.61,0.5,0.6055,0.629,0.6156192,81.35,0.589,0.0,BTC-26JUN20-4000-C,9820.31,0.0,0.605,8.0,0.626,8.0,107.86,2.58022,-0.75576,14.44494,1e-05,0.98375
10312.86,BTC-26JUN20,1581159543637,open,0.43,73.7,0.4155,0.46,0.43524421,70.94,0.44,0.0,BTC-26JUN20-6000-C,9820.31,47.5,0.421,7.0,0.449,7.0,85.19,8.78569,-2.24402,19.31061,3e-05,0.92738
10312.86,BTC-26JUN20,1581159543637,open,0.0,305.2,0.0005,0.0105,0.00091288,85.7,0.001,0.0,BTC-26JUN20-3000-P,9820.31,79.7,0.0005,58.0,0.0015,15.0,91.57,0.86366,-0.26648,-0.21862,0.0,-0.00466
9931.87,SYN.BTC-28FEB20,1581159543640,open,0.0,278.7,0.0005,0.0105,3.992e-05,82.07,0.001,0.0,BTC-28FEB20-5500-P,9820.31,0.0,0.0,0.0,0.001,20.0,115.61,0.05859,-0.12097,-0.00418,0.0,-0.00073
10537.08,SYN.BTC-25SEP20,1581159543640,open,0.46,2.0,0.3985,0.5245,0.4555046,71.59,0.4515,0.0,BTC-25SEP20-14000-P,9820.31,0.0,0.0005,5.0,0.522,1.0,92.76,32.59034,-5.07465,-69.08656,7e-05,-0.58555
10537.08,SYN.BTC-25SEP20,1581159543640,open,0.8,0.2,0.723,0.8595,0.78424761,74.96,1.02,0.0,BTC-25SEP20-18000-P,9820.31,0.0,0.0005,1.0,0.0,0.0,0.0,27.82106,-4.53636,-100.26434,5e-05,-0.72662
9931.87,SYN.BTC-28FEB20,1581159543640,open,0.18,0.1,0.1435,0.2055,0.17221786,64.79,0.184,0.0,BTC-28FEB20-11500-P,9820.31,0.0,0.0005,5.0,0.0,0.0,0.0,6.1998,-10.10459,-5.33569,0.00018,-0.81436
10312.86,BTC-26JUN20,1581159543644,open,0.52,0.0,0.509,0.543,0.52391543,76.54,None,0.0,BTC-26JUN20-5000-C,9820.31,0.0,0.515,7.1,0.5385,7.0,98.4,5.30419,-1.46175,17.17355,2e-05,0.96159
10089.01,BTC-27MAR20,1581159543644,open,0.0,156.1,0.0005,0.0105,0.00071588,111.3,0.001,0.0,BTC-27MAR20-30000-C,9820.31,107.41,0.0005,55.6,0.001,1.0,115.26,0.63723,-0.74068,0.07223,0.0,0.00617
10089.01,BTC-27MAR20,1581159543644,open,2.6,0.0,2.4985,2.6425,2.56825038,92.75,None,0.0,BTC-27MAR20-36000-P,9820.31,0.0,0.0005,1.0,0.0,0.0,0.0,0.02089,-0.02023,-47.21805,0.0,-0.99985
9931.87,SYN.BTC-28FEB20,1581159543644,open,0.1,36.8,0.0635,0.1215,0.09026704,59.77,0.089,0.0,BTC-28FEB20-10500-P,9820.31,49.67,0.0815,12.6,0.092,12.6,61.73,8.75865,-13.16897,-3.8898,0.00027,-0.62896
9931.87,SYN.BTC-28FEB20,1581159543644,open,0.11,351.3,0.0865,0.134,0.10947416,55.19,0.106,0.0,BTC-28FEB20-9000-C,9820.31,0.0,0.091,6.0,0.1335,6.0,87.85,6.55493,-9.10042,3.71602,0.00022,0.79657
9931.87,SYN.BTC-28FEB20,1581159543649,open,0.01,316.4,0.0005,0.022,0.00720177,71.56,0.009,0.0,BTC-28FEB20-12500-C,9820.31,69.77,0.0065,20.0,0.008,50.0,73.49,4.00367,-7.20692,0.49033,0.0001,0.09786
10089.01,BTC-27MAR20,1581159543651,open,0.5,27.1,0.4945,0.5175,0.5053627,86.53,0.4665,0.0,BTC-27MAR20-5000-C,9820.31,0.0,0.494,9.0,0.5165,9.0,136.89,0.82443,-0.745,6.43631,1e-05,0.99173
10089.01,BTC-27MAR20,1581159543651,open,0.0,900.4,0.0005,0.0105,0.00012507,116.88,0.0005,0.0,BTC-27MAR20-40000-C,9820.31,0.0,0.0,0.0,0.0005,29.0,131.15,0.14243,-0.17385,0.01387,0.0,0.00117
10089.01,BTC-27MAR20,1581159543665,open,1.4,0.0,1.333,1.435,1.38075998,102.96,None,0.0,BTC-27MAR20-24000-P,9820.31,0.0,0.0015,0.5,0.0,0.0,0.0,1.48375,-1.59538,-31.29019,1e-05,-0.98373
10312.86,BTC-26JUN20,1581159543665,open,1.36,0.0,1.2875,1.4105,1.34290167,82.97,None,0.0,BTC-26JUN20-24000-P,9820.31,0.0,0.0,0.0,0.0,0.0,0.0,9.59826,-2.86726,-88.73069,3e-05,-0.91841
10089.01,BTC-27MAR20,1581159543665,open,2.4,0.0,2.3045,2.44,2.37043691,116.29,None,0.0,BTC-27MAR20-34000-P,9820.31,0.0,0.0005,1.0,0.0,0.0,0.0,0.40836,-0.49597,-44.55267,0.0,-0.99625
10312.86,BTC-26JUN20,1581159543665,open,1.55,0.0,1.476,1.604,1.53381061,85.01,None,0.0,BTC-26JUN20-26000-P,9820.31,0.0,0.0,0.0,0.0,0.0,0.0,8.22246,-2.51653,-96.80833,2e-05,-0.93337
9931.87,SYN.BTC-28FEB20,1581159543665,open,0.0,709.6,0.0005,0.018,0.0051987,74.5,0.006,0.0,BTC-28FEB20-13000-C,9820.31,72.23,0.0045,50.1,0.006,30.1,76.91,3.17718,-5.95416,0.36084,8e-05,0.07192
10089.01,BTC-27MAR20,1581159543667,open,0.35,0.0,0.3445,0.379,0.36023601,73.96,None,0.0,BTC-27MAR20-6500-C,9820.31,59.17,0.357,7.0,0.3645,7.0,85.78,3.01577,-2.32958,7.96422,3e-05,0.96206
10089.01,BTC-27MAR20,1581159543667,open,1.0,5.2,0.9445,1.0345,0.98603551,93.09,2.035,0.0,BTC-27MAR20-20000-P,9820.31,0.0,0.0005,1.0,0.0,0.0,0.0,2.57992,-2.5083,-25.86682,2e-05,-0.96863
239.59,ETH-26JUN20,1581159543675,open,0.51,308.0,0.495,0.548,0.520819,92.7,0.505,0.0,ETH-26JUN20-120-C,225.58,55.17,0.501,50.0,0.543,50.0,116.64,0.19283,-0.06436,0.37533,0.00095,0.93255
10089.01,BTC-27MAR20,1581159543680,open,0.0,203.1,0.0005,0.0105,0.00045695,116.87,0.0005,0.0,BTC-27MAR20-34000-C,9820.31,0.0,0.0,0.0,0.001,1.1,126.24,0.4252,-0.51896,0.04584,0.0,0.00392
10089.01,BTC-27MAR20,1581159543680,open,0.0,248.6,0.0005,0.0105,0.00071622,116.85,0.001,0.0,BTC-27MAR20-32000-C,9820.31,112.82,0.0005,0.1,0.001,43.0,120.95,0.61538,-0.75098,0.06907,0.0,0.00594
9931.87,SYN.BTC-28FEB20,1581159543689,open,0.0,1070.3,0.0005,0.0135,0.00372646,61.58,0.0035,0.0,BTC-28FEB20-8000-P,9820.31,58.72,0.003,50.1,0.0045,47.0,64.32,2.66551,-4.12898,-0.33045,8e-05,-0.05737
9931.87,SYN.BTC-28FEB20,1581159543689,open,0.02,395.8,0.005,0.034,0.01556431,55.06,0.0145,0.0,BTC-28FEB20-9000-P,9820.31,53.43,0.0145,44.0,0.0165,44.0,56.47,6.54619,-9.06749,-1.18193,0.00022,-0.20298
245.62,SYN.ETH-25SEP20,1581159543715,open,0.54,0.0,0.52,0.582,0.551131,89.96,0.359,0.0,ETH-25SEP20-120-C,225.58,67.72,0.527,53.0,0.568,53.0,102.71,0.30831,-0.06033,0.55999,0.0009,0.91313
10312.86,BTC-26JUN20,1581159543723,open,0.01,466.4,0.0005,0.0255,0.00771687,90.9,0.0085,0.0,BTC-26JUN20-32000-C,9820.31,89.54,0.007,15.0,0.0085,21.0,92.3,5.59393,-1.8308,1.30639,2e-05,0.04101
10312.86,BTC-26JUN20,1581159543723,open,2.14,0.0,2.0445,2.188,2.1105155,90.68,None,0.0,BTC-26JUN20-32000-P,9820.31,0.0,0.0,0.0,0.0,0.0,0.0,5.53775,-1.80786,-120.46269,2e-05,-0.9595
10312.86,BTC-26JUN20,1581159543723,open,0.28,6.7,0.2315,0.3345,0.27829716,70.21,0.4395,0.0,BTC-26JUN20-12000-P,9820.31,0.0,0.033,0.4,0.42,1.0,128.14,25.15349,-6.35866,-32.6195,9e-05,-0.55302
9931.87,SYN.BTC-28FEB20,1581159543723,open,0.24,100.1,0.2305,0.2665,0.2474056,70.43,0.248,0.0,BTC-28FEB20-7500-C,9820.31,0.0,0.235,6.0,0.265,6.0,120.22,1.85976,-3.29514,3.87204,5e-05,0.96335
10089.01,BTC-27MAR20,1581159543725,open,0.26,0.0,0.247,0.291,0.2674443,66.43,0.262,0.0,BTC-27MAR20-7500-C,9820.31,58.94,0.2635,7.0,0.272,7.0,73.73,5.83752,-4.04989,8.52903,7e-05,0.91195
9931.87,SYN.BTC-28FEB20,1581159543727,open,0.0,248.8,0.0005,0.0105,5.69e-06,82.1,0.0005,0.0,BTC-28FEB20-5000-P,9820.31,0.0,0.0,0.0,0.0005,20.0,121.21,0.01067,-0.02204,-0.00067,0.0,-0.00012
10312.86,BTC-26JUN20,1581159543739,open,0.35,125.9,0.329,0.3865,0.35510342,68.84,0.3555,0.0,BTC-26JUN20-7000-C,9820.31,52.83,0.3365,6.0,0.36,16.0,72.52,13.48118,-3.34146,20.19053,5e-05,0.86966
9931.87,SYN.BTC-28FEB20,1581159543739,open,0.23,0.2,0.189,0.2515,0.21806045,67.81,0.233,0.0,BTC-28FEB20-12000-P,9820.31,0.0,0.0005,5.0,0.0,0.0,0.0,4.95862,-8.45856,-5.87295,0.00014,-0.86785
10312.86,BTC-26JUN20,1581159543750,open,0.15,365.0,0.11,0.197,0.14882862,67.99,0.149,0.0,BTC-26JUN20-10000-P,9820.31,66.58,0.1455,9.7,0.1505,4.9,68.69,24.38078,-5.96773,-21.08534,9e-05,-0.38853
10312.86,BTC-26JUN20,1581159543750,open,0.01,176.3,0.001,0.0315,0.01072038,87.3,0.01,0.0,BTC-26JUN20-28000-C,9820.31,86.25,0.01,15.0,0.0115,21.0,88.39,7.22108,-2.26976,1.79352,2e-05,0.05643
9931.87,SYN.BTC-28FEB20,1581159543752,open,0.07,382.1,0.0515,0.101,0.07463061,54.84,0.074,0.0,BTC-28FEB20-9500-C,9820.31,54.11,0.074,16.0,0.0785,0.2,59.35,8.49589,-11.72137,3.16369,0.00029,0.6596
9931.87,SYN.BTC-28FEB20,1581159543756,open,0.14,11.0,0.101,0.162,0.12912574,62.1,0.123,0.0,BTC-28FEB20-11000-P,9820.31,0.0,0.0005,5.0,0.0,0.0,0.0,7.57033,-11.82697,-4.68121,0.00023,-0.73643
10089.01,BTC-27MAR20,1581159543761,open,0.8,0.0,0.751,0.836,0.7896848,87.43,1.23,0.0,BTC-27MAR20-18000-P,9820.31,0.0,0.0125,1.0,0.0,0.0,0.0,3.61407,-3.29981,-23.05565,3e-05,-0.95255
10312.86,BTC-26JUN20,1581159543781,open,0.79,1.0,0.7305,0.845,0.78165941,76.84,0.9,0.0,BTC-26JUN20-18000-P,9820.31,0.0,0.0005,5.0,0.0,0.0,0.0,16.34211,-4.52078,-63.07964,5e-05,-0.82594
10089.01,BTC-27MAR20,1581159543783,open,0.01,1270.7,0.0005,0.0185,0.00681631,69.52,0.007,0.0,BTC-27MAR20-7000-P,9820.31,68.75,0.0065,20.0,0.0075,57.0,71.13,4.19953,-3.04919,-0.84879,5e-05,-0.05732
10089.01,BTC-27MAR20,1581159543783,open,0.22,1087.0,0.201,0.2495,0.22390193,63.68,0.2115,0.0,BTC-27MAR20-8000-C,9820.31,57.66,0.2195,7.0,0.2275,10.0,68.19,7.77397,-5.16996,8.53579,9e-05,0.86892
10312.86,BTC-26JUN20,1581159543783,open,1.17,0.0,1.1,1.2195,1.15363633,81.22,None,0.0,BTC-26JUN20-22000-P,9820.31,0.0,0.0005,1.0,2.21,1.0,500.0,11.44659,-3.34705,-80.44455,3e-05,-0.89651
9931.87,SYN.BTC-28FEB20,1581159543783,open,0.0,334.6,0.0005,0.0105,0.00019592,82.06,0.0005,0.0,BTC-28FEB20-6000-P,9820.31,0.0,0.0,0.0,0.001,20.0,100.17,0.224,-0.46241,-0.0183,1e-05,-0.00319
9931.87,SYN.BTC-28FEB20,1581159543783,open,0.01,1085.5,0.0005,0.0205,0.00750728,57.43,0.008,0.0,BTC-28FEB20-8500-P,9820.31,55.06,0.0065,50.0,0.0085,66.0,59.64,4.34607,-6.2785,-0.63325,0.00014,-0.10958
10537.08,SYN.BTC-25SEP20,1581159543783,open,0.54,0.0,0.5245,0.5645,0.54209068,71.27,None,0.0,BTC-25SEP20-5000-C,9820.31,0.0,0.524,6.0,0.559,6.0,87.73,9.26407,-1.43616,26.75688,2e-05,0.94529
10537.08,SYN.BTC-25SEP20,1581159543786,open,0.46,1.0,0.439,0.493,0.46313834,69.53,0.425,0.0,BTC-25SEP20-6000-C,9820.31,46.26,0.438,5.0,0.4855,5.0,84.57,14.39654,-2.17733,29.16284,3e-05,0.90259
10089.01,BTC-27MAR20,1581159543796,open,2.2,0.0,2.1095,2.24,2.17223283,112.04,None,0.0,BTC-27MAR20-32000-P,9820.31,0.0,0.0005,1.0,0.0,0.0,0.0,0.44483,-0.5205,-41.92479,0.0,-0.99588
9931.87,SYN.BTC-28FEB20,1581159543796,open,0.34,15.3,0.3325,0.3615,0.34632545,82.95,0.301,0.0,BTC-28FEB20-6500-C,9820.31,0.0,0.333,7.0,0.363,7.0,155.72,0.67649,-1.41166,3.47524,2e-05,0.9889
9931.87,SYN.BTC-28FEB20,1581159543796,open,0.39,1.1,0.384,0.409,0.39613583,84.3,0.3535,0.0,BTC-28FEB20-6000-C,9820.31,0.0,0.3845,7.0,0.411,7.0,171.17,0.2686,-0.56961,3.24477,1e-05,0.9961
10089.01,BTC-27MAR20,1581159543800,open,3.0,1.4,2.887,3.045,2.96452091,0.0,3.051,0.0,BTC-27MAR20-40000-P,9820.31,0.0,0.0005,1.0,0.0,0.0,0.0,0.0,0.0,-52.46651,0.0,-1.0
10537.08,SYN.BTC-25SEP20,1581159543800,open,0.39,5.2,0.3635,0.4315,0.39423453,69.51,0.392,0.0,BTC-25SEP20-7000-C,9820.31,50.16,0.361,5.0,0.398,5.0,71.49,19.88503,-3.00633,29.94583,4e-05,0.84548
10089.01,BTC-27MAR20,1581159543802,open,0.09,418.1,0.0565,0.118,0.08402064,61.56,0.085,0.0,BTC-27MAR20-10000-P,9820.31,60.49,0.0825,29.1,0.085,3.0,62.24,14.41134,-9.26454,-6.93327,0.00018,-0.4399
9931.87,SYN.BTC-28FEB20,1581159543802,open,0.02,887.1,0.008,0.0435,0.02168223,62.24,0.0185,0.0,BTC-28FEB20-11000-C,9820.31,60.68,0.0205,20.0,0.023,44.0,63.95,7.57831,-11.86489,1.31113,0.00023,0.26411
10537.08,SYN.BTC-25SEP20,1581159543802,open,2.46,0.0,2.355,2.528,2.43321593,85.53,None,0.0,BTC-25SEP20-36000-P,9820.31,0.0,0.0005,1.0,0.0,0.0,0.0,11.3124,-2.10451,-223.14465,2e-05,-0.92931
9931.87,SYN.BTC-28FEB20,1581159543802,open,0.0,670.5,0.0005,0.0105,0.00072388,82.04,0.001,0.0,BTC-28FEB20-6500-P,9820.31,78.14,0.0005,46.5,0.001,50.0,85.87,0.64144,-1.32389,-0.06039,1e-05,-0.01044
10312.86,BTC-26JUN20,1581159543804,open,0.71,28.7,0.7005,0.72,0.7100255,85.84,0.715,0.0,BTC-26JUN20-3000-C,9820.31,0.0,0.7035,9.0,0.717,9.0,121.3,0.87113,-0.26922,11.19359,0.0,0.9953
9931.87,SYN.BTC-28FEB20,1581159543804,open,0.49,0.6,0.4865,0.5065,0.49662228,96.61,0.465,0.0,BTC-28FEB20-5000-C,9820.31,0.0,0.4875,8.0,0.5085,8.0,207.74,0.06336,-0.15398,2.71811,0.0,0.9992
10089.01,BTC-27MAR20,1581159543806,open,0.61,25.2,0.5585,0.64,0.59522415,81.46,0.6,0.0,BTC-27MAR20-16000-P,9820.31,0.0,0.05,0.1,0.95,0.1,357.36,5.35217,-4.55326,-20.07208,5e-05,-0.92155
9931.87,SYN.BTC-28FEB20,1581159543819,open,0.0,785.3,0.0005,0.011,0.00145197,76.85,0.0015,0.0,BTC-28FEB20-7000-P,9820.31,72.49,0.001,26.5,0.002,50.0,81.11,1.15287,-2.22868,-0.11952,3e-05,-0.02065
9931.87,SYN.BTC-28FEB20,1581159543819,open,0.32,0.0,0.285,0.348,0.31399557,74.12,None,0.0,BTC-28FEB20-13000-P,9820.31,0.0,0.0055,0.1,0.0,0.0,0.0,3.13854,-5.85188,-6.72367,8e-05,-0.92922
9931.87,SYN.BTC-28FEB20,1581159543819,open,0.05,957.0,0.027,0.0735,0.04782261,54.83,0.049,0.0,BTC-28FEB20-10000-C,9820.31,56.09,0.049,20.1,0.053,47.0,60.39,9.24553,-12.75143,2.46824,0.00031,0.5042
239.59,ETH-26JUN20,1581159543926,open,0.58,1.0,0.575,0.617,0.595201,98.09,0.38,0.0,ETH-26JUN20-100-C,225.58,55.63,0.583,54.0,0.612,53.0,123.59,0.12827,-0.0453,0.33223,0.0006,0.95965
245.62,SYN.ETH-25SEP20,1581159543928,open,0.61,0.0,0.592,0.64,0.615526,91.1,None,0.0,ETH-25SEP20-100-C,225.58,59.16,0.596,56.0,0.628,56.0,104.17,0.21467,-0.04254,0.51075,0.00062,0.94569
245.62,SYN.ETH-25SEP20,1581159543930,open,0.54,0.0,0.52,0.582,0.551131,89.96,0.359,0.0,ETH-25SEP20-120-C,225.58,66.57,0.526,53.0,0.568,53.0,102.71,0.30831,-0.06033,0.55999,0.0009,0.91313
245.62,SYN.ETH-25SEP20,1581159543985,open,0.01,813.0,0.001,0.014,0.00436,95.55,0.009,0.0,ETH-25SEP20-60-P,225.58,89.71,0.003,470.0,0.006,1.0,101.31,0.06357,-0.01321,-0.02626,0.00018,-0.01261
9830.84,SYN.BTC-10FEB20,1581159544105,open,0.0,0.0005,0.0105,8.109e-05,50.31,None,0.0,BTC-10FEB20-9000-P,9820.31,0.0,0.0,0.0,0.0015,20.0,80.38,0.13432,-0.79719,-0.00349,5e-05,-0.00683
9830.84,SYN.BTC-10FEB20,1581159544105,open,0.1,0.002,0.037,0.01599611,47.56,0.016,0.0,BTC-10FEB20-9875-P,9820.31,35.22,0.0125,18.2,0.016,0.1,47.58,2.79314,-35.41407,-0.28369,0.00118,-0.54554
9830.84,SYN.BTC-10FEB20,1581159544105,open,0.0,0.0475,0.0935,0.06920253,59.13,None,0.0,BTC-10FEB20-10500-P,9820.31,0.0,0.043,4.0,0.095,4.0,183.87,0.86908,-13.69866,-0.50847,0.0003,-0.93728
9830.84,SYN.BTC-10FEB20,1581159544105,open,0.0,0.066,0.103,0.08466417,54.36,None,0.0,BTC-10FEB20-9000-C,9820.31,0.0,0.065,4.0,0.1065,4.0,197.65,0.20637,-2.99029,0.4568,8e-05,0.98886
9830.84,SYN.BTC-10FEB20,1581159544105,open,11.8,0.0005,0.011,0.00121612,60.03,0.0015,0.0,BTC-10FEB20-10500-C,9820.31,57.55,0.001,13.0,0.0015,10.0,62.96,0.90093,-11.95545,0.03257,0.0003,0.06569
9830.84,SYN.BTC-10FEB20,1581159544105,open,0.1,0.0005,0.0115,0.00134064,48.48,0.002,0.0,BTC-10FEB20-9375-P,9820.31,38.98,0.0005,33.0,0.0025,20.3,57.57,1.07989,-13.17958,-0.04275,0.00045,-0.08328
9830.84,SYN.BTC-10FEB20,1581159544105,open,74.1,0.0005,0.0105,0.00055888,48.76,0.0005,0.0,BTC-10FEB20-9250-P,9820.31,0.0,0.0,0.0,0.0015,0.5,60.23,0.59769,-5.49429,-0.0201,0.00025,-0.03922
9830.84,SYN.BTC-10FEB20,1581159544108,open,0.0,0.053,0.091,0.07208646,51.51,None,0.0,BTC-10FEB20-9125-C,9820.31,0.0,0.0585,4.0,0.0805,4.0,119.22,0.35378,-4.85798,0.45823,0.00014,0.97913
9830.84,SYN.BTC-10FEB20,1581159544108,open,21.4,0.0005,0.016,0.00280932,47.79,0.0015,0.0,BTC-10FEB20-9500-P,9820.31,39.25,0.0015,31.0,0.004,20.3,54.35,1.67728,-21.36631,-0.07958,0.00071,-0.15472
9830.84,SYN.BTC-10FEB20,1581159544108,open,0.0,0.0005,0.0105,0.0002175,49.37,None,0.0,BTC-10FEB20-9125-P,9820.31,0.0,0.0,0.0,0.0015,20.0,70.37,0.29545,-2.13824,-0.00864,0.00012,-0.01689
9830.84,SYN.BTC-10FEB20,1581159544108,open,0.0,0.0275,0.068,0.04778134,49.14,None,0.0,BTC-10FEB20-9375-C,9820.31,0.0,0.0325,4.0,0.056,4.0,95.4,1.10677,-14.49682,0.43758,0.00045,0.91395
9830.84,SYN.BTC-10FEB20,1581159544108,open,0.0,0.0405,0.0795,0.05971371,49.9,None,0.0,BTC-10FEB20-9250-C,9820.31,0.0,0.045,4.0,0.068,4.0,106.41,0.63997,-8.51222,0.45347,0.00026,0.95733
9830.84,SYN.BTC-10FEB20,1581159544110,open,0.0,0.0235,0.07,0.04567225,55.25,None,0.0,BTC-10FEB20-10250-P,9820.31,0.0,0.0375,4.0,0.0495,4.0,74.95,1.64649,-24.2479,-0.45226,0.0006,-0.84954
9830.84,SYN.BTC-10FEB20,1581159544110,open,0.0,0.0135,0.058,0.03448739,51.74,None,0.0,BTC-10FEB20-10125-P,9820.31,0.0,0.0275,4.0,0.038,4.0,67.17,2.07995,-28.68714,-0.4121,0.00081,-0.78123
9830.84,SYN.BTC-10FEB20,1581159544110,open,5.0,0.0005,0.02,0.00464335,52.11,0.006,0.0,BTC-10FEB20-10125-C,9820.31,46.53,0.0035,40.0,0.006,20.0,58.28,2.08925,-29.02104,0.10904,0.00081,0.22047
9830.84,SYN.BTC-10FEB20,1581159544110,open,1.1,0.0005,0.0165,0.00311409,55.72,0.002,0.0,BTC-10FEB20-10250-C,9820.31,48.59,0.002,29.0,0.0045,20.0,63.39,1.66197,-24.68452,0.07551,0.0006,0.15259
9830.84,SYN.BTC-10FEB20,1581159544110,open,0.0,0.006,0.0475,0.024775,50.57,None,0.0,BTC-10FEB20-10000-P,9820.31,28.33,0.0195,12.7,0.027,17.7,59.05,2.53787,-34.21015,-0.3533,0.00101,-0.67455
9830.84,SYN.BTC-10FEB20,1581159544110,open,3.0,0.0005,0.0125,0.0017276,56.1,0.0015,0.0,BTC-10FEB20-10375-C,9820.31,54.14,0.0015,19.0,0.002,0.1,58.3,1.17718,-16.98377,0.04636,0.00042,0.09349
9830.84,SYN.BTC-10FEB20,1581159544110,open,0.0,0.016,0.0575,0.03653591,48.22,None,0.0,BTC-10FEB20-9500-C,9820.31,0.0,0.02,4.0,0.044,4.0,83.34,1.69217,-21.74941,0.40752,0.00071,0.84319
9830.84,SYN.BTC-10FEB20,1581159544110,open,12.3,0.001,0.0305,0.01158032,47.83,0.0115,0.0,BTC-10FEB20-9875-C,9820.31,42.26,0.01,20.1,0.0135,20.0,54.58,2.79341,-35.61761,0.22391,0.00118,0.45479
9830.84,SYN.BTC-10FEB20,1581159544110,open,0.0,0.035,0.081,0.05699989,55.42,None,0.0,BTC-10FEB20-10375-P,9820.31,0.0,0.0305,4.0,0.0835,4.0,174.12,1.15149,-17.01183,-0.48815,0.00042,-0.90925
232.04,ETH-27MAR20,1581159544314,open,0.52,20.0,0.512,0.546,0.528381,105.12,0.272,0.0,ETH-27MAR20-110-C,225.6,0.0,0.525,49.0,0.539,47.0,147.02,0.03317,-0.03641,0.13875,0.00045,0.98426
227.33,SYN.ETH-21FEB20,1581159544314,open,0.02,17.0,0.009,0.058,0.029823,87.15,0.025,0.0,ETH-21FEB20-250-C,225.6,81.3,0.026,519.0,0.033,519.0,91.91,0.15042,-0.50906,0.02239,0.00947,0.30897
227.33,SYN.ETH-21FEB20,1581159544314,open,0.09,53.0,0.071,0.14,0.106036,83.95,0.087,0.0,ETH-21FEB20-210-C,225.6,79.11,0.103,60.0,0.112,249.0,93.26,0.14381,-0.46881,0.04921,0.0094,0.71968
227.33,SYN.ETH-21FEB20,1581159544314,open,0.02,154.0,0.004,0.04,0.017617,84.46,0.023,0.0,ETH-21FEB20-200-P,225.6,81.22,0.016,240.0,0.02,602.0,89.1,0.11495,-0.37705,-0.01646,0.00747,-0.18758
226.39,SYN.ETH-14FEB20,1581159544314,open,0.01,913.0,0.001,0.028,0.008498,96.62,0.009,0.0,ETH-14FEB20-260-C,225.6,91.19,0.007,299.0,0.01,599.0,101.7,0.0648,-0.53279,0.00489,0.00813,0.14281
227.33,SYN.ETH-21FEB20,1581159544314,open,0.12,1.0,0.104,0.17,0.138118,84.98,0.114,0.0,ETH-21FEB20-200-C,225.6,72.24,0.132,35.0,0.155,35.0,115.53,0.1154,-0.38082,0.05398,0.00745,0.81123
226.39,SYN.ETH-14FEB20,1581159544314,open,0.0,0.001,0.023,0.005974,103.54,None,0.0,ETH-14FEB20-270-C,225.6,93.91,0.004,300.0,0.007,300.0,107.94,0.05082,-0.44771,0.00347,0.00595,0.1011
227.33,SYN.ETH-21FEB20,1581159544314,open,0.06,137.0,0.045,0.113,0.078982,83.53,0.057,0.0,ETH-21FEB20-220-C,225.6,79.38,0.076,180.0,0.084,404.0,90.5,0.16344,-0.53015,0.04284,0.01073,0.61313
226.39,SYN.ETH-14FEB20,1581159544314,open,0.04,1668.0,0.025,0.088,0.056506,81.9,0.056,0.0,ETH-14FEB20-220-C,225.6,74.56,0.053,386.0,0.061,180.0,91.23,0.10861,-0.75689,0.02084,0.01607,0.62838
227.33,SYN.ETH-21FEB20,1581159544314,open,0.12,2.0,0.059,0.138,0.097052,85.1,0.11,0.0,ETH-21FEB20-240-P,225.6,76.7,0.091,180.0,0.099,180.0,87.79,0.16471,-0.54434,-0.05608,0.01062,-0.60228
232.06,ETH-27MAR20,1581159544331,open,0.61,7.0,0.515,0.633,0.571159,94.4,1.702,0.0,ETH-27MAR20-360-P,225.6,0.0,0.01,30.0,1.103,1.0,500.0,0.18038,-0.17782,-0.43783,0.00271,-0.86725
232.06,ETH-27MAR20,1581159544336,open,0.0,278.0,0.001,0.012,0.002416,104.99,0.004,0.0,ETH-27MAR20-110-P,225.6,92.16,0.001,96.0,0.005,300.0,119.33,0.03299,-0.03618,-0.0055,0.00044,-0.01564
232.06,ETH-27MAR20,1581159544349,open,0.0,278.0,0.001,0.012,0.002416,104.99,0.004,0.0,ETH-27MAR20-110-P,225.6,92.16,0.001,416.0,0.005,300.0,119.33,0.03299,-0.03618,-0.0055,0.00044,-0.01564
10089.01,BTC-27MAR20,1581159544649,open,0.04,1947.8,0.018,0.065,0.03692191,67.17,0.037,0.0,BTC-27MAR20-12000-C,9820.31,66.41,0.036,21.4,0.038,19.3,68.06,12.2383,-8.58524,3.17871,0.00014,0.27713
9853.29,SYN.BTC-14FEB20,1581159544656,open,0.13,0.0,0.0955,0.1475,0.11974546,63.55,None,0.0,BTC-14FEB20-11000-P,9820.23,0.0,0.0,0.0,0.0,0.0,0.0,2.07283,-11.20887,-1.62928,0.00021,-0.90744
9853.29,SYN.BTC-14FEB20,1581159544656,open,0.03,539.0,0.0155,0.06,0.03036441,49.2,0.0315,0.0,BTC-14FEB20-9750-C,9820.23,48.47,0.03,22.2,0.0325,3.1,53.5,4.88863,-20.46923,0.87065,0.00064,0.57927
9853.29,SYN.BTC-14FEB20,1581159544656,open,0.2,0.0,0.1695,0.2225,0.19383793,75.37,None,0.0,BTC-14FEB20-11750-P,9820.23,0.0,0.0045,0.1,0.0,0.0,0.0,0.99934,-6.40977,-1.83576,8e-05,-0.96352
