underlying_price,underlying_index,timestamp,state,settlement_price,open_interest,min_price,max_price,mark_price,mark_iv,last_price,interest_rate,instrument_name,index_price,bid_iv,best_bid_price,best_bid_amount,best_ask_price,best_ask_amount,ask_iv,vega,theta,rho,gamma,delta
9068.86,SYN.BTC-31JAN20,1579431540001,open,0.04,153.3,0.015,0.059,0.03371738,59.15,0.034,0.0,BTC-31JAN20-9250-C,9038.85,56.74,0.032,32.0,0.0345,1.0,60.25,6.46937,-16.11107,1.22089,0.00041,0.44749
9140.88,SYN.BTC-28FEB20,1579431540003,open,0.03,217.6,0.014,0.0535,0.02997003,62.3,0.0295,0.0,BTC-28FEB20-8000-P,9038.85,60.81,0.0285,19.3,0.031,19.3,63.33,9.09565,-7.10516,-2.56128,0.00016,-0.22651
9068.86,SYN.BTC-31JAN20,1579431540005,open,0.0,697.8,0.0005,0.0125,0.00260089,66.33,0.003,0.0,BTC-31JAN20-7500-P,9038.85,62.86,0.002,51.1,0.003,30.0,68.41,1.68025,-4.6926,-0.15446,9e-05,-0.04975
9213.44,BTC-27MAR20,1579431540023,open,0.31,0.0,0.288,0.334,0.30924745,68.97,None,0.0,BTC-27MAR20-6500-C,9038.85,43.75,0.2965,11.0,0.3125,11.0,73.37,6.61832,-3.36262,10.23965,6e-05,0.90685
9213.41,BTC-27MAR20,1579431540152,open,0.07,27.5,0.0475,0.1105,0.07491211,66.35,0.069,0.0,BTC-27MAR20-8500-P,9038.96,64.49,0.072,13.4,0.076,15.0,67.04,14.48327,-7.07863,-7.03194,0.00014,-0.33551
9213.41,BTC-27MAR20,1579431540153,open,0.13,1603.8,0.093,0.161,0.12439577,66.35,0.123,0.0,BTC-27MAR20-9000-C,9038.96,65.52,0.123,10.3,0.1265,26.0,67.6,15.45437,-7.55344,7.96018,0.00015,0.589
9403.74,BTC-26JUN20,1579431540153,open,1.36,0.0,1.3055,1.443,1.36674622,87.89,None,0.0,BTC-26JUN20-22000-P,9038.96,0.0,0.11,1.0,2.22,0.1,500.0,12.39756,-3.42904,-91.97174,4e-05,-0.88018
9403.74,BTC-26JUN20,1579431540153,open,0.17,531.9,0.123,0.2135,0.1638804,72.12,0.167,0.0,BTC-26JUN20-10000-C,9038.96,71.4,0.162,10.0,0.167,16.4,73.31,24.60527,-5.58432,15.52934,9e-05,0.54327
9213.41,BTC-27MAR20,1579431540153,open,1.6,0.0,1.555,1.673,1.60907538,104.04,None,0.0,BTC-27MAR20-24000-P,9038.96,0.0,0.0005,5.0,0.0,0.0,0.0,2.55926,-1.96133,-44.22095,2e-05,-0.97191
9403.74,BTC-26JUN20,1579431540153,open,0.08,672.3,0.0435,0.123,0.07629985,77.44,0.0765,0.0,BTC-26JUN20-14000-C,9038.96,76.22,0.0735,28.5,0.079,18.5,78.61,21.5825,-5.26004,9.17052,7e-05,0.30034
9141.42,SYN.BTC-28FEB20,1579431540152,open,0.07,138.6,0.042,0.097,0.06674129,63.28,0.0715,0.0,BTC-28FEB20-9500-C,9038.96,61.96,0.065,14.4,0.0685,16.0,64.62,12.0161,-9.53473,4.01101,0.00021,0.46837
9403.74,BTC-26JUN20,1579431540154,open,2.41,0.0,2.3405,2.5095,2.41688174,99.43,None,0.0,BTC-26JUN20-32000-P,9038.96,0.0,0.0005,1.0,0.0,0.0,0.0,7.57442,-2.37011,-137.32618,2e-05,-0.93808
9403.74,BTC-26JUN20,1579431540154,open,1.15,0.1,1.1015,1.235,1.1607468,85.72,1.85,0.0,BTC-26JUN20-20000-P,9038.96,0.0,0.0005,5.0,1.88,0.1,412.73,14.23895,-3.84128,-82.44751,4e-05,-0.8535
9213.52,BTC-27MAR20,1579431540154,open,2.46,0.0,2.4055,2.551,2.47435469,110.3,None,0.0,BTC-27MAR20-32000-P,9038.96,0.0,0.001,1.0,0.0,0.0,0.0,0.93379,-0.75871,-59.37959,1e-05,-0.99134
9213.52,BTC-27MAR20,1579431540154,open,0.17,159.3,0.133,0.214,0.17002209,68.66,0.159,0.0,BTC-27MAR20-10000-P,9038.96,65.42,0.1645,18.0,0.1735,28.0,70.7,15.72006,-7.95077,-12.35657,0.00015,-0.55117
9213.52,BTC-27MAR20,1579431540154,open,2.89,0.0,2.831,2.9915,2.90787918,110.62,None,0.0,BTC-27MAR20-36000-P,9038.96,0.0,0.0,0.0,0.0,0.0,0.0,0.51437,-0.41915,-66.88011,0.0,-0.99558
9403.85,BTC-26JUN20,1579431540155,open,0.21,284.4,0.164,0.252,0.20431779,71.35,0.204,0.0,BTC-26JUN20-9000-C,9038.96,70.42,0.202,10.0,0.207,15.7,72.42,23.4504,-5.26535,17.37408,9e-05,0.62877
9213.52,BTC-27MAR20,1579431540155,open,2.67,0.0,2.618,2.771,2.69105442,110.43,None,0.0,BTC-27MAR20-34000-P,9038.96,0.0,0.0,0.0,0.0,0.0,0.0,0.69012,-0.56141,-63.13551,0.0,-0.99385
9141.42,SYN.BTC-28FEB20,1579431540152,open,0.02,67.0,0.0085,0.0455,0.02226214,70.45,0.023,0.0,BTC-28FEB20-11500-C,9038.96,69.04,0.021,48.3,0.0235,38.6,71.81,8.26109,-7.29755,1.69856,0.00013,0.19234
9403.85,BTC-26JUN20,1579431540156,open,0.49,0.0,0.4665,0.509,0.4851259,74.9,None,0.0,BTC-26JUN20-5000-C,9038.96,59.07,0.4745,10.0,0.489,10.1,79.41,7.73351,-1.82302,18.47234,3e-05,0.93641
9141.42,SYN.BTC-28FEB20,1579431540152,open,0.02,88.9,0.006,0.0395,0.01771577,72.81,0.018,0.0,BTC-28FEB20-12000-C,9038.96,71.25,0.0165,39.0,0.0185,0.1,73.79,7.23555,-6.60553,1.38269,0.00011,0.15617
9141.42,SYN.BTC-28FEB20,1579431540153,open,0.05,174.9,0.0275,0.0775,0.04881713,62.22,0.048,0.0,BTC-28FEB20-8500-P,9038.96,59.84,0.046,36.5,0.05,51.5,63.21,10.86088,-8.47338,-3.72316,0.00019,-0.32399
9051.39,SYN.BTC-24JAN20,1579431540152,open,0.02,217.8,0.0075,0.049,0.02337846,56.82,0.0225,0.0,BTC-24JAN20-9000-P,9038.96,51.62,0.021,35.5,0.024,19.0,58.18,4.14376,-24.14455,-0.57529,0.00067,-0.45242
9051.39,SYN.BTC-24JAN20,1579431540152,open,0.04,58.5,0.0185,0.0665,0.03992658,59.18,0.035,0.0,BTC-24JAN20-9250-P,9038.96,52.53,0.037,18.0,0.0385,13.5,55.95,4.00946,-24.33089,-0.7876,0.00062,-0.61147
9069.4,SYN.BTC-31JAN20,1579431540154,open,0.03,546.8,0.009,0.0475,0.02467333,60.36,0.027,0.0,BTC-31JAN20-9500-C,9038.96,57.86,0.023,40.0,0.026,16.7,62.33,6.09094,-15.47881,0.975,0.00038,0.35509
9141.42,SYN.BTC-28FEB20,1579431540152,open,0.03,240.6,0.0125,0.054,0.0287835,68.45,0.029,0.0,BTC-28FEB20-11000-C,9038.96,66.7,0.027,66.0,0.03,18.7,69.62,9.40189,-8.06923,2.11355,0.00015,0.24042
9141.42,SYN.BTC-28FEB20,1579431540153,open,0.16,223.4,0.129,0.1835,0.15478101,62.26,0.156,0.0,BTC-28FEB20-8000-C,9038.96,57.37,0.15,22.8,0.158,11.8,65.47,9.09204,-7.09815,6.18078,0.00016,0.77367
9069.4,SYN.BTC-31JAN20,1579431540152,open,0.15,0.0,0.1295,0.171,0.14954699,63.31,None,0.0,BTC-31JAN20-7750-C,9038.96,29.51,0.1455,9.0,0.1635,9.0,100.94,2.33489,-6.22363,2.28583,0.00014,0.92418
9141.42,SYN.BTC-28FEB20,1579431540152,open,0.04,33.8,0.0185,0.065,0.03752212,66.36,0.044,0.0,BTC-28FEB20-10500-C,9038.96,65.03,0.036,45.3,0.0395,37.2,68.07,10.5185,-8.75242,2.62954,0.00017,0.30082
9069.4,SYN.BTC-31JAN20,1579431540153,open,0.01,611.4,0.0005,0.0245,0.00823819,69.95,0.0085,0.0,BTC-31JAN20-10500-C,9038.96,68.04,0.0075,35.0,0.009,49.8,71.85,3.57273,-10.5222,0.37747,0.00019,0.13616
9069.4,SYN.BTC-31JAN20,1579431540153,open,0.05,821.9,0.0235,0.07,0.04484481,57.09,0.0475,0.0,BTC-31JAN20-9000-C,9038.96,55.9,0.044,18.0,0.0475,14.0,60.81,6.4747,-15.56229,1.49112,0.00042,0.55017
9051.39,SYN.BTC-24JAN20,1579431540156,open,0.01,361.2,0.0015,0.03,0.01106011,62.33,0.011,0.0,BTC-24JAN20-9500-C,9038.96,59.49,0.01,43.5,0.012,41.7,64.8,3.41047,-21.79996,0.3041,0.0005,0.26257
174.98,SYN.ETH-31JAN20,1579431540162,open,0.16,1220.0,0.122,0.184,0.153323,82.12,0.165,0.0,ETH-31JAN20-150-C,174.5,0.0,0.141,33.0,0.176,33.0,130.04,0.06771,-0.2341,0.04065,0.00828,0.86734
9544.39,SYN.BTC-25SEP20,1579431540152,open,0.43,1.0,0.3995,0.468,0.43055886,72.98,0.425,0.0,BTC-25SEP20-6000-C,9038.96,62.28,0.4115,7.0,0.458,7.0,87.16,17.76047,-2.5936,27.91851,4e-05,0.85784
9051.39,SYN.BTC-24JAN20,1579431540173,open,0.03,615.0,0.011,0.054,0.02899788,56.69,0.03,0.0,BTC-24JAN20-9000-C,9038.96,55.6,0.0285,0.5,0.031,0.6,61.06,4.1437,-24.09008,0.62707,0.00067,0.54762
176.11,SYN.ETH-28FEB20,1579431540174,open,0.34,60.0,0.303,0.356,0.329478,88.98,0.262,0.0,ETH-28FEB20-120-C,174.5,48.92,0.319,39.0,0.347,39.0,119.59,0.081,-0.09038,0.1149,0.00269,0.92666
176.11,SYN.ETH-28FEB20,1579431540179,open,0.06,151.0,0.032,0.096,0.061506,80.33,0.055,0.0,ETH-28FEB20-160-P,174.5,76.46,0.057,684.0,0.064,192.0,82.46,0.20554,-0.20702,-0.0716,0.00755,-0.31063
176.11,SYN.ETH-28FEB20,1579431540179,open,0.5,20.0,0.474,0.51,0.491544,105.77,0.328,0.0,ETH-28FEB20-90-C,174.5,0.0,0.488,1.0,0.502,44.0,147.16,0.02587,-0.03431,0.09435,0.00072,0.98192
176.11,SYN.ETH-28FEB20,1579431540183,open,0.08,454.0,0.052,0.127,0.087343,80.33,0.09,0.0,ETH-28FEB20-170-P,174.5,76.13,0.082,669.0,0.091,449.0,83.2,0.22416,-0.22578,-0.09284,0.00824,-0.39522
9141.42,SYN.BTC-28FEB20,1579431540189,open,0.05,264.3,0.028,0.0795,0.05022987,64.97,0.051,0.0,BTC-28FEB20-10000-C,9038.96,63.99,0.049,4.9,0.0515,17.1,65.98,11.48605,-9.35667,3.27358,0.00019,0.37802
174.98,SYN.ETH-31JAN20,1579431540232,open,0.11,7.0,0.074,0.154,0.113104,81.11,0.141,0.0,ETH-31JAN20-190-P,174.5,77.79,0.111,180.0,0.119,180.0,90.2,0.11168,-0.3814,-0.0456,0.01382,-0.68785
9213.41,BTC-27MAR20,1579431540361,open,0.31,0.0,0.288,0.334,0.30924745,69.02,None,0.0,BTC-27MAR20-6500-C,9038.96,43.76,0.2965,11.0,0.3125,11.1,73.37,6.62517,-3.36864,10.23677,6e-05,0.90672
9069.4,SYN.BTC-31JAN20,1579431540480,open,0.04,153.3,0.0155,0.059,0.03371738,59.12,0.034,0.0,BTC-31JAN20-9250-C,9038.96,56.71,0.032,32.0,0.0345,16.6,60.21,6.4701,-16.10353,1.22145,0.00041,0.44765
184.44,SYN.ETH-25SEP20,1579431540490,open,0.33,41.0,0.27,0.416,0.34226,88.68,0.33,0.0,ETH-25SEP20-200-P,174.5,0.0,0.0,0.0,0.379,1.0,100.28,0.58912,-0.10454,-0.9357,0.00285,-0.39878
9141.42,SYN.BTC-28FEB20,1579431540493,open,0.03,217.6,0.014,0.0535,0.02997003,62.31,0.0295,0.0,BTC-28FEB20-8000-P,9038.96,60.83,0.0285,38.0,0.031,19.3,63.35,9.09512,-7.10643,-2.56096,0.00016,-0.22646
176.11,SYN.ETH-28FEB20,1579431540635,open,0.55,0.0,0.533,0.564,0.547804,118.0,None,0.0,ETH-28FEB20-80-C,174.5,0.0,0.545,1.0,0.556,47.0,159.61,0.01984,-0.02935,0.08445,0.0005,0.98673
184.43,SYN.ETH-25SEP20,1579431541081,open,1.86,0.0,1.771,2.015,1.886114,100.32,None,0.0,ETH-25SEP20-520-P,174.5,0.0,0.0,0.0,0.0,0.0,0.0,0.43007,-0.08634,-3.38872,0.00184,-0.79777
9141.51,SYN.BTC-28FEB20,1579431541159,open,0.46,0.5,0.4425,0.4675,0.45406207,83.37,0.459,0.0,BTC-28FEB20-5000-C,9038.79,0.0,0.453,12.1,0.4655,12.0,133.02,0.80314,-0.83957,5.3527,1e-05,0.99003
184.43,SYN.ETH-25SEP20,1579431541377,open,2.27,0.0,2.184,2.45,2.309348,103.67,None,0.0,ETH-25SEP20-600-P,174.5,0.0,0.0,0.0,0.0,0.0,0.0,0.38902,-0.0807,-3.9613,0.00161,-0.82803
9051.5,SYN.BTC-24JAN20,1579431541485,open,0.01,304.2,0.0025,0.034,0.01266394,57.35,0.0115,0.0,BTC-24JAN20-8750-P,9038.79,54.4,0.0115,0.3,0.0135,24.0,59.44,3.59898,-21.16509,-0.36974,0.00057,-0.29313
9069.5,SYN.BTC-31JAN20,1579431541486,open,0.04,153.3,0.0155,0.059,0.03374137,59.14,0.034,0.0,BTC-31JAN20-9250-C,9038.79,56.7,0.032,32.0,0.0345,1.0,60.21,6.47036,-16.11152,1.22164,0.00041,0.44774
9141.51,SYN.BTC-28FEB20,1579431541488,open,0.03,217.6,0.014,0.0535,0.02995489,62.3,0.0295,0.0,BTC-28FEB20-8000-P,9038.79,60.83,0.0285,19.3,0.031,19.3,63.35,9.09413,-7.10422,-2.56036,0.00016,-0.22642
9213.49,BTC-27MAR20,1579431541490,open,0.02,2.4,0.0055,0.041,0.01731776,82.19,0.0145,0.0,BTC-27MAR20-15000-C,9038.79,81.2,0.0165,34.0,0.019,68.0,84.15,7.73423,-4.68249,1.68164,6e-05,0.11547
9213.32,BTC-27MAR20,1579431541491,open,0.0,161.2,0.0005,0.017,0.00418538,104.07,0.004,0.0,BTC-27MAR20-24000-C,9038.79,101.46,0.0035,24.0,0.005,71.0,106.83,2.56269,-1.96457,0.41027,2e-05,0.02813
9403.86,BTC-26JUN20,1579431541493,open,0.02,352.9,0.007,0.035,0.01682921,74.91,0.0175,0.0,BTC-26JUN20-5000-P,9038.79,72.63,0.015,38.0,0.0185,24.9,76.9,7.73473,-1.8235,-3.29224,3e-05,-0.0636
9069.5,SYN.BTC-31JAN20,1579431541523,open,0.04,153.3,0.0155,0.059,0.03374137,59.14,0.034,0.0,BTC-31JAN20-9250-C,9038.79,56.7,0.032,32.0,0.0345,16.6,60.21,6.47036,-16.11152,1.22164,0.00041,0.44774
9069.5,SYN.BTC-31JAN20,1579431541638,open,0.04,153.3,0.0155,0.059,0.03374137,59.14,0.034,0.0,BTC-31JAN20-9250-C,9038.79,56.7,0.032,32.0,0.0345,1.0,60.21,6.47036,-16.11152,1.22164,0.00041,0.44774
9544.52,SYN.BTC-25SEP20,1579431541648,open,0.06,102.6,0.035,0.094,0.05922507,72.99,0.0645,0.0,BTC-25SEP20-6000-P,9038.79,70.43,0.0545,19.0,0.0585,0.3,72.6,17.76208,-2.59436,-13.1598,4e-05,-0.14218
9213.49,BTC-27MAR20,1579431541658,open,0.03,208.5,0.0125,0.0585,0.02955042,76.32,0.0325,0.0,BTC-27MAR20-13000-C,9038.79,75.41,0.0285,10.0,0.031,22.0,77.55,10.74706,-6.04184,2.73205,9e-05,0.18901
184.43,SYN.ETH-25SEP20,1579431541761,open,0.14,62.0,0.082,0.202,0.139986,94.55,0.146,0.0,ETH-25SEP20-320-C,174.5,92.32,0.133,100.0,0.148,383.0,97.09,0.57965,-0.10967,0.29935,0.00263,0.37707
184.43,SYN.ETH-25SEP20,1579431541761,open,0.67,0.0,0.597,0.781,0.686972,93.02,None,0.0,ETH-25SEP20-280-P,174.5,0.0,0.0,0.0,0.71,1.0,100.05,0.60127,-0.11191,-1.57779,0.00278,-0.56264
174.7,SYN.ETH-24JAN20,1579431541897,open,0.15,927.0,0.116,0.173,0.14468,91.73,0.172,0.0,ETH-24JAN20-150-C,174.5,0.0,0.125,31.0,0.165,31.0,172.71,0.02652,-0.24945,0.01837,0.00709,0.93198
9051.5,SYN.BTC-24JAN20,1579431541983,open,0.01,304.2,0.0025,0.034,0.0126602,57.35,0.0115,0.0,BTC-24JAN20-8750-P,9038.79,54.4,0.0115,0.3,0.0135,42.5,59.44,3.59898,-21.16509,-0.36974,0.00057,-0.29313
9213.32,BTC-27MAR20,1579431541994,open,0.03,208.5,0.0125,0.0585,0.02954897,76.32,0.0325,0.0,BTC-27MAR20-13000-C,9038.79,75.41,0.0285,10.0,0.031,40.8,77.55,10.7467,-6.04184,2.73193,9e-05,0.189
9213.32,BTC-27MAR20,1579431541997,open,0.0,161.2,0.0005,0.017,0.0041849,104.07,0.004,0.0,BTC-27MAR20-24000-C,9038.79,101.46,0.0035,44.0,0.005,71.0,106.83,2.56269,-1.96457,0.41027,2e-05,0.02813
9403.86,BTC-26JUN20,1579431541999,open,0.02,352.9,0.007,0.035,0.01682908,74.91,0.0175,0.0,BTC-26JUN20-5000-P,9038.79,72.63,0.015,38.0,0.0185,44.9,76.9,7.73473,-1.8235,-3.29224,3e-05,-0.0636
9544.52,SYN.BTC-25SEP20,1579431542000,open,0.06,102.6,0.035,0.094,0.05922192,72.99,0.0645,0.0,BTC-25SEP20-6000-P,9038.79,70.43,0.0545,38.2,0.0585,0.3,72.6,17.76208,-2.59436,-13.1598,4e-05,-0.14218
174.98,SYN.ETH-31JAN20,1579431542095,open,0.05,3637.0,0.018,0.075,0.04487,79.66,0.044,0.0,ETH-31JAN20-180-C,174.5,77.04,0.043,157.0,0.048,10.0,84.04,0.12494,-0.41902,0.02308,0.01574,0.45025
177.24,ETH-27MAR20,1579431542144,open,1.68,0.0,1.631,1.809,1.714527,114.26,None,0.0,ETH-27MAR20-480-P,174.5,0.0,0.004,50.0,0.0,0.0,0.0,0.06302,-0.05304,-0.88221,0.00094,-0.96211
184.43,SYN.ETH-25SEP20,1579431542144,open,2.06,0.0,1.975,2.227,2.093612,100.38,None,0.0,ETH-25SEP20-560-P,174.5,0.0,0.0,0.0,0.0,0.0,0.0,0.39797,-0.07993,-3.68098,0.0017,-0.82175
181.26,ETH-26JUN20,1579431542162,open,2.51,0.0,2.435,2.683,2.551182,108.75,None,0.0,ETH-26JUN20-640-P,174.5,0.0,0.01,50.0,0.0,0.0,0.0,0.17915,-0.06131,-2.73805,0.00115,-0.91919
181.26,ETH-26JUN20,1579431542162,open,2.08,0.0,2.009,2.237,2.115811,105.87,None,0.0,ETH-26JUN20-560-P,174.5,0.0,0.01,50.0,0.0,0.0,0.0,0.21413,-0.07134,-2.37721,0.00141,-0.8972
177.24,ETH-27MAR20,1579431542162,open,0.27,668.0,0.221,0.296,0.259003,83.52,0.272,0.0,ETH-27MAR20-140-C,174.5,58.38,0.231,42.0,0.271,300.0,93.2,0.21518,-0.13239,0.17769,0.00441,0.79813
177.24,ETH-27MAR20,1579431542162,open,1.46,0.0,1.412,1.577,1.489818,108.96,None,0.0,ETH-27MAR20-440-P,174.5,0.0,0.003,50.0,0.0,0.0,0.0,0.07187,-0.05768,-0.80595,0.00113,-0.95545
181.26,ETH-26JUN20,1579431542164,open,1.87,0.0,1.797,2.015,1.899161,104.24,None,0.0,ETH-26JUN20-520-P,174.5,0.0,0.01,50.0,0.0,0.0,0.0,0.23539,-0.07722,-2.19484,0.00158,-0.88271
177.24,ETH-27MAR20,1579431542164,open,0.45,1148.0,0.423,0.472,0.447056,95.15,0.346,0.0,ETH-27MAR20-100-C,174.5,50.22,0.436,44.0,0.463,44.0,122.08,0.08478,-0.05943,0.16419,0.00153,0.9452
181.26,ETH-26JUN20,1579431542168,open,1.65,0.0,1.586,1.795,1.683929,102.75,None,0.0,ETH-26JUN20-480-P,174.5,0.0,0.01,50.0,0.0,0.0,0.0,0.26118,-0.08445,-2.01014,0.00178,-0.86383
181.26,ETH-26JUN20,1579431542170,open,1.03,1.0,0.963,1.146,1.05023,97.45,1.827,0.0,ETH-26JUN20-360-P,174.5,0.0,0.015,2.0,0.0,0.0,0.0,0.36127,-0.1108,-1.43777,0.00259,-0.77209
177.24,ETH-27MAR20,1579431542175,open,1.9,0.0,1.85,2.038,1.938377,115.36,None,0.0,ETH-27MAR20-520-P,174.5,0.0,0.006,50.0,0.0,0.0,0.0,0.04874,-0.04142,-0.95933,0.00072,-0.97225
181.26,ETH-26JUN20,1579431542177,open,1.23,0.0,1.168,1.358,1.257896,98.93,None,0.0,ETH-26JUN20-400-P,174.5,0.0,0.01,50.0,0.0,0.0,0.0,0.3221,-0.10028,-1.63334,0.00228,-0.81229
177.24,ETH-27MAR20,1579431542177,open,2.12,0.0,2.069,2.269,2.163312,118.6,None,0.0,ETH-27MAR20-560-P,174.5,0.0,0.02,50.0,0.0,0.0,0.0,0.04178,-0.0365,-1.03501,0.0006,-0.97691
177.24,ETH-27MAR20,1579431542232,open,0.39,136.0,0.349,0.47,0.407628,88.63,0.445,0.0,ETH-27MAR20-240-P,174.5,51.14,0.364,22.0,0.436,22.0,107.41,0.25437,-0.16607,-0.37378,0.00491,-0.72643
174.98,SYN.ETH-31JAN20,1579431542234,open,0.07,34.0,0.039,0.111,0.073563,79.66,0.073,0.0,ETH-31JAN20-180-P,174.5,74.66,0.07,180.0,0.078,180.0,85.87,0.12494,-0.41902,-0.03549,0.01574,-0.54975
181.26,ETH-26JUN20,1579431542238,open,0.41,318.0,0.362,0.442,0.402547,87.89,0.379,0.0,ETH-26JUN20-120-C,174.5,68.87,0.374,48.0,0.432,48.0,105.75,0.28902,-0.07994,0.34643,0.0023,0.84163
177.24,ETH-27MAR20,1579431542240,open,2.35,0.0,2.287,2.499,2.388104,119.96,None,0.0,ETH-27MAR20-600-P,174.5,0.0,0.03,50.0,0.0,0.0,0.0,0.03372,-0.0298,-1.1108,0.00048,-0.98207
177.24,ETH-27MAR20,1579431542243,open,2.57,0.0,2.506,2.73,2.612954,120.0,None,0.0,ETH-27MAR20-640-P,174.5,0.0,0.01,50.0,0.0,0.0,0.0,0.0258,-0.02281,-1.18649,0.00037,-0.98687
181.26,ETH-26JUN20,1579431542245,open,0.49,1.0,0.453,0.516,0.48388,89.96,0.38,0.0,ETH-26JUN20-100-C,174.5,64.82,0.46,49.0,0.507,49.0,108.85,0.20524,-0.05811,0.33068,0.0016,0.903
181.26,ETH-26JUN20,1579431542245,open,1.44,0.0,1.376,1.574,1.469185,100.47,None,0.0,ETH-26JUN20-440-P,174.5,0.0,0.01,50.0,0.0,0.0,0.0,0.28751,-0.09091,-1.82419,0.002,-0.84289
181.26,ETH-26JUN20,1579431542245,open,2.3,0.0,2.222,2.46,2.333475,107.61,None,0.0,ETH-26JUN20-600-P,174.5,0.0,0.01,50.0,0.0,0.0,0.0,0.19673,-0.06662,-2.55779,0.00128,-0.90841
9213.3,BTC-27MAR20,1579431542416,open,0.31,0.0,0.288,0.334,0.30925042,69.04,None,0.0,BTC-27MAR20-6500-C,9038.79,43.79,0.2965,11.0,0.3125,11.0,73.38,6.62726,-3.37039,10.23588,6e-05,0.90668
9069.5,SYN.BTC-31JAN20,1579431542483,open,0.06,24.0,0.039,0.0885,0.0604781,57.24,0.074,0.0,BTC-31JAN20-8750-C,9038.79,55.77,0.0595,18.0,0.0635,18.0,61.77,6.02708,-14.52412,1.75453,0.00039,0.65505
9213.32,BTC-27MAR20,1579431542485,open,0.03,208.5,0.0125,0.0585,0.02954897,76.32,0.0325,0.0,BTC-27MAR20-13000-C,9038.79,75.41,0.0285,10.0,0.031,22.0,77.55,10.7467,-6.04184,2.73193,9e-05,0.189
9213.32,BTC-27MAR20,1579431542486,open,0.02,2.4,0.0055,0.041,0.01731704,82.19,0.0145,0.0,BTC-27MAR20-15000-C,9038.79,81.2,0.0165,54.0,0.019,68.0,84.15,7.73398,-4.68246,1.68157,6e-05,0.11546
9544.52,SYN.BTC-25SEP20,1579431542488,open,0.06,102.6,0.035,0.094,0.05922192,72.99,0.0645,0.0,BTC-25SEP20-6000-P,9038.79,70.43,0.0545,19.0,0.0585,0.3,72.6,17.76208,-2.59436,-13.1598,4e-05,-0.14218
9051.33,SYN.BTC-24JAN20,1579431542983,open,0.01,304.2,0.0025,0.034,0.01266593,57.32,0.0115,0.0,BTC-24JAN20-8750-P,9038.79,54.38,0.0115,0.3,0.0135,24.0,59.42,3.59908,-21.15682,-0.36976,0.00057,-0.29316
9069.5,SYN.BTC-31JAN20,1579431543004,open,0.06,24.0,0.039,0.0885,0.06047782,57.24,0.074,0.0,BTC-31JAN20-8750-C,9038.79,55.77,0.0595,18.0,0.0635,30.2,61.77,6.02708,-14.52412,1.75453,0.00039,0.65505
9213.32,BTC-27MAR20,1579431543006,open,0.03,208.5,0.0125,0.0585,0.02954909,76.32,0.0325,0.0,BTC-27MAR20-13000-C,9038.79,75.41,0.0285,10.0,0.031,40.8,77.55,10.7467,-6.04184,2.73193,9e-05,0.189
9544.52,SYN.BTC-25SEP20,1579431543007,open,0.06,102.6,0.035,0.094,0.05922156,72.99,0.0645,0.0,BTC-25SEP20-6000-P,9038.79,70.43,0.0545,38.2,0.0585,0.3,72.6,17.76208,-2.59436,-13.1598,4e-05,-0.14218
9213.32,BTC-27MAR20,1579431543009,open,0.02,2.4,0.0055,0.041,0.01731728,82.19,0.0145,0.0,BTC-27MAR20-15000-C,9038.79,81.2,0.0165,34.0,0.019,68.0,84.15,7.73398,-4.68246,1.68157,6e-05,0.11546
9213.3,BTC-27MAR20,1579431543010,open,0.0,161.2,0.0005,0.017,0.00418488,104.07,0.004,0.0,BTC-27MAR20-24000-C,9038.79,101.46,0.0035,24.0,0.005,71.0,106.83,2.56249,-1.96439,0.41024,2e-05,0.02813
174.7,SYN.ETH-24JAN20,1579431543015,open,0.0,26.0,0.001,0.011,1e-06,120.0,0.001,0.0,ETH-24JAN20-100-P,174.5,0.0,0.0,0.0,0.001,50.0,221.58,2e-05,-0.00012,0.0,0.0,-2e-05
174.7,SYN.ETH-24JAN20,1579431543015,open,0.09,0.0,0.063,0.141,0.100724,90.75,None,0.0,ETH-24JAN20-190-P,174.5,79.58,0.097,60.0,0.104,60.0,99.88,0.06089,-0.56667,-0.02038,0.01646,-0.77281
174.7,SYN.ETH-24JAN20,1579431543015,open,0.43,2.0,0.41,0.444,0.42758,120.04,0.39,0.0,ETH-24JAN20-100-C,174.5,0.0,0.42,40.0,0.436,40.0,324.25,2e-05,-0.00023,0.01336,0.0,0.99998
174.7,SYN.ETH-24JAN20,1579431543015,open,0.19,0.0,0.168,0.246,0.204767,97.76,None,0.0,ETH-24JAN20-210-P,174.5,0.0,0.0,0.0,0.0,0.0,0.0,0.02339,-0.23451,-0.02676,0.00587,-0.94209
174.7,SYN.ETH-24JAN20,1579431543015,open,0.02,906.0,0.001,0.036,0.013125,90.75,0.013,0.0,ETH-24JAN20-190-C,174.5,81.46,0.01,240.0,0.014,526.0,93.24,0.06089,-0.56667,0.005,0.01646,0.22719
174.7,SYN.ETH-24JAN20,1579431543017,open,0.0,301.0,0.001,0.015,0.002684,97.76,0.006,0.0,ETH-24JAN20-210-C,174.5,81.63,0.001,387.0,0.004,1.0,106.55,0.02339,-0.23451,0.00129,0.00587,0.05791
174.7,SYN.ETH-24JAN20,1579431543020,open,0.01,1471.0,0.001,0.022,0.005293,91.1,0.009,0.0,ETH-24JAN20-200-C,174.5,84.73,0.004,600.0,0.007,1.0,98.53,0.03771,-0.35226,0.00242,0.01015,0.10896
174.7,SYN.ETH-24JAN20,1579431543020,open,0.14,10.0,0.113,0.191,0.150133,91.1,0.1,0.0,ETH-24JAN20-200-P,174.5,0.0,0.11,10.0,0.0,0.0,0.0,0.03771,-0.35226,-0.0243,0.01015,-0.89104
9544.38,SYN.BTC-25SEP20,1579431543153,open,0.34,15.6,0.283,0.406,0.33846269,72.99,0.3655,0.0,BTC-25SEP20-11000-P,9038.79,68.9,0.325,9.2,0.344,9.2,74.67,31.4341,-4.59096,-53.04216,7e-05,-0.47332
9544.38,SYN.BTC-25SEP20,1579431543154,open,0.37,3.9,0.327,0.409,0.36446365,73.0,0.355,0.0,BTC-25SEP20-7000-C,9038.79,70.68,0.359,15.5,0.3685,22.5,74.7,22.59553,-3.30037,27.97165,5e-05,0.79256
9544.38,SYN.BTC-25SEP20,1579431543154,open,0.26,98.6,0.2145,0.314,0.26013744,72.99,0.2575,0.0,BTC-25SEP20-9000-C,9038.79,71.47,0.2555,16.1,0.264,16.1,74.26,29.09147,-4.24915,25.80901,6e-05,0.65513
9544.38,SYN.BTC-25SEP20,1579431543154,open,0.31,32.9,0.2655,0.358,0.30797925,72.99,0.2875,0.0,BTC-25SEP20-8000-C,9038.79,71.01,0.3025,15.7,0.3115,15.7,74.27,26.40554,-3.85685,27.17121,6e-05,0.72382
9544.38,SYN.BTC-25SEP20,1579431543154,open,0.27,3.1,0.2155,0.331,0.26755008,72.99,0.2745,0.0,BTC-25SEP20-10000-P,9038.79,69.72,0.257,17.0,0.272,12.0,74.37,30.7189,-4.48654,-44.34238,7e-05,-0.41109
9544.38,SYN.BTC-25SEP20,1579431543154,open,0.01,65.7,0.005,0.031,0.01462932,75.57,0.015,0.0,BTC-25SEP20-4000-P,9038.79,74.08,0.0135,28.0,0.0155,0.1,76.68,7.38272,-1.11635,-3.84622,2e-05,-0.04424
9544.38,SYN.BTC-25SEP20,1579431543157,open,0.14,77.5,0.1055,0.198,0.14615643,72.99,0.152,0.0,BTC-25SEP20-8000-P,9038.79,69.86,0.1375,15.0,0.1455,16.5,72.75,26.40555,-3.85662,-27.59527,6e-05,-0.27618
9544.38,SYN.BTC-25SEP20,1579431543158,open,0.22,70.8,0.173,0.276,0.2198286,72.99,0.2195,0.0,BTC-25SEP20-10000-C,9038.79,72.27,0.2175,23.5,0.226,23.5,74.91,30.71873,-4.48681,24.11634,7e-05,0.58892
9544.38,SYN.BTC-25SEP20,1579431543157,open,0.19,82.9,0.139,0.243,0.18596906,72.99,0.183,0.0,BTC-25SEP20-11000-C,9038.79,73.16,0.1865,23.9,0.196,23.9,76.04,31.43402,-4.59127,22.26272,7e-05,0.52669
9544.38,SYN.BTC-25SEP20,1579431543157,open,0.6,0.0,0.58,0.6165,0.59554072,75.58,None,0.0,BTC-25SEP20-4000-C,9038.79,64.14,0.588,8.0,0.6115,8.0,92.94,7.38416,-1.11669,23.53631,2e-05,0.95575
9544.38,SYN.BTC-25SEP20,1579431543157,open,0.51,0.0,0.4855,0.539,0.50913578,74.64,None,0.0,BTC-25SEP20-5000-C,9038.79,63.31,0.4955,8.0,0.5295,8.0,88.93,12.56873,-1.87715,26.34912,3e-05,0.9124
9544.38,SYN.BTC-25SEP20,1579431543157,open,0.03,137.2,0.017,0.059,0.03299652,74.63,0.0365,0.0,BTC-25SEP20-5000-P,9038.79,73.49,0.0315,100.0,0.034,28.0,75.39,12.56773,-1.87685,-7.8793,3e-05,-0.08759
174.98,SYN.ETH-31JAN20,1579431543162,open,0.27,133.0,0.235,0.284,0.259337,93.54,0.26,0.0,ETH-31JAN20-130-C,174.5,0.0,0.249,34.0,0.274,34.0,152.88,0.02294,-0.09033,0.04032,0.00246,0.96752
174.98,SYN.ETH-31JAN20,1579431543162,open,0.38,2.0,0.352,0.392,0.371884,110.51,0.331,0.0,ETH-31JAN20-110-C,174.5,0.0,0.363,38.0,0.382,38.0,188.89,0.0066,-0.03071,0.03533,0.0006,0.99242
174.98,SYN.ETH-31JAN20,1579431543162,open,0.01,506.0,0.001,0.029,0.010566,82.12,0.01,0.0,ETH-31JAN20-150-P,174.5,77.96,0.009,600.0,0.012,30.0,85.74,0.06771,-0.2341,-0.00815,0.00828,-0.13265
174.98,SYN.ETH-31JAN20,1579431543164,open,0.0,1245.0,0.001,0.011,0.00053,110.51,0.001,0.0,ETH-31JAN20-110-P,174.5,0.0,0.0,0.0,0.001,25.0,120.41,0.0066,-0.03071,-0.00046,0.0006,-0.00758
174.98,SYN.ETH-31JAN20,1579431543164,open,0.0,444.0,0.001,0.012,0.002282,93.54,0.004,0.0,ETH-31JAN20-130-P,174.5,91.3,0.002,300.0,0.003,20.0,98.59,0.02294,-0.09033,-0.00198,0.00246,-0.03248
174.98,SYN.ETH-31JAN20,1579431543162,open,0.0,789.0,0.001,0.011,4.6e-05,120.0,0.001,0.0,ETH-31JAN20-90-P,174.5,0.0,0.0,0.0,0.001,25.0,166.43,0.0008,-0.00405,-4e-05,7e-05,-0.00074
174.98,SYN.ETH-31JAN20,1579431543164,open,0.04,952.0,0.017,0.076,0.043351,79.64,0.04,0.0,ETH-31JAN20-170-P,174.5,73.36,0.039,245.0,0.043,2.0,79.13,0.12132,-0.40679,-0.02481,0.01529,-0.39251
174.98,SYN.ETH-31JAN20,1579431543164,open,0.08,652.0,0.039,0.105,0.071808,79.64,0.084,0.0,ETH-31JAN20-170-C,174.5,81.36,0.073,1.0,0.075,180.0,84.24,0.12132,-0.40679,0.0305,0.01529,0.60749
174.98,SYN.ETH-31JAN20,1579431543164,open,0.49,2.0,0.47,0.501,0.485699,120.0,0.473,0.0,ETH-31JAN20-90-C,174.5,0.0,0.479,43.0,0.494,43.0,240.68,0.0008,-0.00405,0.02924,7e-05,0.99926
9544.38,SYN.BTC-25SEP20,1579431543173,open,0.96,0.2,0.899,1.05,0.96647837,80.51,1.02,0.0,BTC-25SEP20-18000-P,9039.02,0.0,0.0,0.0,1.17,0.5,145.0,26.00693,-4.18974,-110.98779,5e-05,-0.73214
9141.31,SYN.BTC-28FEB20,1579431543172,open,0.01,92.2,0.0015,0.0295,0.01138047,76.85,0.013,0.0,BTC-28FEB20-13000-C,9039.02,76.21,0.011,44.0,0.012,0.1,77.87,5.45434,-5.25588,0.9245,8e-05,0.10395
9141.31,SYN.BTC-28FEB20,1579431543172,open,0.01,4.1,0.0045,0.034,0.01411717,74.86,0.012,0.0,BTC-28FEB20-12500-C,9039.02,73.95,0.0135,24.0,0.015,10.3,76.12,6.28656,-5.90074,1.12663,9e-05,0.12693
9544.38,SYN.BTC-25SEP20,1579431543173,open,0.1,104.2,0.059,0.156,0.09951249,78.74,0.094,0.0,BTC-25SEP20-16000-C,9039.02,77.55,0.096,28.6,0.1035,24.6,80.08,28.24677,-4.4506,14.41755,6e-05,0.32017
9544.38,SYN.BTC-25SEP20,1579431543173,open,2.37,0.0,2.299,2.485,2.38231312,90.76,None,0.0,BTC-25SEP20-32000-P,9039.02,0.0,0.0,0.0,0.0,0.0,0.0,14.68407,-2.66667,-213.92378,3e-05,-0.8917
9544.38,SYN.BTC-25SEP20,1579431543173,open,0.59,0.2,0.53,0.6705,0.5933867,77.06,0.63,0.0,BTC-25SEP20-14000-P,9039.02,0.0,0.0,0.0,0.659,0.1,97.27,30.27553,-4.66816,-78.69911,6e-05,-0.61107
9544.38,SYN.BTC-25SEP20,1579431543173,open,0.17,135.5,0.118,0.2235,0.16468822,75.16,0.168,0.0,BTC-25SEP20-12000-C,9039.02,74.04,0.161,17.3,0.169,24.3,76.46,31.45294,-4.73012,20.41735,7e-05,0.47717
9544.38,SYN.BTC-25SEP20,1579431543173,open,0.04,62.2,0.0145,0.08,0.03721753,88.33,0.038,0.0,BTC-25SEP20-28000-C,9039.02,86.79,0.0345,33.0,0.04,46.0,89.86,17.06928,-3.01709,6.33174,3e-05,0.13412
9544.38,SYN.BTC-25SEP20,1579431543173,open,1.15,0.1,1.093,1.2485,1.16200149,82.15,1.21,0.0,BTC-25SEP20-20000-P,9039.02,0.0,0.0,0.0,1.35,0.4,143.7,23.80654,-3.91325,-126.42893,5e-05,-0.77294
176.11,SYN.ETH-28FEB20,1579431543176,open,0.0,403.0,0.001,0.014,0.004657,101.22,0.006,0.0,ETH-28FEB20-100-P,174.5,93.26,0.003,560.0,0.006,540.0,106.56,0.04127,-0.05238,-0.00696,0.0012,-0.03153
9544.38,SYN.BTC-25SEP20,1579431543173,open,0.13,252.7,0.0825,0.185,0.12657662,77.06,0.119,0.0,BTC-25SEP20-14000-C,9039.02,75.93,0.123,28.0,0.131,24.0,78.45,30.27623,-4.66868,17.14425,6e-05,0.38896
9544.38,SYN.BTC-25SEP20,1579431543173,open,0.03,33.1,0.0105,0.069,0.02960438,90.79,0.028,0.0,BTC-25SEP20-32000-C,9039.02,89.73,0.028,26.0,0.0315,1.9,92.0,14.69695,-2.66997,5.15069,3e-05,0.10843
9544.38,SYN.BTC-25SEP20,1579431543173,open,0.77,0.1,0.71,0.8565,0.77586686,78.73,0.7925,0.0,BTC-25SEP20-16000-P,9039.02,0.0,0.0,0.0,0.825,0.1,94.66,28.2452,-4.44988,-95.11816,6e-05,-0.67988
176.11,SYN.ETH-28FEB20,1579431543176,open,0.16,513.0,0.115,0.189,0.152984,80.33,0.158,0.0,ETH-28FEB20-160-C,174.5,76.91,0.149,220.0,0.157,364.0,83.76,0.20554,-0.20703,0.1032,0.00755,0.68937
176.11,SYN.ETH-28FEB20,1579431543176,open,0.0,829.0,0.001,0.012,0.002589,105.76,0.004,0.0,ETH-28FEB20-90-P,174.5,91.63,0.001,260.0,0.004,300.0,114.14,0.02587,-0.03431,-0.00398,0.00072,-0.01808
9544.38,SYN.BTC-25SEP20,1579431543173,open,0.08,46.5,0.044,0.1345,0.0805797,80.52,0.08,0.0,BTC-25SEP20-18000-C,9039.02,79.2,0.077,30.0,0.0845,25.0,81.95,26.00958,-4.1907,12.24028,5e-05,0.26791
9544.38,SYN.BTC-25SEP20,1579431543173,open,0.42,0.0,0.3625,0.494,0.421954,75.15,0.452,0.0,BTC-25SEP20-12000-P,9039.02,0.0,0.0,0.0,0.4755,1.0,91.39,31.45285,-4.72975,-61.73367,7e-05,-0.52285
9141.31,SYN.BTC-28FEB20,1579431543173,open,0.28,0.0,0.2465,0.3205,0.28027156,70.43,None,0.0,BTC-28FEB20-11500-P,9039.02,0.0,0.0,0.0,0.0,0.0,0.0,8.25892,-7.29405,-10.86566,0.00013,-0.80774
176.11,SYN.ETH-28FEB20,1579431543177,open,0.01,386.0,0.001,0.026,0.010871,88.98,0.012,0.0,ETH-28FEB20-120-P,174.5,84.74,0.009,560.0,0.012,240.0,91.38,0.081,-0.09038,-0.0162,0.00269,-0.07334
9544.38,SYN.BTC-25SEP20,1579431543173,open,1.96,0.0,1.893,2.068,1.97083768,88.31,None,0.0,BTC-25SEP20-28000-P,9039.02,0.0,0.0,0.0,0.0,0.0,0.0,17.05967,-3.01456,-185.35805,3e-05,-0.86599
9141.31,SYN.BTC-28FEB20,1579431543173,open,0.43,0.0,0.399,0.4745,0.4334649,76.8,None,0.0,BTC-28FEB20-13000-P,9039.02,0.0,0.0,0.0,0.0,0.0,0.0,5.44729,-5.24554,-13.27934,8e-05,-0.89623
176.11,SYN.ETH-28FEB20,1579431543176,open,0.01,124.0,0.001,0.019,0.007247,95.06,0.008,0.0,ETH-28FEB20-110-P,174.5,91.16,0.006,261.0,0.008,240.0,97.25,0.05904,-0.07037,-0.01081,0.00183,-0.04896
176.11,SYN.ETH-28FEB20,1579431543179,open,0.02,232.0,0.01,0.05,0.026032,81.31,0.028,0.0,ETH-28FEB20-140-P,174.5,78.77,0.024,707.0,0.026,10.0,81.27,0.14252,-0.14531,-0.03609,0.00517,-0.16154
9544.38,SYN.BTC-25SEP20,1579431543173,open,0.05,23.4,0.021,0.0935,0.04725941,84.88,0.047,0.0,BTC-25SEP20-24000-C,9039.02,84.03,0.0455,31.9,0.0495,1.0,85.95,19.83759,-3.36932,7.89368,4e-05,0.16807
176.11,SYN.ETH-28FEB20,1579431543179,open,0.04,305.0,0.018,0.07,0.040983,80.47,0.04,0.0,ETH-28FEB20-150-P,174.5,78.49,0.039,220.0,0.044,192.0,83.45,0.17708,-0.17867,-0.05228,0.00649,-0.23077
176.11,SYN.ETH-28FEB20,1579431543180,open,0.29,28.0,0.248,0.307,0.277813,83.2,0.249,0.0,ETH-28FEB20-130-C,174.5,64.09,0.268,38.0,0.3,38.0,114.06,0.10747,-0.11212,0.11832,0.00381,0.89277
9141.31,SYN.BTC-28FEB20,1579431543173,open,0.33,0.0,0.2965,0.371,0.33041823,72.78,None,0.0,BTC-28FEB20-12000-P,9039.02,0.0,0.0,0.0,0.0,0.0,0.0,7.23227,-6.60049,-11.72799,0.00011,-0.84394
9544.38,SYN.BTC-25SEP20,1579431543173,open,1.55,0.0,1.489,1.6525,1.56179097,84.86,None,0.0,BTC-25SEP20-24000-P,9039.02,0.0,0.0,0.0,0.0,0.0,0.0,19.83086,-3.36746,-156.41149,4e-05,-0.83202
176.11,SYN.ETH-28FEB20,1579431543180,open,0.13,544.0,0.084,0.159,0.122038,80.33,0.134,0.0,ETH-28FEB20-170-C,174.5,77.16,0.118,466.0,0.126,144.0,83.44,0.22416,-0.22579,0.09288,0.00824,0.60478
9051.33,SYN.BTC-24JAN20,1579431543173,open,0.01,527.2,0.0005,0.0205,0.00512787,72.84,0.005,0.0,BTC-24JAN20-10000-C,9039.02,72.31,0.005,15.0,0.0055,50.0,74.37,2.17469,-16.24521,0.14707,0.00027,0.12677
9141.31,SYN.BTC-28FEB20,1579431543173,open,0.18,0.0,0.153,0.225,0.18614722,66.36,None,0.0,BTC-28FEB20-10500-P,9039.02,0.0,0.0,0.0,0.0,0.0,0.0,10.51789,-8.7515,-8.84182,0.00017,-0.69921
9051.33,SYN.BTC-24JAN20,1579431543173,open,0.11,0.0,0.085,0.139,0.10991724,72.76,None,0.0,BTC-24JAN20-10000-P,9039.02,0.0,0.0005,0.2,0.0,0.0,0.0,2.17099,-16.19798,-1.18908,0.00027,-0.87354
9544.38,SYN.BTC-25SEP20,1579431543173,open,0.07,167.3,0.0335,0.118,0.06655853,82.16,0.068,0.0,BTC-25SEP20-20000-C,9039.02,80.72,0.063,30.4,0.0695,25.4,83.33,23.81041,-3.91449,10.49151,5e-05,0.22713
176.11,SYN.ETH-28FEB20,1579431543180,open,0.44,21.0,0.416,0.458,0.436829,101.22,0.267,0.0,ETH-28FEB20-100-C,174.5,0.0,0.432,1.0,0.449,42.0,136.68,0.04127,-0.05238,0.10229,0.0012,0.96847
176.11,SYN.ETH-28FEB20,1579431543183,open,0.1,1190.0,0.06,0.133,0.096094,80.33,0.098,0.0,ETH-28FEB20-180-C,174.5,79.5,0.095,1.0,0.1,334.0,83.3,0.23193,-0.23361,0.08158,0.00852,0.52012
176.11,SYN.ETH-28FEB20,1579431543180,open,0.02,610.0,0.005,0.034,0.01599,83.2,0.016,0.0,ETH-28FEB20-130-P,174.5,79.86,0.014,800.0,0.019,240.0,87.98,0.10747,-0.11212,-0.02371,0.00381,-0.10723
176.11,SYN.ETH-28FEB20,1579431543180,open,0.39,5.0,0.359,0.407,0.382637,95.06,0.229,0.0,ETH-28FEB20-110-C,174.5,0.0,0.375,1.0,0.397,40.0,127.18,0.05904,-0.07037,0.10936,0.00183,0.95104
176.11,SYN.ETH-28FEB20,1579431543180,open,0.24,113.0,0.198,0.263,0.231073,81.31,0.235,0.0,ETH-28FEB20-140-C,174.5,78.72,0.229,220.0,0.242,220.0,94.18,0.14252,-0.14531,0.11686,0.00517,0.83846
176.11,SYN.ETH-28FEB20,1579431543184,open,0.11,31.0,0.078,0.161,0.118184,80.33,0.115,0.0,ETH-28FEB20-180-P,174.5,77.15,0.114,144.0,0.123,144.0,83.99,0.23193,-0.23361,-0.11507,0.00852,-0.47988
176.11,SYN.ETH-28FEB20,1579431543183,open,0.2,184.0,0.153,0.224,0.189241,80.47,0.2,0.0,ETH-28FEB20-150-C,174.5,77.22,0.186,220.0,0.202,220.0,92.87,0.17708,-0.17867,0.11159,0.00649,0.76923
9141.31,SYN.BTC-28FEB20,1579431543173,open,0.38,0.0,0.3475,0.4225,0.38150604,74.81,None,0.0,BTC-28FEB20-12500-P,9039.02,0.0,0.0,0.0,0.0,0.0,0.0,6.28079,-5.8919,-12.53081,9e-05,-0.87324
176.11,SYN.ETH-28FEB20,1579431543184,open,0.15,1.0,0.111,0.202,0.155515,81.77,0.169,0.0,ETH-28FEB20-190-P,174.5,77.53,0.15,144.0,0.16,144.0,85.2,0.22977,-0.23557,-0.13727,0.00829,-0.55795
176.11,SYN.ETH-28FEB20,1579431543183,open,0.08,692.0,0.043,0.112,0.076642,81.77,0.085,0.0,ETH-28FEB20-190-C,174.5,80.51,0.075,1.0,0.08,324.0,84.34,0.22977,-0.23557,0.0703,0.00829,0.44205
174.98,SYN.ETH-31JAN20,1579431543232,open,0.03,631.0,0.007,0.054,0.027263,81.11,0.036,0.0,ETH-31JAN20-190-C,174.5,77.54,0.025,240.0,0.03,10.0,85.37,0.11169,-0.3814,0.01622,0.01382,0.31215
176.11,SYN.ETH-28FEB20,1579431543232,open,0.04,304.0,0.015,0.069,0.038748,85.65,0.045,0.0,ETH-28FEB20-220-C,174.5,83.06,0.036,286.0,0.042,478.0,88.65,0.18867,-0.20261,0.04249,0.0065,0.25962
176.11,SYN.ETH-28FEB20,1579431543232,open,0.03,914.0,0.011,0.059,0.031368,87.25,0.027,0.0,ETH-28FEB20-230-C,174.5,84.79,0.029,482.0,0.034,482.0,89.93,0.17111,-0.18721,0.03576,0.00579,0.21725
176.11,SYN.ETH-28FEB20,1579431543232,open,0.28,0.0,0.238,0.341,0.28797,85.65,None,0.0,ETH-28FEB20-220-P,174.5,0.0,0.0,0.0,0.0,0.0,0.0,0.18867,-0.20261,-0.19785,0.0065,-0.74038
176.11,SYN.ETH-28FEB20,1579431543232,open,0.03,913.0,0.008,0.052,0.025763,89.07,0.025,0.0,ETH-28FEB20-240-C,174.5,85.86,0.023,486.0,0.028,486.0,91.59,0.15431,-0.17235,0.03024,0.00511,0.18296
174.98,SYN.ETH-31JAN20,1579431543232,open,0.01,60.0,0.002,0.031,0.011368,89.41,0.01,0.0,ETH-31JAN20-210-C,174.5,83.43,0.009,597.0,0.013,597.0,93.24,0.07251,-0.27294,0.00771,0.00814,0.14672
176.11,SYN.ETH-28FEB20,1579431543232,open,0.37,0.0,0.337,0.444,0.38855,89.07,None,0.0,ETH-28FEB20-240-P,174.5,0.0,0.0,0.0,0.0,0.0,0.0,0.15431,-0.17235,-0.23195,0.00511,-0.81704
176.11,SYN.ETH-28FEB20,1579431543232,open,0.23,0.0,0.192,0.292,0.24063,84.06,None,0.0,ETH-28FEB20-210-P,174.5,0.0,0.0,0.0,0.0,0.0,0.0,0.20549,-0.21659,-0.17896,0.00721,-0.68954
174.98,SYN.ETH-31JAN20,1579431543232,open,0.2,1.0,0.17,0.256,0.211509,89.41,0.241,0.0,ETH-31JAN20-210-P,174.5,0.0,0.0,0.0,0.252,1.0,162.42,0.07251,-0.27294,-0.06062,0.00814,-0.85328
176.11,SYN.ETH-28FEB20,1579431543232,open,0.05,38.0,0.021,0.08,0.048191,84.06,0.049,0.0,ETH-28FEB20-210-C,174.5,81.31,0.045,281.0,0.052,472.0,87.3,0.20549,-0.21659,0.05046,0.00721,0.31046
176.11,SYN.ETH-28FEB20,1579431543232,open,0.32,0.0,0.287,0.392,0.337372,87.25,None,0.0,ETH-28FEB20-230-P,174.5,0.0,0.0,0.0,0.0,0.0,0.0,0.17111,-0.18721,-0.21551,0.00579,-0.78275
184.42,SYN.ETH-25SEP20,1579431543433,open,0.23,327.0,0.164,0.287,0.226215,88.73,0.22,0.0,ETH-25SEP20-220-C,174.5,88.97,0.227,110.0,0.243,381.0,93.87,0.60388,-0.10722,0.40937,0.00292,0.55046
184.42,SYN.ETH-25SEP20,1579431543433,open,0.41,0.0,0.341,0.498,0.418991,88.69,None,0.0,ETH-25SEP20-220-P,174.5,0.0,0.0,0.0,0.456,1.0,100.06,0.6039,-0.10718,-1.0967,0.00292,-0.44965
9051.33,SYN.BTC-24JAN20,1579431543484,open,0.01,304.2,0.0025,0.034,0.01266593,57.34,0.0115,0.0,BTC-24JAN20-8750-P,9039.02,54.38,0.0115,0.3,0.0135,42.5,59.42,3.59932,-21.16347,-0.36982,0.00057,-0.2932
9213.31,BTC-27MAR20,1579431543486,open,0.03,208.5,0.0125,0.0585,0.02954909,76.32,0.0325,0.0,BTC-27MAR20-13000-C,9039.02,75.41,0.0285,10.0,0.031,22.0,77.55,10.74651,-6.04165,2.73186,9e-05,0.189
9213.31,BTC-27MAR20,1579431543487,open,0.02,2.4,0.0055,0.041,0.01731728,82.19,0.0145,0.0,BTC-27MAR20-15000-C,9039.02,81.2,0.0165,54.0,0.019,68.0,84.15,7.73387,-4.68237,1.68154,6e-05,0.11546
184.42,SYN.ETH-25SEP20,1579431543488,open,0.39,23.0,0.336,0.439,0.388796,88.64,0.327,0.0,ETH-25SEP20-140-C,174.5,74.31,0.353,52.0,0.422,52.0,101.91,0.4621,-0.08196,0.48268,0.00224,0.7711
184.42,SYN.ETH-25SEP20,1579431543488,open,0.26,0.0,0.205,0.339,0.270769,88.6,0.58,0.0,ETH-25SEP20-180-P,174.5,81.82,0.25,220.0,0.277,220.0,90.65,0.56203,-0.09964,-0.77706,0.00272,-0.3447
184.42,SYN.ETH-25SEP20,1579431543488,open,0.14,219.0,0.099,0.201,0.147835,88.61,0.143,0.0,ETH-25SEP20-140-P,174.5,83.48,0.135,440.0,0.152,270.0,90.27,0.4621,-0.08193,-0.47565,0.00224,-0.2289
184.42,SYN.ETH-25SEP20,1579431543488,open,0.2,116.0,0.147,0.267,0.205665,88.61,0.212,0.0,ETH-25SEP20-160-P,174.5,82.01,0.187,256.0,0.211,256.0,90.5,0.52031,-0.09225,-0.6228,0.00252,-0.28763
184.42,SYN.ETH-25SEP20,1579431543488,open,0.3,350.0,0.234,0.353,0.294861,88.64,0.27,0.0,ETH-25SEP20-180-C,174.5,88.03,0.293,120.0,0.309,385.0,93.29,0.562,-0.09968,0.45513,0.00272,0.65535
184.42,SYN.ETH-25SEP20,1579431543488,open,0.03,317.0,0.015,0.057,0.032875,91.89,0.06,0.0,ETH-25SEP20-80-P,174.5,87.36,0.028,470.0,0.037,170.0,95.55,0.20401,-0.03751,-0.1294,0.00095,-0.06962
184.42,SYN.ETH-25SEP20,1579431543488,open,0.34,21.0,0.28,0.393,0.338192,88.64,0.318,0.0,ETH-25SEP20-160-C,174.5,84.68,0.327,120.0,0.368,120.0,99.27,0.52029,-0.09228,0.47245,0.00252,0.7124
184.42,SYN.ETH-25SEP20,1579431543488,open,0.52,0.0,0.482,0.555,0.51853,89.94,None,0.0,ETH-25SEP20-100-C,174.5,75.23,0.496,53.0,0.54,53.0,102.8,0.29825,-0.05368,0.46126,0.00142,0.88387
184.42,SYN.ETH-25SEP20,1579431543488,open,0.06,188.0,0.033,0.095,0.060701,89.91,0.116,0.0,ETH-25SEP20-100-P,174.5,86.34,0.055,465.0,0.065,465.0,92.55,0.29819,-0.05365,-0.22321,0.00142,-0.1161
184.42,SYN.ETH-25SEP20,1579431543488,open,0.02,812.0,0.006,0.03,0.015209,95.95,0.028,0.0,ETH-25SEP20-60-P,174.5,90.66,0.012,470.0,0.018,170.0,100.14,0.11802,-0.02266,-0.06344,0.00053,-0.03504
184.42,SYN.ETH-25SEP20,1579431543489,open,0.1,636.0,0.06,0.142,0.098434,88.61,0.156,0.0,ETH-25SEP20-120-P,174.5,84.57,0.09,454.0,0.104,454.0,91.26,0.38667,-0.06856,-0.33937,0.00187,-0.17036
184.42,SYN.ETH-25SEP20,1579431543490,open,0.6,0.0,0.572,0.627,0.599138,91.93,None,0.0,ETH-25SEP20-80-C,174.5,74.37,0.582,56.0,0.615,56.0,105.35,0.20412,-0.03755,0.41816,0.00095,0.93034
184.42,SYN.ETH-25SEP20,1579431543489,open,0.69,1.0,0.672,0.71,0.689907,96.0,0.645,0.0,ETH-25SEP20-60-C,174.5,61.39,0.676,61.0,0.7,61.0,110.02,0.11815,-0.0227,0.34721,0.00053,0.96491
184.42,SYN.ETH-25SEP20,1579431543489,open,0.26,63.0,0.196,0.318,0.258,88.72,0.251,0.0,ETH-25SEP20-200-C,174.5,88.4,0.257,110.0,0.273,378.0,93.43,0.58904,-0.10457,0.43336,0.00285,0.60124
9213.31,BTC-27MAR20,1579431543499,open,0.0,161.2,0.0005,0.017,0.00418488,104.07,0.004,0.0,BTC-27MAR20-24000-C,9039.02,101.46,0.0035,44.0,0.005,71.0,106.83,2.56249,-1.96439,0.41024,2e-05,0.02813
9069.32,SYN.BTC-31JAN20,1579431543501,open,0.06,24.0,0.039,0.0885,0.06047782,57.26,0.074,0.0,BTC-31JAN20-8750-C,9039.02,55.79,0.0595,18.0,0.0635,18.0,61.79,6.02776,-14.53263,1.75411,0.00039,0.65493
176.11,SYN.ETH-28FEB20,1579431543635,open,0.06,3781.0,0.03,0.094,0.060427,82.64,0.062,0.0,ETH-28FEB20-200-C,174.5,79.88,0.057,453.0,0.064,192.0,85.49,0.21997,-0.22793,0.05976,0.00786,0.37101
176.11,SYN.ETH-28FEB20,1579431543635,open,0.19,0.0,0.149,0.245,0.196083,82.64,None,0.0,ETH-28FEB20-200-P,174.5,0.0,0.001,5.0,0.0,0.0,0.0,0.21997,-0.22793,-0.15874,0.00786,-0.62899
176.11,SYN.ETH-28FEB20,1579431543635,open,0.0,1339.0,0.001,0.012,0.002066,118.0,0.001,0.0,ETH-28FEB20-80-P,174.5,106.27,0.001,2.0,0.003,300.0,125.35,0.01984,-0.02935,-0.00295,0.0005,-0.01327
184.42,SYN.ETH-25SEP20,1579431543793,open,0.05,104.0,0.018,0.096,0.049367,103.84,0.048,0.0,ETH-25SEP20-640-C,174.5,97.11,0.037,300.0,0.05,2.0,104.16,0.36234,-0.07529,0.13234,0.0015,0.15419
184.42,SYN.ETH-25SEP20,1579431543793,open,2.48,0.0,2.39,2.665,2.51926,103.64,None,0.0,ETH-25SEP20-640-P,174.5,0.0,0.0,0.0,0.0,0.0,0.0,0.36104,-0.07487,-4.24962,0.0015,-0.84665
9069.32,SYN.BTC-31JAN20,1579431543985,open,0.06,24.0,0.039,0.0885,0.06046582,57.26,0.074,0.0,BTC-31JAN20-8750-C,9039.02,55.79,0.0595,18.0,0.0635,30.2,61.79,6.02776,-14.53263,1.75411,0.00039,0.65493
9213.31,BTC-27MAR20,1579431543988,open,0.03,208.5,0.0125,0.0585,0.02954903,76.32,0.0325,0.0,BTC-27MAR20-13000-C,9039.02,75.41,0.0285,10.0,0.031,40.8,77.55,10.74651,-6.04165,2.73186,9e-05,0.189
9213.31,BTC-27MAR20,1579431543990,open,0.02,2.4,0.0055,0.041,0.01731741,82.19,0.0145,0.0,BTC-27MAR20-15000-C,9039.02,81.2,0.0165,34.0,0.019,68.0,84.15,7.73387,-4.68237,1.68154,6e-05,0.11546
9213.31,BTC-27MAR20,1579431543991,open,0.0,161.2,0.0005,0.017,0.00418494,104.07,0.004,0.0,BTC-27MAR20-24000-C,9039.02,101.46,0.0035,24.0,0.005,71.0,106.83,2.56249,-1.96439,0.41024,2e-05,0.02813
184.42,SYN.ETH-25SEP20,1579431544081,open,0.07,6.0,0.028,0.119,0.066967,100.45,0.071,0.0,ETH-25SEP20-520-C,174.5,97.85,0.061,297.0,0.074,297.0,103.41,0.4308,-0.08659,0.17152,0.00184,0.20282
9069.32,SYN.BTC-31JAN20,1579431544177,open,0.04,185.0,0.0175,0.063,0.03722589,57.13,0.035,0.0,BTC-31JAN20-9000-P,9039.02,53.31,0.0345,19.0,0.0375,3.0,57.51,6.47473,-15.57336,-1.43733,0.00042,-0.44987
9213.5,BTC-27MAR20,1579431544179,open,0.22,0.0,0.1945,0.2535,0.22204905,66.84,None,0.0,BTC-27MAR20-7500-C,9038.88,64.25,0.219,11.0,0.2475,11.0,87.05,10.9692,-5.40056,9.98053,0.0001,0.80456
9213.5,BTC-27MAR20,1579431544179,open,0.01,85.0,0.005,0.032,0.01473955,69.02,0.013,0.0,BTC-27MAR20-6500-P,9038.88,67.27,0.0135,54.0,0.0155,24.0,70.07,6.62491,-3.36849,-1.85058,6e-05,-0.09327
9213.5,BTC-27MAR20,1579431544179,open,0.43,0.0,0.4,0.49,0.44055115,76.34,None,0.0,BTC-27MAR20-13000-P,9038.88,0.0,0.0,0.0,0.0,0.0,0.0,10.75064,-6.04571,-21.44157,9e-05,-0.81089
9213.5,BTC-27MAR20,1579431544179,open,0.0,14.2,0.0005,0.012,0.00203765,82.7,0.002,0.0,BTC-27MAR20-4500-P,9038.88,78.94,0.0015,48.0,0.0025,44.0,85.45,1.44793,-0.88205,-0.28069,1e-05,-0.01434
9213.5,BTC-27MAR20,1579431544179,open,0.06,59.7,0.032,0.0925,0.05755692,70.7,0.0605,0.0,BTC-27MAR20-11000-C,9038.88,69.7,0.056,25.5,0.06,33.5,72.25,14.45785,-7.52945,4.73652,0.00013,0.33401
9213.5,BTC-27MAR20,1579431544179,open,0.52,2.1,0.5025,0.527,0.51361384,82.63,0.518,0.0,BTC-27MAR20-4500-C,9038.88,66.77,0.512,13.0,0.517,13.1,98.16,1.44343,-0.87863,8.08861,1e-05,0.98571
9213.5,BTC-27MAR20,1579431544179,open,0.41,0.0,0.393,0.4275,0.40862824,74.34,None,0.0,BTC-27MAR20-5500-C,9038.88,69.38,0.407,12.0,0.412,12.1,82.58,3.31165,-1.81356,9.47441,3e-05,0.9616
9213.5,BTC-27MAR20,1579431544179,open,0.64,0.0,0.604,0.6965,0.64539679,82.23,None,0.0,BTC-27MAR20-15000-P,9038.88,0.0,0.0,0.0,0.0,0.0,0.0,7.74117,-4.68894,-26.21055,6e-05,-0.88439
9213.5,BTC-27MAR20,1579431544179,open,0.16,43.7,0.1215,0.188,0.15233933,66.34,0.1565,0.0,BTC-27MAR20-8500-C,9038.88,64.53,0.1495,9.5,0.156,22.5,68.67,14.48312,-7.07791,8.77518,0.00014,0.6645
9213.5,BTC-27MAR20,1579431544180,open,0.01,22.3,0.0005,0.016,0.00559068,74.38,0.0045,0.0,BTC-27MAR20-5500-P,9038.88,72.68,0.005,30.0,0.006,13.1,75.49,3.31556,-1.81654,-0.7546,3e-05,-0.03845
9213.5,BTC-27MAR20,1579431544180,open,0.03,334.6,0.018,0.063,0.03608874,66.85,0.032,0.0,BTC-27MAR20-7500-P,9038.88,65.93,0.035,5.0,0.0365,19.3,67.19,10.97033,-5.40226,-3.96739,0.0001,-0.19547
9213.5,BTC-27MAR20,1579431544180,open,0.25,0.0,0.212,0.2985,0.2514818,70.71,None,0.0,BTC-27MAR20-11000-P,9038.88,0.0,0.0,0.0,0.0,0.0,0.0,14.45886,-7.53164,-15.71857,0.00013,-0.66594
9403.99,BTC-26JUN20,1579431544180,open,0.69,26.7,0.6745,0.6955,0.68400911,88.42,0.68,0.0,BTC-26JUN20-3000-C,9038.88,79.62,0.6825,12.0,0.687,12.1,99.88,1.96854,-0.5478,12.43436,1e-05,0.98778
9403.99,BTC-26JUN20,1579431544180,open,0.01,428.7,0.0005,0.018,0.00706659,79.14,0.007,0.0,BTC-26JUN20-4000-P,9038.88,76.58,0.006,34.0,0.008,20.0,81.22,4.08489,-1.01745,-1.46954,1e-05,-0.02883
9213.5,BTC-27MAR20,1579431544180,open,0.95,0.0,0.9185,1.018,0.96336878,90.97,1.23,0.0,BTC-27MAR20-18000-P,9038.88,0.0,0.0125,1.0,0.0,0.0,0.0,5.06171,-3.39205,-32.51886,4e-05,-0.9346
9403.99,BTC-26JUN20,1579431544180,open,0.23,134.5,0.181,0.2835,0.2272858,72.12,0.242,0.0,BTC-26JUN20-10000-P,9038.88,70.1,0.222,21.8,0.232,18.8,73.92,24.60569,-5.58492,-27.9975,9e-05,-0.45669
9403.99,BTC-26JUN20,1579431544180,open,0.02,45.4,0.0075,0.055,0.02279255,90.27,0.0225,0.0,BTC-26JUN20-24000-C,9038.88,88.7,0.021,30.0,0.0245,38.0,91.7,10.9734,-3.1173,3.20417,3e-05,0.10107
9213.5,BTC-27MAR20,1579431544180,open,0.74,1.2,0.708,0.8025,0.75038344,85.0,0.95,0.0,BTC-27MAR20-16000-P,9038.88,0.0,0.0035,5.0,0.95,0.1,225.13,6.61063,-4.13905,-28.39681,5e-05,-0.907
9213.5,BTC-27MAR20,1579431544180,open,0.01,740.7,0.0005,0.023,0.00941214,71.85,0.0085,0.0,BTC-27MAR20-6000-P,9038.88,70.08,0.0085,31.8,0.01,24.0,72.96,4.84872,-2.56645,-1.22155,4e-05,-0.06188
9403.99,BTC-26JUN20,1579431544180,open,0.11,171.0,0.073,0.152,0.10738804,71.35,0.102,0.0,BTC-26JUN20-8000-P,9038.88,69.15,0.1025,26.9,0.109,27.9,72.08,20.93362,-4.70066,-15.91207,8e-05,-0.28134
9403.99,BTC-26JUN20,1579431544180,open,0.06,337.5,0.0385,0.101,0.06460582,71.38,0.0645,0.0,BTC-26JUN20-7000-P,9038.88,70.22,0.0625,13.7,0.066,18.5,72.15,17.06576,-3.8338,-10.59578,6e-05,-0.19425
9403.99,BTC-26JUN20,1579431544180,open,0.01,231.3,0.004,0.0405,0.01397392,99.42,0.015,0.0,BTC-26JUN20-32000-C,9038.88,98.82,0.0135,17.0,0.015,22.4,100.67,7.57263,-2.36932,1.96156,2e-05,0.06189
9213.5,BTC-27MAR20,1579431544180,open,0.01,506.4,0.0005,0.0285,0.00967353,90.9,0.009,0.0,BTC-27MAR20-18000-C,9038.88,89.65,0.009,44.0,0.011,73.3,93.23,5.04996,-3.38144,0.95142,4e-05,0.0652
9213.5,BTC-27MAR20,1579431544180,open,0.0,163.2,0.0005,0.0115,0.00173523,110.0,0.002,0.0,BTC-27MAR20-30000-C,9038.88,108.18,0.0015,54.6,0.003,61.0,117.56,1.25664,-1.01824,0.17887,1e-05,0.01217
9213.5,BTC-27MAR20,1579431544180,open,0.46,1.7,0.4475,0.4765,0.46062058,77.8,0.4655,0.0,BTC-27MAR20-5000-C,9038.88,52.68,0.4575,13.0,0.4635,13.1,87.79,2.18991,-1.25502,8.84199,2e-05,0.97669
9213.5,BTC-27MAR20,1579431544181,open,0.01,1582.4,0.004,0.0355,0.01376544,84.95,0.015,0.0,BTC-27MAR20-16000-C,9038.88,83.86,0.013,58.9,0.0145,25.0,85.96,6.60195,-4.13118,1.3547,5e-05,0.09283
9403.99,BTC-26JUN20,1579431544181,open,0.0,198.0,0.0005,0.013,0.00303044,88.46,0.0035,0.0,BTC-26JUN20-3000-P,9038.88,85.78,0.0025,0.2,0.0035,20.9,90.6,1.97165,-0.5489,-0.62514,1e-05,-0.01224
9213.5,BTC-27MAR20,1579431544180,open,0.0,306.9,0.0005,0.0105,0.00054376,110.0,0.0015,0.0,BTC-27MAR20-36000-C,9038.88,116.7,0.001,5.0,0.0015,30.0,121.79,0.49123,-0.39804,0.06257,0.0,0.0042
9213.5,BTC-27MAR20,1579431544181,open,0.0,311.3,0.0005,0.013,0.00331371,77.85,0.004,0.0,BTC-27MAR20-5000-P,9038.88,76.49,0.003,22.0,0.0035,1.0,78.62,2.19426,-1.25828,-0.45719,2e-05,-0.02337
9213.5,BTC-27MAR20,1579431544181,open,0.0,153.3,0.0005,0.0105,0.00079317,110.0,0.0015,0.0,BTC-27MAR20-34000-C,9038.88,112.6,0.001,29.0,0.0015,2.7,117.56,0.67,-0.5429,0.08826,0.0,0.00594
9213.5,BTC-27MAR20,1579431544181,open,1.17,5.2,1.1305,1.2355,1.17797896,96.29,2.035,0.0,BTC-27MAR20-20000-P,9038.88,0.0,0.0,0.0,0.0,0.0,0.0,4.0033,-2.83957,-36.48438,3e-05,-0.95144
9403.99,BTC-26JUN20,1579431544181,open,0.03,1039.9,0.0135,0.071,0.03393174,85.72,0.0335,0.0,BTC-26JUN20-20000-C,9038.88,84.76,0.0325,1.3,0.035,20.0,86.42,14.23916,-3.8412,4.60775,4e-05,0.1465
9213.5,BTC-27MAR20,1579431544181,open,0.02,1066.7,0.01,0.0455,0.02346026,67.63,0.0235,0.0,BTC-27MAR20-7000-P,9038.88,66.08,0.022,29.6,0.024,46.0,68.19,8.77025,-4.36904,-2.77158,8e-05,-0.1383
9403.99,BTC-26JUN20,1579431544181,open,0.4,22.9,0.3705,0.4275,0.3962753,71.93,0.389,0.0,BTC-26JUN20-6000-C,9038.88,60.51,0.3825,13.6,0.41,10.0,81.92,12.27731,-2.77935,19.87531,4e-05,0.88183
9403.99,BTC-26JUN20,1579431544181,open,0.04,356.4,0.0185,0.0815,0.0419452,82.57,0.0425,0.0,BTC-26JUN20-18000-C,9038.88,81.14,0.0395,46.7,0.044,19.7,83.75,16.22029,-4.21504,5.60799,5e-05,0.17895
9403.99,BTC-26JUN20,1579431544181,open,0.02,49.9,0.005,0.0455,0.01714019,94.89,0.0135,0.0,BTC-26JUN20-28000-C,9038.88,93.11,0.0155,30.0,0.019,44.0,96.8,8.90653,-2.65979,2.4254,2e-05,0.07639
9403.99,BTC-26JUN20,1579431544181,open,1.77,0.0,1.718,1.867,1.78481121,93.05,None,0.0,BTC-26JUN20-26000-P,9038.88,0.0,0.0005,1.0,0.0,0.0,0.0,9.95737,-2.91606,-110.36533,3e-05,-0.91141
9213.5,BTC-27MAR20,1579431544181,open,0.0,177.3,0.0005,0.011,0.00116759,110.0,0.002,0.0,BTC-27MAR20-32000-C,9038.88,108.22,0.001,166.4,0.002,22.0,116.81,0.91654,-0.74266,0.12527,1e-05,0.00848
9213.36,BTC-27MAR20,1579431544181,open,0.09,1643.6,0.055,0.1215,0.0846468,68.65,0.0865,0.0,BTC-27MAR20-10000-C,9038.88,67.98,0.0835,2.0,0.0865,16.0,69.74,15.71961,-7.95004,6.23906,0.00015,0.4488
9403.99,BTC-26JUN20,1579431544181,open,0.38,6.7,0.3335,0.4495,0.38600355,74.94,0.423,0.0,BTC-26JUN20-12000-P,9038.88,0.0,0.001,0.5,0.54,0.1,133.86,24.01472,-5.66349,-40.24203,8e-05,-0.59711
9403.99,BTC-26JUN20,1579431544181,open,0.16,155.3,0.12,0.2125,0.161369,71.35,0.157,0.0,BTC-26JUN20-9000-P,9038.88,69.4,0.1565,25.0,0.1645,24.5,72.6,23.45048,-5.2655,-21.80038,9e-05,-0.37121
9213.36,BTC-27MAR20,1579431544181,open,0.0,1430.6,0.0005,0.011,0.00101991,85.99,0.001,0.0,BTC-27MAR20-4000-P,9038.88,78.64,0.0005,78.8,0.0015,21.0,90.73,0.81651,-0.51719,-0.14486,1e-05,-0.00743
9403.99,BTC-26JUN20,1579431544181,open,1.98,0.0,1.925,2.08,1.9946012,94.89,None,0.0,BTC-26JUN20-28000-P,9038.88,0.0,0.0005,1.0,0.0,0.0,0.0,8.90694,-2.65995,-119.45171,2e-05,-0.9236
9403.99,BTC-26JUN20,1579431544181,open,0.58,0.5,0.569,0.5985,0.58171435,79.14,0.589,0.0,BTC-26JUN20-4000-C,9038.88,50.51,0.575,11.0,0.585,11.1,85.95,4.08462,-1.01735,15.94162,1e-05,0.97117
9213.36,BTC-27MAR20,1579431544181,open,0.01,310.6,0.0005,0.02,0.00552938,100.7,0.005,0.0,BTC-27MAR20-22000-C,9038.88,99.14,0.005,24.0,0.0065,60.0,103.35,3.20996,-2.38123,0.53847,2e-05,0.03696
9213.36,BTC-27MAR20,1579431544181,open,0.36,24.1,0.34,0.38,0.35818039,71.85,0.36,0.0,BTC-27MAR20-6000-C,9038.88,38.93,0.349,11.0,0.3765,13.9,98.62,4.8479,-2.5657,9.93639,4e-05,0.93813
9403.99,BTC-26JUN20,1579431544181,open,0.95,1.1,0.8985,1.0275,0.9560297,82.57,1.35,0.0,BTC-26JUN20-18000-P,9038.88,0.0,0.9,0.1,2.1,0.1,500.0,16.22081,-4.21528,-72.74143,5e-05,-0.82104
9213.36,BTC-27MAR20,1579431544181,open,0.0,889.1,0.0005,0.0105,0.00026226,110.0,0.001,0.0,BTC-27MAR20-40000-C,9038.88,116.28,0.0005,33.7,0.001,1.0,124.18,0.26687,-0.21625,0.03202,0.0,0.00213
9403.99,BTC-26JUN20,1579431544181,open,0.03,320.9,0.0175,0.061,0.03431796,71.94,0.037,0.0,BTC-26JUN20-6000-P,9038.88,70.15,0.032,41.8,0.036,0.2,73.22,12.27903,-2.7802,-6.24284,4e-05,-0.11819
9213.36,BTC-27MAR20,1579431544182,open,2.24,0.0,2.193,2.3305,2.25789398,110.13,None,0.0,BTC-27MAR20-30000-P,9038.88,0.0,0.0,0.0,0.0,0.0,0.0,1.26568,-1.02678,-55.60794,1e-05,-0.98772
9403.99,BTC-26JUN20,1579431544182,open,0.02,112.7,0.0045,0.043,0.01538761,97.22,0.014,0.0,BTC-26JUN20-30000-C,9038.88,95.58,0.014,1.4,0.017,44.0,99.02,8.18243,-2.50353,2.16958,2e-05,0.06839
9403.99,BTC-26JUN20,1579431544182,open,0.32,123.4,0.2875,0.3585,0.3202346,71.38,0.319,0.0,BTC-26JUN20-7000-C,9038.88,69.31,0.3165,19.0,0.3205,0.1,71.53,17.06547,-3.83355,19.87401,6e-05,0.80576
9403.99,BTC-26JUN20,1579431544181,open,0.02,87.1,0.0065,0.0505,0.02002733,93.05,0.016,0.0,BTC-26JUN20-26000-C,9038.88,91.08,0.018,30.0,0.022,44.0,94.87,9.95737,-2.91606,2.8064,3e-05,0.08859
9213.36,BTC-27MAR20,1579431544181,open,0.57,23.6,0.557,0.578,0.56686541,85.96,0.57,0.0,BTC-27MAR20-4000-C,9038.88,69.28,0.566,14.1,0.576,14.0,128.16,0.81524,-0.51623,7.29384,1e-05,0.99258
9403.99,BTC-26JUN20,1579431544182,open,0.75,1.6,0.7015,0.8275,0.75763492,80.43,0.842,0.0,BTC-26JUN20-16000-P,9038.88,0.0,0.0,0.0,0.89,1.0,135.67,18.87589,-4.7779,-62.49841,6e-05,-0.7692
9213.36,BTC-27MAR20,1579431544182,open,0.02,993.6,0.008,0.048,0.02203115,79.02,0.0225,0.0,BTC-27MAR20-14000-C,9038.88,77.96,0.021,43.8,0.024,76.8,80.98,9.06149,-5.27452,2.10926,7e-05,0.14514
9213.36,BTC-27MAR20,1579431544182,open,3.32,1.0,3.2565,3.4325,3.34180726,110.79,4.54,0.0,BTC-27MAR20-40000-P,9038.88,0.0,0.0005,2.0,0.0,0.0,0.0,0.28546,-0.23296,-74.34989,0.0,-0.9977
9213.36,BTC-27MAR20,1579431544182,open,0.05,517.1,0.0305,0.0845,0.0529928,66.35,0.052,0.0,BTC-27MAR20-8000-P,9038.88,64.21,0.05,35.2,0.0535,17.0,66.71,12.94306,-6.32604,-5.40013,0.00012,-0.26219
9213.36,BTC-27MAR20,1579431544182,open,1.38,5.6,1.3425,1.454,1.39337913,100.74,1.545,0.0,BTC-27MAR20-22000-P,9038.88,0.0,0.0,0.0,0.0,0.0,0.0,3.21466,-2.38559,-40.372,2e-05,-0.96298
9213.36,BTC-27MAR20,1579431544182,open,0.0,120.6,0.0005,0.0145,0.00321155,106.93,0.0025,0.0,BTC-27MAR20-26000-C,9038.88,103.48,0.0025,98.0,0.004,37.0,110.2,2.06349,-1.62538,0.31724,1e-05,0.02173
9213.36,BTC-27MAR20,1579431544182,open,0.34,55.3,0.3025,0.391,0.34260842,73.14,0.3565,0.0,BTC-27MAR20-12000-P,9038.88,0.0,0.059,0.1,0.6795,0.1,276.69,12.57692,-6.77574,-18.75088,0.00011,-0.75181
9403.85,BTC-26JUN20,1579431544182,open,0.03,52.1,0.01,0.0615,0.02724693,87.88,0.0255,0.0,BTC-26JUN20-22000-C,9038.88,86.54,0.0255,10.0,0.029,38.0,89.19,12.39674,-3.42865,3.78865,4e-05,0.1198
9403.85,BTC-26JUN20,1579431544182,open,0.06,251.4,0.028,0.1,0.0561921,80.41,0.056,0.0,BTC-26JUN20-16000-C,9038.88,79.57,0.0545,10.0,0.058,34.2,81.31,18.87142,-4.77574,7.1434,6e-05,0.23071
9403.85,BTC-26JUN20,1579431544183,open,0.26,219.0,0.219,0.301,0.2566758,71.35,0.251,0.0,BTC-26JUN20-8000-C,9038.88,69.7,0.253,10.0,0.259,15.1,72.39,20.93367,-4.70059,18.9097,8e-05,0.71865
9213.36,BTC-27MAR20,1579431544182,open,0.53,67.9,0.5005,0.5915,0.5415719,79.03,0.57,0.0,BTC-27MAR20-14000-P,9038.88,0.0,0.5005,0.1,0.679,0.1,173.1,9.06291,-5.27591,-23.92481,7e-05,-0.85483
9213.36,BTC-27MAR20,1579431544182,open,0.01,735.8,0.0005,0.024,0.00720646,96.19,0.007,0.0,BTC-27MAR20-20000-C,9038.88,94.51,0.0065,38.8,0.0085,73.0,99.03,3.98844,-2.82604,0.70469,3e-05,0.04834
9403.85,BTC-26JUN20,1579431544182,open,2.19,0.0,2.1325,2.2945,2.20552286,97.17,None,0.0,BTC-26JUN20-30000-P,9038.88,0.0,0.0005,1.0,0.0,0.0,0.0,8.16769,-2.49764,-128.41775,2e-05,-0.93177
9213.36,BTC-27MAR20,1579431544183,open,1.81,0.0,1.7675,1.892,1.8252158,107.0,None,0.0,BTC-27MAR20-26000-P,9038.88,0.0,0.0,0.0,0.0,0.0,0.0,2.07009,-1.63163,-48.03142,1e-05,-0.97819
9213.36,BTC-27MAR20,1579431544183,open,0.27,263.5,0.2395,0.292,0.26368989,67.62,0.2645,0.0,BTC-27MAR20-7000-C,9038.88,48.08,0.248,11.0,0.2885,11.0,90.94,8.76984,-4.36839,10.2459,8e-05,0.8617
9213.36,BTC-27MAR20,1579431544183,open,2.03,0.0,1.98,2.112,2.0416852,110.08,None,0.0,BTC-27MAR20-28000-P,9038.88,0.0,0.0,0.0,0.0,0.0,0.0,1.7323,-1.40476,-51.81096,1e-05,-0.98232
9141.55,SYN.BTC-28FEB20,1579431544180,open,0.0,282.9,0.0005,0.011,0.00102324,83.43,0.002,0.0,BTC-28FEB20-5000-P,9038.88,76.02,0.0005,54.7,0.0015,44.1,88.18,0.80608,-0.84329,-0.1102,1e-05,-0.01001
9403.85,BTC-26JUN20,1579431544183,open,0.11,470.6,0.0715,0.1595,0.1099254,74.93,0.118,0.0,BTC-26JUN20-12000-C,9038.88,73.98,0.1075,10.0,0.1125,17.6,75.94,24.01373,-5.66268,11.9902,8e-05,0.40285
9403.85,BTC-26JUN20,1579431544183,open,0.56,12.5,0.51,0.632,0.56503596,77.43,0.619,0.0,BTC-26JUN20-14000-P,9038.88,0.0,0.1,2.0,0.69,1.0,127.01,21.5818,-5.25932,-51.76855,7e-05,-0.69969
9051.56,SYN.BTC-24JAN20,1579431544180,open,0.0,119.9,0.0005,0.015,0.00277346,83.4,0.0045,0.0,BTC-24JAN20-10500-C,9038.88,77.85,0.002,77.1,0.0035,50.2,87.91,1.37172,-11.73166,0.07872,0.00015,0.06788
9051.56,SYN.BTC-24JAN20,1579431544180,open,0.01,224.8,0.0005,0.0235,0.0069098,65.96,0.007,0.0,BTC-24JAN20-9750-C,9038.88,64.57,0.0065,30.5,0.008,43.5,69.54,2.69106,-18.20406,0.20254,0.00037,0.17442
9069.55,SYN.BTC-31JAN20,1579431544180,open,0.24,0.0,0.2175,0.278,0.24513473,79.79,None,0.0,BTC-31JAN20-11250-P,9038.88,0.0,0.0,0.0,0.0,0.0,0.0,2.36436,-7.94251,-3.44681,0.00011,-0.92293
9069.55,SYN.BTC-31JAN20,1579431544181,open,0.13,806.2,0.103,0.147,0.12421599,60.29,0.125,0.0,BTC-31JAN20-8000-C,9038.88,0.0,0.1175,6.1,0.1475,9.0,109.72,3.1455,-7.98457,2.24947,0.00019,0.88652
9069.55,SYN.BTC-31JAN20,1579431544180,open,0.02,41.2,0.0105,0.051,0.02525673,57.26,0.0245,0.0,BTC-31JAN20-8750-P,9038.88,54.61,0.0235,1.0,0.026,41.4,58.38,6.02727,-14.53049,-1.0925,0.00039,-0.34497
9403.85,BTC-26JUN20,1579431544184,open,1.57,0.0,1.5115,1.654,1.57496318,90.29,None,0.0,BTC-26JUN20-24000-P,9038.88,0.0,0.0005,1.0,0.0,0.0,0.0,10.97925,-3.11972,-101.25997,3e-05,-0.89885
9141.55,SYN.BTC-28FEB20,1579431544180,open,0.35,0.7,0.3315,0.3655,0.34721918,74.59,0.352,0.0,BTC-28FEB20-6000-C,9038.88,58.81,0.3445,11.0,0.363,11.0,112.83,2.25447,-2.10866,6.18434,3e-05,0.96646
9051.56,SYN.BTC-24JAN20,1579431544180,open,0.13,0.0,0.111,0.165,0.13598094,77.47,None,0.0,BTC-24JAN20-10250-P,9038.88,0.0,0.0,0.0,0.0,0.0,0.0,1.6916,-13.4388,-1.26533,0.0002,-0.91052
9141.55,SYN.BTC-28FEB20,1579431544180,open,0.12,398.6,0.092,0.1495,0.11895316,62.19,0.12,0.0,BTC-28FEB20-8500-C,9038.88,60.54,0.117,10.0,0.1215,13.1,64.33,10.86005,-8.46838,5.56405,0.00019,0.67608
9069.55,SYN.BTC-31JAN20,1579431544180,open,0.0,53.4,0.0005,0.015,0.00411488,63.49,0.0045,0.0,BTC-31JAN20-7750-P,9038.88,61.02,0.0035,0.1,0.0045,30.0,64.95,2.34715,-6.27438,-0.2374,0.00014,-0.07634
9213.36,BTC-27MAR20,1579431544185,open,0.0,83.5,0.0005,0.0125,0.0026037,110.0,0.0025,0.0,BTC-27MAR20-28000-C,9038.88,106.47,0.002,54.0,0.0035,71.0,114.31,1.7248,-1.39756,0.25681,1e-05,0.01759
9069.55,SYN.BTC-31JAN20,1579431544180,open,0.05,53.7,0.031,0.0825,0.05365899,59.17,0.0505,0.0,BTC-31JAN20-9250-P,9038.88,54.03,0.05,18.0,0.051,1.0,55.44,6.47053,-16.11938,-1.78782,0.00041,-0.5522
9069.55,SYN.BTC-31JAN20,1579431544181,open,0.29,51.2,0.269,0.3,0.28381735,81.47,0.24,0.0,BTC-31JAN20-6500-C,9038.88,0.0,0.283,0.1,0.2975,10.0,157.53,0.42215,-1.4481,2.08493,2e-05,0.99036
9069.55,SYN.BTC-31JAN20,1579431544180,open,0.26,0.3,0.241,0.2735,0.2564957,77.39,0.2545,0.0,BTC-31JAN20-6750-C,9038.88,0.0,0.2555,0.1,0.271,10.0,147.21,0.59881,-1.95119,2.15145,3e-05,0.98558
9069.55,SYN.BTC-31JAN20,1579431544180,open,0.0,75.0,0.0005,0.0105,0.00076297,77.68,0.0005,0.0,BTC-31JAN20-6750-P,9038.88,73.21,0.0005,28.0,0.001,30.1,80.91,0.60872,-1.9908,-0.04562,3e-05,-0.0147
9141.55,SYN.BTC-28FEB20,1579431544180,open,0.02,328.8,0.0065,0.0365,0.01752627,63.44,0.0185,0.0,BTC-28FEB20-7500-P,9038.88,62.08,0.0165,53.8,0.0175,1.1,63.4,6.95485,-5.53224,-1.64451,0.00012,-0.14714
9069.55,SYN.BTC-31JAN20,1579431544181,open,0.01,995.6,0.003,0.033,0.0135845,64.32,0.0135,0.0,BTC-31JAN20-10000-C,9038.88,63.21,0.013,24.0,0.0145,18.6,66.04,4.80069,-13.00116,0.59908,0.00028,0.2166
9051.56,SYN.BTC-24JAN20,1579431544181,open,0.0,350.5,0.0005,0.0135,0.00220498,89.1,0.002,0.0,BTC-24JAN20-10750-C,9038.88,82.81,0.0015,50.0,0.003,81.8,94.95,1.12635,-10.29124,0.06115,0.00012,0.05278
9069.55,SYN.BTC-31JAN20,1579431544181,open,0.0,296.3,0.0005,0.016,0.00388759,82.32,0.004,0.0,BTC-31JAN20-11500-C,9038.88,80.55,0.0035,61.0,0.0045,20.5,84.93,2.04105,-7.07401,0.17639,9e-05,0.06366
9051.56,SYN.BTC-24JAN20,1579431544180,open,0.06,5.0,0.0365,0.088,0.0606429,62.42,0.0525,0.0,BTC-24JAN20-9500-P,9038.88,52.34,0.057,0.2,0.063,0.1,68.55,3.41335,-21.85081,-0.96445,0.0005,-0.73701
9069.55,SYN.BTC-31JAN20,1579431544180,open,0.02,279.0,0.0045,0.036,0.01637752,57.74,0.015,0.0,BTC-31JAN20-8500-P,9038.88,54.43,0.0145,44.0,0.017,42.6,58.83,5.19772,-12.63676,-0.7858,0.00034,-0.24992
9069.55,SYN.BTC-31JAN20,1579431544180,open,0.0,218.5,0.0005,0.0115,0.00171228,69.94,0.0015,0.0,BTC-31JAN20-7250-P,9038.88,63.72,0.001,68.0,0.002,30.0,72.01,1.20539,-3.5496,-0.10253,6e-05,-0.03303
9141.55,SYN.BTC-28FEB20,1579431544180,open,0.01,415.2,0.0005,0.0175,0.00626206,70.6,0.007,0.0,BTC-28FEB20-6500-P,9038.88,68.53,0.0055,7.0,0.0065,24.0,71.22,3.47007,-3.07184,-0.63448,5e-05,-0.05727
9051.56,SYN.BTC-24JAN20,1579431544180,open,0.23,0.1,0.211,0.244,0.22690583,92.55,0.2215,0.0,BTC-24JAN20-7000-C,9038.88,0.0,0.2265,0.1,0.241,9.0,203.57,0.20438,-1.93989,0.92627,2e-05,0.99298
9069.55,SYN.BTC-31JAN20,1579431544180,open,0.14,0.0,0.1135,0.172,0.14060417,67.02,None,0.0,BTC-31JAN20-10250-P,9038.88,0.0,0.0,0.0,0.0,0.0,0.0,4.14953,-11.70851,-2.8623,0.00023,-0.82938
9051.56,SYN.BTC-24JAN20,1579431544180,open,0.0,184.4,0.0005,0.0105,0.00050338,88.92,0.001,0.0,BTC-24JAN20-7250-P,9038.88,0.0,0.0,0.0,0.001,65.1,98.69,0.36226,-3.3032,-0.01696,4e-05,-0.01352
9069.55,SYN.BTC-31JAN20,1579431544180,open,0.09,0.0,0.067,0.124,0.09351207,62.65,None,0.0,BTC-31JAN20-9750-P,9038.88,43.77,0.083,9.4,0.097,9.4,68.3,5.50428,-14.51869,-2.40141,0.00033,-0.72028
9051.56,SYN.BTC-24JAN20,1579431544180,open,0.12,53.7,0.0985,0.1395,0.11823301,69.72,0.1325,0.0,BTC-24JAN20-8000-C,9038.88,0.0,0.108,8.0,0.1365,8.0,142.65,1.21137,-8.66074,0.99618,0.00016,0.94213
9069.55,SYN.BTC-31JAN20,1579431544180,open,0.21,0.3,0.185,0.2215,0.2023141,69.79,0.2095,0.0,BTC-31JAN20-7250-C,9038.88,0.0,0.2005,9.1,0.2125,9.0,111.21,1.19702,-3.5172,2.25722,6e-05,0.96724
9051.56,SYN.BTC-24JAN20,1579431544180,open,0.15,21.1,0.1265,0.1645,0.14473194,72.11,0.156,0.0,BTC-24JAN20-7750-C,9038.88,0.0,0.136,9.0,0.1625,9.0,158.59,0.68086,-5.03509,0.99973,9e-05,0.97156
9051.56,SYN.BTC-24JAN20,1579431544180,open,0.0,481.8,0.0005,0.016,0.00362632,64.41,0.004,0.0,BTC-24JAN20-8250-P,9038.88,61.19,0.003,20.2,0.004,30.0,66.21,1.83294,-12.10632,-0.12502,0.00026,-0.09977
9141.55,SYN.BTC-28FEB20,1579431544180,open,0.14,0.2,0.1125,0.182,0.14418021,65.0,0.1555,0.0,BTC-28FEB20-10000-P,9038.88,58.83,0.1365,10.1,0.149,10.1,68.82,11.48734,-9.36219,-7.65045,0.00019,-0.62186
9051.56,SYN.BTC-24JAN20,1579431544180,open,0.0,284.8,0.0005,0.017,0.00355011,77.31,0.004,0.0,BTC-24JAN20-10250-C,9038.88,74.24,0.003,110.0,0.0045,75.2,82.13,1.68508,-13.3603,0.10334,0.0002,0.08902
9069.55,SYN.BTC-31JAN20,1579431544180,open,0.1,4.0,0.0785,0.1255,0.10051051,58.51,0.0955,0.0,BTC-31JAN20-8250-C,9038.88,22.68,0.0905,10.0,0.115,10.0,86.26,4.15543,-10.236,2.14968,0.00027,0.829
9069.55,SYN.BTC-31JAN20,1579431544180,open,0.11,0.0,0.089,0.1475,0.11620268,64.38,None,0.0,BTC-31JAN20-10000-P,9038.88,0.0,0.0,0.0,0.0,0.0,0.0,4.80348,-13.01951,-2.65397,0.00028,-0.78318
9141.55,SYN.BTC-28FEB20,1579431544180,open,0.4,0.5,0.387,0.416,0.40038145,79.37,0.405,0.0,BTC-28FEB20-5500-C,9038.88,56.72,0.3985,12.0,0.414,12.0,122.81,1.42102,-1.41425,5.79538,2e-05,0.98067
9051.56,SYN.BTC-24JAN20,1579431544180,open,0.26,0.0,0.2395,0.271,0.25451158,103.53,0.247,0.0,BTC-24JAN20-6750-C,9038.88,102.93,0.2545,0.1,0.2675,9.0,218.86,0.17802,-1.88999,0.89412,2e-05,0.99399
9051.56,SYN.BTC-24JAN20,1579431544180,open,0.07,266.9,0.0455,0.091,0.06733737,59.11,0.0815,0.0,BTC-24JAN20-8500-C,9038.88,57.94,0.067,1.0,0.0705,1.0,69.27,2.64656,-16.04194,0.92224,0.00041,0.83008
9069.55,SYN.BTC-31JAN20,1579431544181,open,0.02,44.2,0.0055,0.0395,0.01845935,62.6,0.0225,0.0,BTC-31JAN20-9750-C,9038.88,61.85,0.018,0.4,0.0195,41.7,64.31,5.50266,-14.50394,0.77044,0.00033,0.27955
9051.56,SYN.BTC-24JAN20,1579431544180,open,0.18,0.0,0.165,0.22,0.18987634,89.34,None,0.0,BTC-24JAN20-10750-P,9038.88,0.0,0.0,0.0,0.0,0.0,0.0,1.13488,-10.39739,-1.37427,0.00012,-0.94672
9069.55,SYN.BTC-31JAN20,1579431544180,open,0.01,107.4,0.0005,0.0215,0.00657116,72.79,0.008,0.0,BTC-31JAN20-10750-C,9038.88,71.06,0.006,30.0,0.0075,50.0,75.45,3.06655,-9.39739,0.3038,0.00016,0.10952
9069.55,SYN.BTC-31JAN20,1579431544180,open,0.0,653.3,0.0005,0.014,0.00295604,88.62,0.003,0.0,BTC-31JAN20-12000-C,9038.88,85.94,0.0025,77.0,0.0035,20.8,91.53,1.61421,-6.02309,0.13088,7e-05,0.04731
9069.55,SYN.BTC-31JAN20,1579431544180,open,0.4,27.6,0.3815,0.4075,0.39384916,109.33,0.408,0.0,BTC-31JAN20-5500-C,9038.88,115.05,0.394,0.1,0.4045,11.0,202.04,0.20275,-0.93325,1.77627,1e-05,0.99579
9051.56,SYN.BTC-24JAN20,1579431544180,open,0.0,208.9,0.0005,0.0105,0.00052524,77.44,0.001,0.0,BTC-24JAN20-7500-P,9038.88,0.0,0.0,0.0,0.001,30.1,85.7,0.41764,-3.31657,-0.01992,5e-05,-0.01595
9069.55,SYN.BTC-31JAN20,1579431544182,open,0.18,469.2,0.157,0.196,0.17563439,66.22,0.179,0.0,BTC-31JAN20-7500-C,9038.88,68.14,0.176,0.3,0.1835,14.0,94.89,1.67169,-4.66102,2.28677,9e-05,0.95058
9069.55,SYN.BTC-31JAN20,1579431544181,open,0.23,334.7,0.213,0.248,0.22946309,75.13,0.2325,0.0,BTC-31JAN20-7000-C,9038.88,0.0,0.228,9.0,0.2455,9.0,139.47,0.92103,-2.91353,2.20321,5e-05,0.97609
9051.56,SYN.BTC-24JAN20,1579431544180,open,0.2,7.2,0.183,0.2175,0.19951572,88.4,0.219,0.0,BTC-24JAN20-7250-C,9038.88,0.0,0.199,0.1,0.2145,9.0,187.89,0.35248,-3.19541,0.95204,4e-05,0.9869
9141.55,SYN.BTC-28FEB20,1579431544180,open,0.25,32.1,0.2245,0.2685,0.24505469,67.14,0.2315,0.0,BTC-28FEB20-7000-C,9038.88,64.26,0.2435,0.1,0.2645,10.0,95.31,5.08612,-4.28206,6.59612,8e-05,0.90553
9069.55,SYN.BTC-31JAN20,1579431544180,open,0.01,60.2,0.0005,0.028,0.01042054,66.95,0.0105,0.0,BTC-31JAN20-10250-C,9038.88,66.03,0.01,0.1,0.0115,43.8,69.28,4.14553,-11.6862,0.47198,0.00023,0.17037
9051.56,SYN.BTC-24JAN20,1579431544180,open,0.31,0.2,0.2955,0.324,0.30954804,106.31,0.3255,0.0,BTC-24JAN20-6250-C,9038.88,139.34,0.31,0.1,0.3215,10.0,254.19,0.03684,-0.40167,0.83356,0.0,0.99895
9069.55,SYN.BTC-31JAN20,1579431544182,open,0.0,1123.4,0.0005,0.011,0.00129582,75.33,0.0015,0.0,BTC-31JAN20-7000-P,9038.88,72.21,0.001,5.0,0.0015,30.0,77.23,0.92968,-2.94847,-0.07517,5e-05,-0.02418
9141.55,SYN.BTC-28FEB20,1579431544180,open,0.3,11.6,0.277,0.316,0.29520434,70.55,0.2975,0.0,BTC-28FEB20-6500-C,9038.88,34.61,0.289,11.0,0.314,11.0,105.12,3.46503,-3.06527,6.46791,5e-05,0.94284
9051.56,SYN.BTC-24JAN20,1579431544180,open,0.0,210.6,0.0005,0.0105,0.00096013,72.4,0.0005,0.0,BTC-24JAN20-7750-P,9038.88,65.14,0.0005,79.6,0.001,0.2,72.92,0.6903,-5.12531,-0.03612,9e-05,-0.02891
9069.55,SYN.BTC-31JAN20,1579431544182,open,0.0,758.0,0.0005,0.0105,0.00051917,81.86,0.0005,0.0,BTC-31JAN20-6500-P,9038.88,0.0,0.0,0.0,0.001,117.4,89.85,0.43254,-1.4908,-0.03077,2e-05,-0.00991
9051.56,SYN.BTC-24JAN20,1579431544180,open,0.05,215.0,0.025,0.071,0.04595664,57.29,0.05,0.0,BTC-24JAN20-8750-C,9038.88,56.14,0.0455,1.0,0.0485,7.0,63.61,3.59796,-21.13984,0.79934,0.00057,0.70705
9069.55,SYN.BTC-31JAN20,1579431544182,open,0.01,706.9,0.0005,0.0195,0.00536499,75.76,0.005,0.0,BTC-31JAN20-11000-C,9038.88,74.49,0.005,47.3,0.006,20.1,77.88,2.64608,-8.44064,0.24833,0.00013,0.08952
9141.55,SYN.BTC-28FEB20,1579431544180,open,0.0,190.7,0.0005,0.012,0.00204568,79.47,0.0015,0.0,BTC-28FEB20-5500-P,9038.88,75.64,0.0015,0.1,0.0025,44.1,82.2,1.42768,-1.42267,-0.21451,2e-05,-0.01943
9051.56,SYN.BTC-24JAN20,1579431544180,open,0.0,156.0,0.0005,0.0105,0.00025871,104.47,0.0005,0.0,BTC-24JAN20-6750-P,9038.88,0.0,0.0,0.0,0.0005,2.1,113.57,0.18787,-2.01267,-0.00803,2e-05,-0.00638
9069.55,SYN.BTC-31JAN20,1579431544181,open,0.34,51.3,0.325,0.353,0.33868742,90.52,0.332,0.0,BTC-31JAN20-6000-C,9038.88,77.94,0.3385,0.1,0.3505,10.0,177.74,0.21532,-0.8206,1.93818,1e-05,0.9955
9141.55,SYN.BTC-28FEB20,1579431544180,open,0.1,49.4,0.0765,0.1415,0.1059983,63.31,0.1045,0.0,BTC-28FEB20-9500-P,9038.88,59.89,0.1015,12.8,0.105,0.5,62.55,12.01646,-9.5396,-6.36718,0.00021,-0.53155
9069.55,SYN.BTC-31JAN20,1579431544183,open,0.0,573.2,0.0005,0.0105,5.585e-05,110.0,0.0005,0.0,BTC-31JAN20-5000-P,9038.88,0.0,0.0,0.0,0.0005,0.5,137.62,0.05339,-0.2473,-0.00302,0.0,-0.00097
9051.56,SYN.BTC-24JAN20,1579431544180,open,0.02,358.4,0.004,0.04,0.01794345,59.07,0.018,0.0,BTC-24JAN20-9250-C,9038.88,56.93,0.017,1.1,0.019,0.4,61.45,4.00911,-24.28463,0.4479,0.00062,0.38838
9069.55,SYN.BTC-31JAN20,1579431544181,open,0.16,0.0,0.1385,0.198,0.16599374,70.04,None,0.0,BTC-31JAN20-10500-P,9038.88,0.0,0.0,0.0,0.0,0.0,0.0,3.57921,-10.55421,-3.03787,0.00019,-0.86348
9069.55,SYN.BTC-31JAN20,1579431544180,open,0.19,0.0,0.1645,0.224,0.19188571,72.88,None,0.0,BTC-31JAN20-10750-P,9038.88,0.0,0.0,0.0,0.0,0.0,0.0,3.07285,-9.42826,-3.19301,0.00016,-0.89016
9051.56,SYN.BTC-24JAN20,1579431544181,open,0.08,0.0,0.0595,0.1125,0.0841001,66.06,None,0.0,BTC-24JAN20-9750-P,9038.88,0.0,0.0005,0.2,0.0,0.0,0.0,2.69463,-18.25369,-1.09946,0.00037,-0.82521
9051.56,SYN.BTC-24JAN20,1579431544180,open,0.0,607.3,0.0005,0.012,0.00208146,69.89,0.0025,0.0,BTC-24JAN20-8000-P,9038.88,65.19,0.0015,26.1,0.0025,30.0,72.85,1.21821,-8.73062,-0.07299,0.00016,-0.05829
9141.55,SYN.BTC-28FEB20,1579431544180,open,0.2,84.8,0.174,0.223,0.19707505,63.41,0.1785,0.0,BTC-28FEB20-7500-C,9038.88,39.75,0.183,10.0,0.2245,10.0,94.57,6.95216,-5.52768,6.55018,0.00012,0.85295
9069.55,SYN.BTC-31JAN20,1579431544182,open,0.32,0.0,0.298,0.36,0.32609786,88.81,None,0.0,BTC-31JAN20-12000-P,9038.88,0.0,0.0,0.0,0.0,0.0,0.0,1.62477,-6.07543,-3.77242,7e-05,-0.95231
9069.55,SYN.BTC-31JAN20,1579431544182,open,0.0,1098.3,0.0005,0.0105,0.00025832,91.21,0.0005,0.0,BTC-31JAN20-6000-P,9038.88,0.0,0.0,0.0,0.0005,2.9,98.77,0.22602,-0.86802,-0.01478,1e-05,-0.00475
9051.56,SYN.BTC-24JAN20,1579431544180,open,0.16,0.0,0.138,0.1925,0.16282456,83.59,None,0.0,BTC-24JAN20-10500-P,9038.88,0.0,0.0,0.0,0.0,0.0,0.0,1.37929,-11.82397,-1.32333,0.00015,-0.93164
9051.56,SYN.BTC-24JAN20,1579431544180,open,0.0,85.1,0.0005,0.0105,5.464e-05,110.01,0.0005,0.0,BTC-24JAN20-6250-P,9038.88,0.0,0.0,0.0,0.0005,2.1,139.74,0.04974,-0.49458,-0.00183,0.0,-0.00146
9069.55,SYN.BTC-31JAN20,1579431544181,open,0.0,782.3,0.0005,0.0105,0.00028916,110.0,0.001,0.0,BTC-31JAN20-5500-P,9038.88,0.0,0.0,0.0,0.001,29.0,128.72,0.21093,-0.97694,-0.01383,1e-05,-0.0044
9069.55,SYN.BTC-31JAN20,1579431544180,open,0.01,546.9,0.0005,0.028,0.01017051,58.56,0.01,0.0,BTC-31JAN20-8250-P,9038.88,57.08,0.0095,0.1,0.01,1.0,58.18,4.15831,-10.25198,-0.53517,0.00027,-0.17119
9141.55,SYN.BTC-28FEB20,1579431544180,open,0.09,294.4,0.0625,0.12,0.0892,62.19,0.091,0.0,BTC-28FEB20-9000-C,9038.88,60.88,0.0875,19.4,0.091,14.8,63.58,11.86325,-9.25074,4.81085,0.00021,0.57091
9141.55,SYN.BTC-28FEB20,1579431544180,open,0.23,0.0,0.1985,0.272,0.23212122,68.48,None,0.0,BTC-28FEB20-11000-P,9038.88,0.0,0.0,0.0,0.0,0.0,0.0,9.40571,-8.07679,-9.90242,0.00015,-0.75941
9141.55,SYN.BTC-28FEB20,1579431544180,open,0.0,242.3,0.0005,0.0135,0.00358015,74.66,0.0025,0.0,BTC-28FEB20-6000-P,9038.88,72.2,0.003,2.0,0.004,24.1,76.31,2.26048,-2.11622,-0.37182,3e-05,-0.03365
9069.55,SYN.BTC-31JAN20,1579431544183,open,0.45,18.4,0.4375,0.46,0.44874676,107.33,0.441,0.0,BTC-31JAN20-5000-C,9038.88,129.43,0.449,0.1,0.458,12.0,224.57,0.04257,-0.19237,1.62445,0.0,0.99924
9051.56,SYN.BTC-24JAN20,1579431544180,open,0.0,223.5,0.0005,0.0105,0.00015526,110.01,0.0005,0.0,BTC-24JAN20-6500-P,9038.88,0.0,0.0,0.0,0.0005,0.1,126.45,0.1188,-1.34023,-0.0048,1e-05,-0.00382
9141.55,SYN.BTC-28FEB20,1579431544180,open,0.01,418.6,0.001,0.026,0.01080916,67.18,0.0105,0.0,BTC-28FEB20-7000-P,9038.88,65.7,0.01,1.5,0.011,24.0,67.52,5.08997,-4.28757,-1.05244,8e-05,-0.09457
9069.55,SYN.BTC-31JAN20,1579431544182,open,0.27,0.0,0.244,0.305,0.27189849,82.46,None,0.0,BTC-31JAN20-11500-P,9038.88,0.0,0.0,0.0,0.0,0.0,0.0,2.05013,-7.11787,-3.56429,9e-05,-0.93597
9051.56,SYN.BTC-24JAN20,1579431544180,open,0.0,267.4,0.0005,0.0105,0.00027322,93.41,0.0005,0.0,BTC-24JAN20-7000-P,9038.88,0.0,0.0,0.0,0.0005,30.0,101.05,0.21535,-2.06279,-0.00934,2e-05,-0.00745
9069.55,SYN.BTC-31JAN20,1579431544181,open,0.08,1159.3,0.056,0.104,0.07915206,57.7,0.0815,0.0,BTC-31JAN20-8500-C,9038.88,56.56,0.0785,1.0,0.082,17.9,62.6,5.19627,-12.62409,1.98023,0.00034,0.75022
9069.55,SYN.BTC-31JAN20,1579431544180,open,0.0,4.9,0.0005,0.018,0.00468928,79.67,0.0065,0.0,BTC-31JAN20-11250-C,9038.88,76.9,0.004,48.0,0.0055,76.0,82.66,2.35629,-7.90331,0.21258,0.00011,0.07673
9051.56,SYN.BTC-24JAN20,1579431544180,open,0.28,0.2,0.2675,0.2975,0.28202839,108.55,0.2985,0.0,BTC-24JAN20-6500-C,9038.88,105.97,0.282,0.1,0.2945,10.0,236.47,0.10839,-1.20655,0.86394,1e-05,0.99656
9051.56,SYN.BTC-24JAN20,1579431544181,open,0.01,591.1,0.0005,0.0225,0.00642635,59.19,0.0065,0.0,BTC-24JAN20-8500-P,9038.88,55.95,0.0055,44.4,0.007,25.5,61.12,2.64966,-16.08294,-0.2136,0.00041,-0.17023
9069.55,SYN.BTC-31JAN20,1579431544181,open,0.01,916.2,0.0005,0.0195,0.00631053,60.36,0.0055,0.0,BTC-31JAN20-8000-P,9038.88,56.4,0.005,73.6,0.0065,30.0,60.9,3.15,-8.00459,-0.35416,0.0002,-0.11371
9051.56,SYN.BTC-24JAN20,1579431544180,open,0.18,22.4,0.1545,0.1905,0.17191732,76.97,0.18,0.0,BTC-24JAN20-7500-C,9038.88,0.0,0.171,0.1,0.1845,9.0,158.15,0.40665,-3.20996,0.98255,5e-05,0.98454
9069.55,SYN.BTC-31JAN20,1579431544186,open,0.21,0.0,0.191,0.2505,0.21824498,75.87,None,0.0,BTC-31JAN20-11000-P,9038.88,0.0,0.0025,2.0,0.0,0.0,0.0,2.65344,-8.47597,-3.32975,0.00013,-0.91015
177.24,ETH-27MAR20,1579431544346,open,0.03,318.0,0.014,0.06,0.033837,84.4,0.041,0.0,ETH-27MAR20-130-P,174.5,81.55,0.031,807.0,0.034,2.0,84.56,0.17872,-0.11111,-0.06081,0.00362,-0.15065
177.24,ETH-27MAR20,1579431544346,open,0.61,0.0,0.594,0.623,0.607632,108.75,None,0.0,ETH-27MAR20-70-C,174.5,0.0,0.603,52.0,0.617,52.0,146.33,0.0262,-0.02099,0.12492,0.00041,0.98664
177.24,ETH-27MAR20,1579431544346,open,0.01,1.0,0.001,0.017,0.006697,97.61,0.008,0.0,ETH-27MAR20-90-P,174.5,92.02,0.005,620.0,0.008,320.0,101.39,0.05814,-0.0418,-0.01353,0.00102,-0.03434
177.24,ETH-27MAR20,1579431544346,open,0.51,0.0,0.479,0.52,0.498911,97.61,None,0.0,ETH-27MAR20-90-C,174.5,68.6,0.493,46.0,0.513,46.0,128.86,0.05814,-0.0418,0.15384,0.00102,0.96566
177.24,ETH-27MAR20,1579431544346,open,0.31,112.0,0.266,0.334,0.300368,84.4,0.194,0.0,ETH-27MAR20-130-C,174.5,69.01,0.286,41.0,0.327,41.0,108.85,0.17872,-0.11111,0.18094,0.00362,0.84935
177.24,ETH-27MAR20,1579431544346,open,0.0,275.0,0.001,0.012,0.002576,108.75,0.003,0.0,ETH-27MAR20-70-P,174.5,94.77,0.001,190.0,0.004,300.0,117.11,0.0262,-0.02099,-0.00525,0.00041,-0.01336
177.24,ETH-27MAR20,1579431544346,open,0.4,20.0,0.369,0.424,0.395831,90.81,0.272,0.0,ETH-27MAR20-110-C,174.5,72.22,0.386,42.0,0.415,42.0,116.58,0.11222,-0.07507,0.1732,0.00212,0.92131
177.24,ETH-27MAR20,1579431544346,open,0.02,141.0,0.005,0.035,0.016459,90.81,0.019,0.0,ETH-27MAR20-110-P,174.5,86.79,0.014,620.0,0.018,300.0,93.2,0.11222,-0.07507,-0.03136,0.00212,-0.07869
184.42,SYN.ETH-25SEP20,1579431544376,open,0.06,33.0,0.022,0.106,0.05649,103.83,0.061,0.0,ETH-25SEP20-600-C,174.5,99.67,0.048,300.0,0.065,300.0,107.74,0.39004,-0.08104,0.14671,0.00161,0.17269
9051.56,SYN.BTC-24JAN20,1579431544485,open,0.01,304.2,0.0025,0.034,0.01266589,57.36,0.0115,0.0,BTC-24JAN20-8750-P,9038.88,54.4,0.0115,0.3,0.0135,24.0,59.44,3.59898,-21.16865,-0.36974,0.00057,-0.29313
176.11,SYN.ETH-28FEB20,1579431544733,open,0.02,1219.0,0.006,0.045,0.021413,90.97,0.02,0.0,ETH-28FEB20-250-C,174.5,87.83,0.019,490.0,0.024,490.0,94.18,0.13876,-0.15827,0.02572,0.0045,0.15508
176.11,SYN.ETH-28FEB20,1579431544733,open,0.43,0.0,0.389,0.498,0.440983,90.97,None,0.0,ETH-28FEB20-250-P,174.5,0.0,0.0,0.0,0.0,0.0,0.0,0.13876,-0.15827,-0.2474,0.0045,-0.84492
184.42,SYN.ETH-25SEP20,1579431544761,open,1.45,0.0,1.365,1.592,1.473415,98.59,None,0.0,ETH-25SEP20-440-P,174.5,0.0,0.0,0.0,0.0,0.0,0.0,0.49022,-0.09671,-2.80055,0.00214,-0.74477
184.42,SYN.ETH-25SEP20,1579431544761,open,0.17,514.0,0.108,0.232,0.168949,93.06,0.157,0.0,ETH-25SEP20-280-C,174.5,91.24,0.163,110.0,0.177,389.0,95.53,0.60127,-0.11197,0.33907,0.00277,0.43751
184.42,SYN.ETH-25SEP20,1579431544761,open,0.1,116.0,0.053,0.164,0.10382,98.31,0.106,0.0,ETH-25SEP20-400-C,174.5,97.67,0.102,100.0,0.108,390.0,99.77,0.5247,-0.10322,0.23864,0.00229,0.29283
184.42,SYN.ETH-25SEP20,1579431544761,open,0.08,67.0,0.034,0.132,0.076899,99.81,0.068,0.0,ETH-25SEP20-480-C,174.5,97.83,0.072,100.0,0.083,395.0,102.22,0.46112,-0.0921,0.19082,0.00198,0.22804
184.42,SYN.ETH-25SEP20,1579431544761,open,0.09,46.0,0.042,0.145,0.087731,98.64,0.086,0.0,ETH-25SEP20-440-C,174.5,96.46,0.082,100.0,0.094,393.0,100.97,0.49046,-0.09681,0.21178,0.00214,0.25547
184.42,SYN.ETH-25SEP20,1579431544761,open,0.49,0.0,0.422,0.59,0.50483,90.13,None,0.0,ETH-25SEP20-240-P,174.5,0.0,0.0,0.0,0.538,1.0,100.2,0.60864,-0.10977,-1.25873,0.0029,-0.49215
184.42,SYN.ETH-25SEP20,1579431544761,open,0.12,31.0,0.065,0.181,0.119556,96.49,0.112,0.0,ETH-25SEP20-360-C,174.5,94.96,0.115,1.0,0.126,387.0,98.63,0.55292,-0.10676,0.26628,0.00246,0.33046
184.42,SYN.ETH-25SEP20,1579431544761,open,1.25,0.0,1.168,1.387,1.272623,98.27,None,0.0,ETH-25SEP20-400-P,174.5,0.0,0.0,0.0,0.0,0.0,0.0,0.52454,-0.10314,-2.49983,0.00229,-0.70737
184.42,SYN.ETH-25SEP20,1579431544761,open,0.86,0.0,0.779,0.976,0.875004,94.52,None,0.0,ETH-25SEP20-320-P,174.5,0.0,0.0,0.0,0.0,0.0,0.0,0.57954,-0.10961,-1.89143,0.00263,-0.6231
184.42,SYN.ETH-25SEP20,1579431544763,open,0.21,3.0,0.141,0.266,0.203548,90.16,0.165,0.0,ETH-25SEP20-240-C,174.5,89.69,0.202,110.0,0.217,384.0,94.23,0.60863,-0.1098,0.38429,0.0029,0.50792
184.42,SYN.ETH-25SEP20,1579431544763,open,1.65,0.0,1.568,1.803,1.679463,99.76,None,0.0,ETH-25SEP20-480-P,174.5,0.0,0.0,0.0,0.0,0.0,0.0,0.46081,-0.09198,-3.09538,0.00198,-0.77223
184.42,SYN.ETH-25SEP20,1579431544763,open,1.05,0.0,0.971,1.179,1.071479,96.45,None,0.0,ETH-25SEP20-360-P,174.5,0.0,0.0,0.0,0.0,0.0,0.0,0.55281,-0.10669,-2.19832,0.00246,-0.6697
176.11,SYN.ETH-28FEB20,1579431544872,open,0.13,544.0,0.084,0.159,0.122039,80.33,0.134,0.0,ETH-28FEB20-170-C,174.5,77.16,0.118,220.0,0.126,144.0,83.44,0.22416,-0.22579,0.09288,0.00824,0.60478
177.24,ETH-27MAR20,1579431544885,open,0.05,598.0,0.023,0.081,0.048892,83.52,0.05,0.0,ETH-27MAR20-140-P,174.5,80.29,0.045,479.0,0.051,3.0,85.25,0.21518,-0.13239,-0.08265,0.00441,-0.20187
174.7,SYN.ETH-24JAN20,1579431544892,open,0.0,744.0,0.001,0.011,0.001615,106.97,0.001,0.0,ETH-24JAN20-140-P,174.5,98.49,0.001,256.0,0.002,28.0,111.34,0.01448,-0.15885,-0.00078,0.00332,-0.03197
174.7,SYN.ETH-24JAN20,1579431544892,open,0.0,211.0,0.001,0.011,1.2e-05,120.0,0.001,0.0,ETH-24JAN20-110-P,174.5,0.0,0.0,0.0,0.001,26.0,187.34,0.00024,-0.00213,-1e-05,5e-05,-0.00033
174.7,SYN.ETH-24JAN20,1579431544892,open,0.0,87.0,0.001,0.011,0.000119,120.0,0.001,0.0,ETH-24JAN20-120-P,174.5,0.0,0.0,0.0,0.001,7.0,155.78,0.0017,-0.0207,-7e-05,0.00035,-0.00274
174.7,SYN.ETH-24JAN20,1579431544892,open,0.02,1029.0,0.005,0.055,0.025609,82.54,0.024,0.0,ETH-24JAN20-170-P,174.5,74.23,0.022,240.0,0.025,94.0,81.14,0.0762,-0.64494,-0.00922,0.02264,-0.36942
174.7,SYN.ETH-24JAN20,1579431544892,open,0.03,1445.0,0.005,0.053,0.025558,83.07,0.027,0.0,ETH-24JAN20-180-C,174.5,75.04,0.022,240.0,0.029,502.0,90.76,0.0778,-0.66276,0.00865,0.02297,0.39609
174.7,SYN.ETH-24JAN20,1579431544892,open,0.38,1.0,0.351,0.389,0.37035,120.0,0.329,0.0,ETH-24JAN20-110-C,174.5,0.0,0.362,37.0,0.38,37.0,286.91,0.00025,-0.00302,0.01469,5e-05,0.99967
174.7,SYN.ETH-24JAN20,1579431544895,open,0.06,1467.0,0.021,0.084,0.052494,82.54,0.049,0.0,ETH-24JAN20-170-C,174.5,69.85,0.047,180.0,0.055,180.0,88.27,0.0762,-0.64494,0.01349,0.02264,0.63058
174.7,SYN.ETH-24JAN20,1579431544895,open,0.05,32.0,0.023,0.092,0.055915,83.07,0.052,0.0,ETH-24JAN20-180-P,174.5,76.5,0.053,180.0,0.061,386.0,94.42,0.0778,-0.66276,-0.0154,0.02297,-0.60391
174.7,SYN.ETH-24JAN20,1579431544895,open,0.1,729.0,0.061,0.124,0.093018,82.81,0.099,0.0,ETH-24JAN20-160-C,174.5,71.68,0.09,3.0,0.096,60.0,92.67,0.05052,-0.42899,0.01727,0.01496,0.83298
174.7,SYN.ETH-24JAN20,1579431544895,open,0.26,10.0,0.233,0.28,0.256392,115.45,0.21,0.0,ETH-24JAN20-130-C,174.5,0.0,0.246,33.0,0.269,33.0,219.64,0.00597,-0.07067,0.01709,0.00127,0.98874
174.7,SYN.ETH-24JAN20,1579431544895,open,0.32,0.0,0.292,0.334,0.313214,120.0,None,0.0,ETH-24JAN20-120-C,174.5,0.0,0.304,35.0,0.324,35.0,250.46,0.0017,-0.02096,0.01596,0.00035,0.99726
174.7,SYN.ETH-24JAN20,1579431544897,open,0.0,710.0,0.001,0.011,0.000539,115.45,0.001,0.0,ETH-24JAN20-130-P,174.5,0.0,0.0,0.0,0.001,15.0,126.32,0.00597,-0.07067,-0.00028,0.00127,-0.01126
174.7,SYN.ETH-24JAN20,1579431544897,open,0.01,728.0,0.001,0.029,0.008891,82.81,0.007,0.0,ETH-24JAN20-160-P,174.5,76.02,0.007,539.0,0.009,50.0,83.19,0.05052,-0.42899,-0.00411,0.01496,-0.16702
174.7,SYN.ETH-24JAN20,1579431544897,open,0.21,699.0,0.174,0.227,0.200226,106.97,0.2,0.0,ETH-24JAN20-140-C,174.5,0.0,0.188,31.0,0.214,31.0,187.26,0.01448,-0.15885,0.01792,0.00332,0.96803
174.7,SYN.ETH-24JAN20,1579431544899,open,0.0,647.0,0.001,0.016,0.003311,91.73,0.002,0.0,ETH-24JAN20-150-P,174.5,89.63,0.003,25.0,0.005,305.0,101.77,0.02652,-0.24949,-0.00166,0.00709,-0.06803
181.26,ETH-26JUN20,1579431545004,open,0.68,3.0,0.662,0.693,0.67656,101.5,0.588,0.0,ETH-26JUN20-60-C,174.5,49.33,0.669,58.0,0.685,58.0,120.17,0.06642,-0.02122,0.2366,0.00046,0.97647
181.25,ETH-26JUN20,1579431545091,open,0.28,524.0,0.225,0.328,0.278064,87.84,0.264,0.0,ETH-26JUN20-160-C,174.5,86.95,0.276,180.0,0.284,257.0,90.4,0.41996,-0.11609,0.32752,0.00334,0.6932
181.25,ETH-26JUN20,1579431545091,open,0.04,733.0,0.015,0.082,0.041988,100.64,0.044,0.0,ETH-26JUN20-440-C,174.5,98.73,0.039,120.0,0.046,424.0,103.11,0.28826,-0.0913,0.09133,0.002,0.15775
177.24,ETH-27MAR20,1579431545091,open,0.06,4620.0,0.024,0.09,0.053532,88.63,0.054,0.0,ETH-27MAR20-240-C,174.5,86.15,0.05,586.0,0.058,585.0,91.71,0.25438,-0.16607,0.07252,0.00491,0.27357
181.25,ETH-26JUN20,1579431545095,open,0.03,285.0,0.008,0.06,0.026659,106.15,0.027,0.0,ETH-26JUN20-560-C,174.5,103.85,0.024,120.0,0.03,420.0,108.87,0.21553,-0.072,0.0608,0.00142,0.10373
177.24,ETH-27MAR20,1579431545099,open,0.09,4793.0,0.055,0.134,0.092216,83.2,0.09,0.0,ETH-27MAR20-160-P,174.5,79.17,0.086,458.0,0.095,266.0,85.0,0.27372,-0.16776,-0.13623,0.00563,-0.32111
181.25,ETH-26JUN20,1579431545104,open,0.34,679.0,0.287,0.38,0.334912,87.84,0.325,0.0,ETH-26JUN20-140-C,174.5,84.89,0.329,180.0,0.348,180.0,94.33,0.36404,-0.10064,0.34242,0.0029,0.76894
184.42,SYN.ETH-25SEP20,1579431545143,open,0.06,306.0,0.023,0.106,0.05745,100.45,0.055,0.0,ETH-25SEP20-560-C,174.5,97.39,0.051,298.0,0.063,2.0,102.97,0.39842,-0.08009,0.15294,0.0017,0.17859
177.24,ETH-27MAR20,1579431545145,open,0.0,8174.0,0.001,0.012,0.002864,119.96,0.002,0.0,ETH-27MAR20-600-C,174.5,114.84,0.002,316.0,0.004,300.0,125.27,0.03372,-0.0298,0.00497,0.00048,0.01793
177.24,ETH-27MAR20,1579431545156,open,0.59,161.0,0.55,0.679,0.611579,93.27,1.397,0.0,ETH-27MAR20-280-P,174.5,0.0,0.002,50.0,0.0,0.0,0.0,0.19679,-0.1352,-0.4736,0.00361,-0.82533
177.24,ETH-27MAR20,1579431545156,open,0.0,874.0,0.001,0.014,0.004633,104.53,0.006,0.0,ETH-27MAR20-80-P,174.5,96.78,0.003,620.0,0.006,300.0,109.87,0.04209,-0.03241,-0.0092,0.00069,-0.02329
177.24,ETH-27MAR20,1579431545156,open,0.56,20.0,0.536,0.572,0.553268,104.53,0.613,0.0,ETH-27MAR20-80-C,174.5,0.0,0.548,50.0,0.564,49.0,135.87,0.04209,-0.03241,0.13956,0.00069,0.97671
174.98,SYN.ETH-31JAN20,1579431545156,open,0.36,0.0,0.333,0.423,0.375369,102.07,None,0.0,ETH-31JAN20-240-P,174.5,0.0,0.011,3.0,0.0,0.0,0.0,0.03368,-0.14473,-0.07533,0.00331,-0.94782
174.98,SYN.ETH-31JAN20,1579431545156,open,0.0,868.0,0.001,0.018,0.00529,88.63,0.008,0.0,ETH-31JAN20-140-P,174.5,82.95,0.004,300.0,0.006,6.0,91.47,0.04243,-0.15835,-0.00429,0.00481,-0.07012
174.98,SYN.ETH-31JAN20,1579431545156,open,0.0,2060.0,0.001,0.014,0.002839,115.85,0.004,0.0,ETH-31JAN20-260-C,174.5,109.42,0.002,30.0,0.004,600.0,123.05,0.02534,-0.12359,0.00193,0.0022,0.03667
174.98,SYN.ETH-31JAN20,1579431545156,open,0.02,941.0,0.006,0.048,0.022285,79.64,0.018,0.0,ETH-31JAN20-160-P,174.5,73.74,0.019,527.0,0.022,10.0,79.14,0.09891,-0.33166,-0.01514,0.01247,-0.24359
177.24,ETH-27MAR20,1579431545158,open,1.02,7.0,0.977,1.122,1.044797,101.55,1.702,0.0,ETH-27MAR20-360-P,174.5,0.0,0.01,30.0,0.0,0.0,0.0,0.11457,-0.08571,-0.6473,0.00193,-0.91912
181.25,ETH-26JUN20,1579431545162,open,0.24,3520.0,0.176,0.283,0.230678,87.84,0.233,0.0,ETH-26JUN20-180-C,174.5,87.57,0.23,180.0,0.242,262.0,92.35,0.45583,-0.12601,0.30601,0.00363,0.61856
181.25,ETH-26JUN20,1579431545162,open,0.36,0.0,0.303,0.445,0.372798,87.84,None,0.0,ETH-26JUN20-220-P,174.5,0.0,0.001,10.0,0.405,1.0,100.07,0.47658,-0.13174,-0.70261,0.00379,-0.51778
177.24,ETH-27MAR20,1579431545162,open,0.3,1200.0,0.257,0.373,0.313551,86.81,0.365,0.0,ETH-27MAR20-220-P,174.5,0.0,0.031,100.0,0.0,0.0,0.0,0.28257,-0.18069,-0.31818,0.00557,-0.6518
177.24,ETH-27MAR20,1579431545162,open,0.0,2448.0,0.001,0.016,0.004502,115.36,0.006,0.0,ETH-27MAR20-520-C,174.5,109.15,0.003,854.0,0.006,300.0,120.3,0.04874,-0.04142,0.00766,0.00072,0.02775
177.24,ETH-27MAR20,1579431545162,open,0.02,2227.0,0.006,0.045,0.020056,97.37,0.02,0.0,ETH-27MAR20-320-C,174.5,94.86,0.018,560.0,0.023,560.0,100.76,0.14894,-0.10684,0.0315,0.00262,0.11564
177.24,ETH-27MAR20,1579431545162,open,0.14,3730.0,0.093,0.178,0.135821,83.2,0.144,0.0,ETH-27MAR20-180-C,174.5,79.78,0.13,258.0,0.143,558.0,87.41,0.3021,-0.18515,0.1379,0.00622,0.55422
181.25,ETH-26JUN20,1579431545162,open,0.15,1062.0,0.09,0.198,0.143245,92.06,0.141,0.0,ETH-26JUN20-240-C,174.5,90.43,0.139,140.0,0.149,276.0,94.27,0.4711,-0.13649,0.23177,0.00358,0.43701
174.98,SYN.ETH-31JAN20,1579431545162,open,0.02,2661.0,0.003,0.041,0.017546,85.46,0.017,0.0,ETH-31JAN20-200-C,174.5,82.49,0.016,10.0,0.02,528.0,90.03,0.09217,-0.33165,0.01123,0.01083,0.21479
181.25,ETH-26JUN20,1579431545164,open,0.02,2398.0,0.005,0.05,0.020725,109.14,0.02,0.0,ETH-26JUN20-640-C,174.5,106.3,0.018,120.0,0.024,420.0,112.28,0.18102,-0.06217,0.04829,0.00116,0.08194
181.25,ETH-26JUN20,1579431545164,open,0.45,4.0,0.392,0.545,0.46731,92.04,0.934,0.0,ETH-26JUN20-240-P,174.5,0.0,0.01,50.0,0.0,0.0,0.0,0.47108,-0.13645,-0.81291,0.00358,-0.56308
181.25,ETH-26JUN20,1579431545164,open,0.16,1081.0,0.106,0.213,0.159072,87.86,0.165,0.0,ETH-26JUN20-220-C,174.5,88.98,0.162,140.0,0.17,272.0,92.02,0.47659,-0.13178,0.255,0.00379,0.48229
177.24,ETH-27MAR20,1579431545168,open,0.35,158.0,0.316,0.378,0.347049,87.65,0.211,0.0,ETH-27MAR20-120-C,174.5,71.04,0.335,41.0,0.369,41.0,111.71,0.14471,-0.09343,0.1786,0.00283,0.88894
181.25,ETH-26JUN20,1579431545168,open,0.05,4038.0,0.02,0.094,0.051349,99.06,0.051,0.0,ETH-26JUN20-400-C,174.5,97.73,0.049,120.0,0.053,10.0,99.98,0.32264,-0.10059,0.108,0.00228,0.18824
174.98,SYN.ETH-31JAN20,1579431545168,open,0.15,0.0,0.12,0.204,0.160538,85.46,None,0.0,ETH-31JAN20-200-P,174.5,0.0,0.032,1.0,0.0,0.0,0.0,0.09217,-0.33165,-0.05384,0.01083,-0.78521
181.25,ETH-26JUN20,1579431545170,open,0.2,2636.0,0.137,0.245,0.191419,87.84,0.194,0.0,ETH-26JUN20-200-C,174.5,88.44,0.193,140.0,0.203,407.0,92.28,0.47364,-0.13093,0.2811,0.00377,0.54771
181.25,ETH-26JUN20,1579431545170,open,0.07,1386.0,0.028,0.111,0.064335,97.56,0.063,0.0,ETH-26JUN20-360-C,174.5,95.87,0.061,140.0,0.069,433.0,99.87,0.36163,-0.11103,0.12939,0.00259,0.22834
174.98,SYN.ETH-31JAN20,1579431545170,open,0.0,4160.0,0.001,0.011,0.00025,120.0,0.001,0.0,ETH-31JAN20-100-P,174.5,0.0,0.0,0.0,0.001,25.0,142.35,0.00335,-0.01693,-0.00022,0.00028,-0.00354
177.24,ETH-27MAR20,1579431545171,open,0.8,10.0,0.761,0.898,0.825517,97.37,1.59,0.0,ETH-27MAR20-320-P,174.5,0.0,0.011,5.0,0.0,0.0,0.0,0.14894,-0.10684,-0.56357,0.00262,-0.88436
174.98,SYN.ETH-31JAN20,1579431545171,open,0.12,2495.0,0.074,0.14,0.107892,79.64,0.118,0.0,ETH-31JAN20-160-C,174.5,70.78,0.103,60.0,0.111,60.0,85.07,0.09891,-0.33166,0.03692,0.01247,0.75641
181.25,ETH-26JUN20,1579431545175,open,0.06,2067.0,0.035,0.1,0.064531,87.85,0.065,0.0,ETH-26JUN20-120-P,174.5,84.35,0.059,289.0,0.07,489.0,91.26,0.28898,-0.0799,-0.17584,0.0023,-0.15834
181.25,ETH-26JUN20,1579431545175,open,0.04,634.0,0.012,0.074,0.036081,102.94,0.036,0.0,ETH-26JUN20-480-C,174.5,100.77,0.033,120.0,0.04,420.0,105.59,0.26213,-0.08492,0.07954,0.00178,0.1369
177.24,ETH-27MAR20,1579431545175,open,0.01,1621.0,0.002,0.026,0.011262,95.15,0.015,0.0,ETH-27MAR20-100-P,174.5,90.17,0.009,620.0,0.013,620.0,98.66,0.08478,-0.05942,-0.02177,0.00153,-0.0548
181.25,ETH-26JUN20,1579431545175,open,0.02,340.0,0.006,0.055,0.023671,107.94,0.025,0.0,ETH-26JUN20-600-C,174.5,105.42,0.021,120.0,0.027,420.0,110.88,0.19835,-0.06738,0.05439,0.00129,0.09261
177.24,ETH-27MAR20,1579431545177,open,0.22,1948.0,0.175,0.284,0.228239,85.62,0.216,0.0,ETH-27MAR20-200-P,174.5,80.18,0.219,144.0,0.234,144.0,89.0,0.30183,-0.19037,-0.25871,0.00603,-0.5567
177.24,ETH-27MAR20,1579431545179,open,0.08,1676.0,0.037,0.112,0.072296,86.81,0.073,0.0,ETH-27MAR20-220-C,174.5,85.36,0.07,1.0,0.077,578.0,89.74,0.28257,-0.18069,0.09094,0.00557,0.3482
181.25,ETH-26JUN20,1579431545179,open,0.22,400.0,0.165,0.285,0.223726,87.82,0.218,0.0,ETH-26JUN20-180-P,174.5,82.77,0.211,401.0,0.223,1.0,87.53,0.45584,-0.12598,-0.47746,0.00363,-0.38147
9213.37,BTC-27MAR20,1579431545186,open,0.07,27.5,0.0475,0.1105,0.07490911,66.34,0.069,0.0,BTC-27MAR20-8500-P,9038.8,64.49,0.072,13.4,0.076,15.0,67.04,14.48326,-7.0783,-7.03191,0.00014,-0.33552
9213.29,BTC-27MAR20,1579431545188,open,0.17,159.3,0.133,0.214,0.17001837,68.65,0.159,0.0,BTC-27MAR20-10000-P,9038.8,65.41,0.1645,18.0,0.1735,28.0,70.69,15.71934,-7.94893,-12.3573,0.00015,-0.55123
9403.78,BTC-26JUN20,1579431545188,open,1.36,0.0,1.3055,1.443,1.36668171,87.85,None,0.0,BTC-26JUN20-22000-P,9038.8,0.0,0.11,1.0,2.22,0.1,500.0,12.38556,-3.4241,-91.97625,4e-05,-0.88035
9213.29,BTC-27MAR20,1579431545188,open,1.6,0.0,1.555,1.6725,1.60905876,103.85,None,0.0,BTC-27MAR20-24000-P,9038.8,0.0,0.0005,5.0,0.0,0.0,0.0,2.53899,-1.9424,-44.22465,2e-05,-0.97218
9403.78,BTC-26JUN20,1579431545188,open,2.41,0.0,2.3405,2.509,2.41678618,99.33,None,0.0,BTC-26JUN20-32000-P,9038.8,0.0,0.0005,1.0,0.0,0.0,0.0,7.54851,-2.3596,-137.33397,2e-05,-0.93836
9403.78,BTC-26JUN20,1579431545188,open,0.08,672.3,0.0435,0.123,0.07630614,77.44,0.0765,0.0,BTC-26JUN20-14000-C,9038.8,76.22,0.0735,28.5,0.079,18.5,78.61,21.58304,-5.26033,9.17086,7e-05,0.30036
9141.38,SYN.BTC-28FEB20,1579431545186,open,0.07,138.6,0.042,0.0975,0.06677045,63.31,0.0715,0.0,BTC-28FEB20-9500-C,9038.8,61.96,0.065,14.4,0.0685,16.0,64.62,12.01614,-9.53828,4.01105,0.00021,0.46841
9213.29,BTC-27MAR20,1579431545188,open,2.89,0.0,2.831,2.991,2.90785376,108.22,None,0.0,BTC-27MAR20-36000-P,9038.8,0.0,0.0,0.0,0.0,0.0,0.0,0.42862,-0.34168,-66.89195,0.0,-0.9964
9403.78,BTC-26JUN20,1579431545189,open,1.15,0.1,1.1015,1.235,1.16068847,85.69,1.85,0.0,BTC-26JUN20-20000-P,9038.8,0.0,0.0005,5.0,1.88,0.1,412.74,14.22983,-3.83735,-82.45123,4e-05,-0.85364
9213.29,BTC-27MAR20,1579431545189,open,2.67,0.0,2.618,2.7705,2.69108642,109.61,None,0.0,BTC-27MAR20-34000-P,9038.8,0.0,0.0,0.0,0.0,0.0,0.0,0.65224,-0.52664,-63.14097,0.0,-0.99423
9141.38,SYN.BTC-28FEB20,1579431545187,open,0.05,174.9,0.0275,0.0775,0.04878782,62.19,0.048,0.0,BTC-28FEB20-8500-P,9038.8,59.84,0.046,36.5,0.05,51.5,63.21,10.86041,-8.46949,-3.72255,0.00019,-0.32396
9403.78,BTC-26JUN20,1579431545189,open,0.49,0.0,0.4665,0.509,0.48513863,74.92,None,0.0,BTC-26JUN20-5000-C,9038.8,59.07,0.4745,10.0,0.489,10.1,79.41,7.7368,-1.82428,18.47023,3e-05,0.93638
9403.78,BTC-26JUN20,1579431545190,open,0.17,531.9,0.123,0.2135,0.16389051,72.12,0.167,0.0,BTC-26JUN20-10000-C,9038.8,71.4,0.162,10.0,0.167,16.4,73.31,24.60531,-5.58458,15.5294,9e-05,0.54328
9213.29,BTC-27MAR20,1579431545189,open,2.46,0.0,2.4055,2.5505,2.47438479,109.73,None,0.0,BTC-27MAR20-32000-P,9038.8,0.0,0.001,1.0,0.0,0.0,0.0,0.90137,-0.72861,-59.38447,1e-05,-0.99168
9403.78,BTC-26JUN20,1579431545191,open,0.21,284.4,0.164,0.252,0.20432172,71.35,0.204,0.0,BTC-26JUN20-9000-C,9038.8,70.42,0.202,10.0,0.207,15.7,72.42,23.4503,-5.26554,17.37364,9e-05,0.62877
9141.38,SYN.BTC-28FEB20,1579431545186,open,0.03,240.6,0.0125,0.054,0.02879807,68.46,0.029,0.0,BTC-28FEB20-11000-C,9038.8,66.7,0.027,66.0,0.03,18.7,69.62,9.40309,-8.07202,2.11398,0.00015,0.24047
9141.38,SYN.BTC-28FEB20,1579431545186,open,0.02,67.0,0.0085,0.0455,0.02227445,70.46,0.023,0.0,BTC-28FEB20-11500-C,9038.8,69.04,0.021,48.3,0.0235,38.6,71.81,8.26255,-7.30033,1.699,0.00013,0.1924
9141.38,SYN.BTC-28FEB20,1579431545187,open,0.07,109.4,0.048,0.106,0.07372797,62.19,0.0715,0.0,BTC-28FEB20-9000-P,9038.8,59.7,0.0705,29.9,0.075,27.4,63.17,11.86322,-9.25104,-5.02188,0.00021,-0.42912
9069.41,SYN.BTC-31JAN20,1579431545188,open,0.0,697.8,0.0005,0.0125,0.00259664,66.33,0.003,0.0,BTC-31JAN20-7500-P,9038.8,62.87,0.002,51.1,0.003,30.0,68.42,1.67856,-4.68741,-0.15426,9e-05,-0.04968
9069.41,SYN.BTC-31JAN20,1579431545187,open,0.15,0.0,0.1295,0.1715,0.14960551,63.53,None,0.0,BTC-31JAN20-7750-C,9038.8,29.39,0.1455,9.0,0.1635,9.0,100.94,2.35039,-6.28702,2.2837,0.00014,0.92352
9069.41,SYN.BTC-31JAN20,1579431545188,open,0.01,611.4,0.0005,0.0245,0.00824792,69.98,0.0085,0.0,BTC-31JAN20-10500-C,9038.8,68.04,0.0075,35.0,0.009,49.8,71.85,3.57444,-10.53089,0.37772,0.00019,0.13625
9141.38,SYN.BTC-28FEB20,1579431545186,open,0.16,223.4,0.129,0.1835,0.15482543,62.31,0.156,0.0,BTC-28FEB20-8000-C,9038.8,57.37,0.15,22.8,0.158,11.8,65.47,9.09494,-7.10577,6.17902,0.00016,0.77354
9141.38,SYN.BTC-28FEB20,1579431545187,open,0.02,88.9,0.006,0.0395,0.01772522,72.82,0.018,0.0,BTC-28FEB20-12000-C,9038.8,71.25,0.0165,39.0,0.0185,0.1,73.79,7.237,-6.60799,1.38307,0.00011,0.15622
9051.41,SYN.BTC-24JAN20,1579431545187,open,0.04,58.5,0.0185,0.0665,0.03987665,59.07,0.035,0.0,BTC-24JAN20-9250-P,9038.8,52.53,0.037,18.0,0.0385,13.5,55.95,4.00877,-24.28182,-0.78783,0.00062,-0.61171
9051.41,SYN.BTC-24JAN20,1579431545188,open,0.02,217.8,0.0075,0.0485,0.02334154,56.74,0.0225,0.0,BTC-24JAN20-9000-P,9038.8,51.62,0.021,35.5,0.024,19.0,58.18,4.14371,-24.11109,-0.57519,0.00067,-0.45238
9544.52,SYN.BTC-25SEP20,1579431545187,open,0.2,37.1,0.156,0.2615,0.20307744,72.99,0.2035,0.0,BTC-25SEP20-9000-P,9038.8,70.02,0.194,14.0,0.203,14.7,72.96,29.09178,-4.2489,-35.80293,6e-05,-0.34486
9069.41,SYN.BTC-31JAN20,1579431545188,open,0.05,821.9,0.0235,0.07,0.04488225,57.14,0.0475,0.0,BTC-31JAN20-9000-C,9038.8,55.9,0.044,18.0,0.0475,14.0,60.81,6.47472,-15.57639,1.491,0.00042,0.55016
9051.41,SYN.BTC-24JAN20,1579431545187,open,0.01,361.2,0.0015,0.03,0.01107923,62.38,0.011,0.0,BTC-24JAN20-9500-C,9038.8,59.49,0.01,43.5,0.012,41.7,64.8,3.41176,-21.82538,0.30431,0.0005,0.26276
9141.38,SYN.BTC-28FEB20,1579431545186,open,0.04,33.8,0.0185,0.065,0.03754186,66.38,0.044,0.0,BTC-28FEB20-10500-C,9038.8,65.03,0.036,45.3,0.0395,37.2,68.07,10.51946,-8.7556,2.62997,0.00017,0.30089
9069.41,SYN.BTC-31JAN20,1579431545189,open,0.03,546.8,0.009,0.0475,0.02469791,60.4,0.027,0.0,BTC-31JAN20-9500-C,9038.8,57.86,0.023,40.0,0.026,16.7,62.33,6.09162,-15.48977,0.97526,0.00038,0.3552
9544.52,SYN.BTC-25SEP20,1579431545187,open,0.43,1.0,0.4,0.468,0.43059431,73.0,0.425,0.0,BTC-25SEP20-6000-C,9038.8,62.27,0.4115,7.0,0.458,7.0,87.16,17.76222,-2.59442,27.91541,4e-05,0.85782
181.25,ETH-26JUN20,1579431545232,open,0.11,902.0,0.059,0.159,0.105926,93.58,0.109,0.0,ETH-26JUN20-280-C,174.5,91.54,0.101,140.0,0.112,423.0,96.06,0.44112,-0.12991,0.18952,0.0033,0.34614
181.25,ETH-26JUN20,1579431545232,open,0.01,1453.0,0.001,0.018,0.007576,101.41,0.011,0.0,ETH-26JUN20-60-P,174.5,93.56,0.005,302.0,0.01,300.0,107.56,0.06627,-0.02115,-0.02449,0.00046,-0.02346
177.24,ETH-27MAR20,1579431545232,open,0.0,5093.0,0.001,0.012,0.002031,120.0,0.005,0.0,ETH-27MAR20-640-C,174.5,111.04,0.001,337.0,0.004,300.0,130.49,0.0258,-0.02281,0.00366,0.00037,0.01313
174.98,SYN.ETH-31JAN20,1579431545232,open,0.0,852.0,0.001,0.016,0.003779,102.07,0.006,0.0,ETH-31JAN20-240-C,174.5,91.11,0.002,600.0,0.005,300.0,107.93,0.03368,-0.14473,0.00276,0.00331,0.05218
174.98,SYN.ETH-31JAN20,1579431545232,open,0.21,1305.0,0.177,0.233,0.205196,88.63,0.215,0.0,ETH-31JAN20-140-C,174.5,0.0,0.189,33.0,0.224,33.0,141.87,0.04243,-0.15835,0.04126,0.00481,0.92988
181.25,ETH-26JUN20,1579431545232,open,0.63,0.0,0.571,0.735,0.650668,93.54,None,0.0,ETH-26JUN20-280-P,174.5,0.0,0.011,3.0,0.0,0.0,0.0,0.44106,-0.12984,-1.0293,0.0033,-0.654
181.25,ETH-26JUN20,1579431545234,open,0.08,668.0,0.04,0.131,0.081216,95.49,0.086,0.0,ETH-26JUN20-320-C,174.5,93.57,0.077,140.0,0.087,429.0,98.08,0.40149,-0.12066,0.15565,0.00294,0.27851
177.24,ETH-27MAR20,1579431545234,open,0.01,1561.0,0.001,0.029,0.010705,107.18,0.01,0.0,ETH-27MAR20-400-C,174.5,103.82,0.009,260.0,0.013,560.0,111.24,0.09459,-0.07468,0.01724,0.00151,0.063
181.25,ETH-26JUN20,1579431545234,open,0.83,0.0,0.763,0.937,0.846636,95.45,1.06,0.0,ETH-26JUN20-320-P,174.5,0.0,0.015,2.0,0.0,0.0,0.0,0.40136,-0.12056,-1.2373,0.00294,-0.72168
177.24,ETH-27MAR20,1579431545234,open,0.01,1618.0,0.003,0.035,0.013653,101.55,0.013,0.0,ETH-27MAR20-360-C,174.5,98.9,0.012,560.0,0.016,560.0,105.03,0.11457,-0.08571,0.02216,0.00193,0.08088
181.25,ETH-26JUN20,1579431545236,open,0.58,0.0,0.554,0.601,0.576441,94.55,None,0.0,ETH-26JUN20-80-C,174.5,57.52,0.56,52.0,0.59,52.0,111.54,0.12783,-0.03804,0.2929,0.00095,0.9477
181.25,ETH-26JUN20,1579431545236,open,0.29,246.0,0.23,0.362,0.294806,87.81,0.312,0.0,ETH-26JUN20-200-P,174.5,0.0,0.001,10.0,0.327,1.0,100.19,0.47365,-0.1309,-0.58945,0.00377,-0.45233
181.25,ETH-26JUN20,1579431545236,open,0.03,719.0,0.016,0.062,0.035527,89.91,0.042,0.0,ETH-26JUN20-100-P,174.5,86.74,0.032,500.0,0.038,100.0,92.07,0.20515,-0.05805,-0.10451,0.0016,-0.09695
177.24,ETH-27MAR20,1579431545236,open,0.1,3097.0,0.06,0.142,0.099825,85.62,0.108,0.0,ETH-27MAR20-200-C,174.5,83.96,0.097,5.0,0.104,269.0,88.07,0.30183,-0.19037,0.11321,0.00603,0.4433
177.24,ETH-27MAR20,1579431545236,open,0.2,3323.0,0.147,0.23,0.189485,83.2,0.197,0.0,ETH-27MAR20-160-C,174.5,80.94,0.186,300.0,0.195,272.0,86.77,0.27372,-0.16776,0.16131,0.00563,0.67889
177.24,ETH-27MAR20,1579431545237,open,1.24,5.0,1.194,1.35,1.267532,107.18,2.004,0.0,ETH-27MAR20-400-P,174.5,0.0,0.046,50.0,0.0,0.0,0.0,0.09459,-0.07468,-0.72661,0.00151,-0.937
177.24,ETH-27MAR20,1579431545238,open,0.02,1648.0,0.009,0.046,0.024097,87.65,0.033,0.0,ETH-27MAR20-120-P,174.5,83.76,0.021,620.0,0.026,300.0,89.95,0.14471,-0.09343,-0.04455,0.00283,-0.11106
181.25,ETH-26JUN20,1579431545238,open,0.02,1009.0,0.007,0.035,0.017796,94.52,0.022,0.0,ETH-26JUN20-80-P,174.5,90.4,0.015,500.0,0.02,200.0,97.57,0.12775,-0.038,-0.05527,0.00095,-0.05226
177.24,ETH-27MAR20,1579431545238,open,0.01,1738.0,0.001,0.021,0.006335,114.26,0.005,0.0,ETH-27MAR20-480-C,174.5,110.22,0.005,220.0,0.008,520.0,118.6,0.06302,-0.05305,0.0104,0.00094,0.03789
174.98,SYN.ETH-31JAN20,1579431545237,open,0.0,1542.0,0.001,0.011,0.000654,94.33,0.001,0.0,ETH-31JAN20-120-P,174.5,0.0,0.0,0.0,0.001,26.0,100.19,0.0089,-0.03535,-0.00064,0.00095,-0.01067
174.98,SYN.ETH-31JAN20,1579431545238,open,0.47,0.0,0.443,0.54,0.488729,115.85,None,0.0,ETH-31JAN20-260-P,174.5,0.0,0.011,3.0,0.0,0.0,0.0,0.02534,-0.12359,-0.08267,0.0022,-0.96333
174.98,SYN.ETH-31JAN20,1579431545232,open,0.25,1.0,0.223,0.311,0.264866,93.46,0.739,0.0,ETH-31JAN20-220-P,174.5,0.0,0.011,3.0,0.0,0.0,0.0,0.05593,-0.22009,-0.06624,0.00601,-0.89865
177.24,ETH-27MAR20,1579431545238,open,0.0,1859.0,0.001,0.014,0.003754,118.59,0.003,0.0,ETH-27MAR20-560-C,174.5,109.51,0.002,855.0,0.005,300.0,123.38,0.04178,-0.0365,0.00637,0.0006,0.02309
177.24,ETH-27MAR20,1579431545238,open,0.14,1544.0,0.105,0.201,0.151393,83.2,0.145,0.0,ETH-27MAR20-180-P,174.5,79.45,0.145,367.0,0.157,223.0,86.49,0.3021,-0.18515,-0.19683,0.00622,-0.44578
174.98,SYN.ETH-31JAN20,1579431545238,open,0.01,2110.0,0.001,0.024,0.007575,93.46,0.01,0.0,ETH-31JAN20-220-C,174.5,88.26,0.006,600.0,0.009,600.0,97.74,0.05593,-0.22009,0.00534,0.00601,0.10135
177.24,ETH-27MAR20,1579431545240,open,0.03,2408.0,0.011,0.062,0.0318,93.27,0.032,0.0,ETH-27MAR20-280-C,174.5,90.7,0.029,556.0,0.036,748.0,96.96,0.19679,-0.1352,0.04709,0.00361,0.17467
181.25,ETH-26JUN20,1579431545240,open,0.03,195.0,0.01,0.066,0.030661,104.48,0.026,0.0,ETH-26JUN20-520-C,174.5,102.39,0.028,120.0,0.034,420.0,106.97,0.23657,-0.07778,0.069,0.00158,0.11813
181.25,ETH-26JUN20,1579431545240,open,0.16,613.0,0.11,0.215,0.160774,87.82,0.149,0.0,ETH-26JUN20-160-P,174.5,82.74,0.149,438.0,0.166,259.0,90.08,0.41996,-0.11607,-0.36889,0.00334,-0.3068
174.98,SYN.ETH-31JAN20,1579431545240,open,0.44,4.0,0.411,0.446,0.428754,120.0,0.4,0.0,ETH-31JAN20-100-C,174.5,0.0,0.421,40.0,0.438,40.0,214.19,0.00335,-0.01693,0.03232,0.00028,0.99646
181.25,ETH-26JUN20,1579431545242,open,0.1,1310.0,0.066,0.153,0.107283,87.82,0.129,0.0,ETH-26JUN20-140-P,174.5,83.68,0.099,455.0,0.11,5.0,89.17,0.36403,-0.10061,-0.26692,0.0029,-0.23105
174.98,SYN.ETH-31JAN20,1579431545245,open,0.32,348.0,0.294,0.336,0.314859,94.33,0.278,0.0,ETH-31JAN20-120-C,174.5,0.0,0.306,35.0,0.328,35.0,171.83,0.0089,-0.03535,0.0384,0.00095,0.98933
177.24,ETH-27MAR20,1579431545247,open,0.01,1343.0,0.001,0.023,0.007309,108.96,0.006,0.0,ETH-27MAR20-440-C,174.5,105.54,0.006,651.0,0.009,560.0,112.87,0.07187,-0.05769,0.01228,0.00113,0.04455
174.7,SYN.ETH-24JAN20,1579431545442,open,0.15,927.0,0.116,0.173,0.144681,91.73,0.172,0.0,ETH-24JAN20-150-C,174.5,0.0,0.124,31.0,0.165,31.0,172.71,0.02652,-0.24949,0.01837,0.00709,0.93197
181.25,ETH-26JUN20,1579431545451,open,0.58,0.0,0.554,0.601,0.576441,94.55,None,0.0,ETH-26JUN20-80-C,174.5,57.52,0.56,52.0,0.591,52.0,112.67,0.12783,-0.03804,0.2929,0.00095,0.9477
9403.78,BTC-26JUN20,1579431545499,open,0.02,352.9,0.007,0.035,0.01682784,74.91,0.0175,0.0,BTC-26JUN20-5000-P,9038.8,72.63,0.015,38.0,0.0185,24.9,76.9,7.73446,-1.82337,-3.29207,3e-05,-0.0636
181.25,ETH-26JUN20,1579431545454,open,0.41,318.0,0.362,0.442,0.402499,87.88,0.379,0.0,ETH-26JUN20-120-C,174.5,68.16,0.373,48.0,0.432,48.0,105.76,0.28901,-0.07993,0.34645,0.0023,0.84163
