underlying_price,underlying_index,timestamp,state,settlement_price,open_interest,min_price,max_price,mark_price,mark_iv,last_price,interest_rate,instrument_name,index_price,bid_iv,best_bid_price,best_bid_amount,best_ask_price,best_ask_amount,ask_iv,vega,theta,rho,gamma,delta
5875.67,SYN.BTC-24MAR20,1584961140025,open,0.08,0.0,0.011,0.1285,0.07471435,177.07,None,0.0,BTC-24MAR20-5500-C,5879.16,0.0,0.0005,1.0,0.0,0.0,0.0,0.83026,-73.5051,0.10078,0.00057,0.78965
123.54,SYN.ETH-24MAR20,1584961140025,open,0.08,20.0,0.013,0.126,0.077463,167.2,0.09,0.0,ETH-24MAR20-115-C,123.66,0.0,0.0005,5.0,0.0,0.0,0.0,0.01587,-1.32662,0.0022,0.02592,0.82019
5875.67,SYN.BTC-24MAR20,1584961140025,open,0.01,28.0,0.0005,0.0505,0.01076753,177.0,0.01,0.0,BTC-24MAR20-5500-P,5879.16,164.2,0.009,29.0,0.0125,20.0,189.04,0.83007,-63.26646,-0.03116,0.00057,-0.21027
5860.9,SYN.BTC-3APR20,1584961140027,open,0.23,5.0,0.147,0.3095,0.22768976,136.35,0.1385,0.0,BTC-3APR20-7000-P,5879.16,0.0,0.07,2.0,1.078,1.7,500.0,3.29501,-20.65424,-1.68629,0.00024,-0.73792
5860.9,SYN.BTC-3APR20,1584961140027,open,0.42,7.8,0.332,0.519,0.4218194,152.55,0.3985,0.0,BTC-3APR20-8250-P,5879.16,0.0,0.0,0.0,1.0225,2.5,500.0,2.04336,-14.33071,-2.27053,0.00013,-0.87835
122.92,SYN.ETH-24APR20,1584961140033,open,0.03,1639.0,0.007,0.053,0.028323,136.84,0.03,0.0,ETH-24APR20-200-C,123.66,133.52,0.026,449.0,0.0305,150.0,139.84,0.08776,-0.18837,0.01395,0.00486,0.15828
122.92,SYN.ETH-24APR20,1584961140035,open,0.01,1117.0,0.0005,0.028,0.013212,141.17,0.0135,0.0,ETH-24APR20-240-C,123.66,137.18,0.0115,489.0,0.015,158.0,145.05,0.05475,-0.12124,0.00733,0.00294,0.08147
5875.67,SYN.BTC-24MAR20,1584961140035,open,0.09,0.0,0.028,0.145,0.0935565,192.58,None,0.0,BTC-24MAR20-5375-C,5879.16,0.0,0.007,1.0,0.0,0.0,0.0,0.70243,-67.63904,0.10512,0.00044,0.83923
5875.67,SYN.BTC-24MAR20,1584961140035,open,0.01,26.6,0.0005,0.0395,0.00833574,192.51,0.01,0.0,BTC-24MAR20-5375-P,5879.16,181.01,0.007,20.0,0.0095,10.0,202.04,0.70218,-48.97808,-0.02382,0.00044,-0.16068
5875.67,SYN.BTC-24MAR20,1584961140035,open,0.11,0.1,0.05,0.1625,0.11298339,207.62,0.115,0.0,BTC-24MAR20-5250-C,5879.16,0.0,0.0055,1.0,0.0,0.0,0.0,0.58723,-60.9606,0.10764,0.00034,0.87657
123.54,SYN.ETH-24MAR20,1584961140037,open,0.12,0.0,0.053,0.1615,0.114194,191.17,None,0.0,ETH-24MAR20-110-C,123.66,0.0,0.0005,5.0,0.0,0.0,0.0,0.01055,-1.00813,0.00233,0.01507,0.90094
5860.9,SYN.BTC-3APR20,1584961140047,open,0.3,0.0,0.2175,0.391,0.30236149,141.93,None,0.0,BTC-3APR20-7500-P,5879.16,0.0,0.0005,1.0,0.904,2.5,500.0,2.7305,-17.81675,-1.94547,0.00019,-0.81167
5860.9,SYN.BTC-3APR20,1584961140047,open,0.02,61.4,0.002,0.0555,0.02274913,142.05,0.0255,0.0,BTC-3APR20-7500-C,5879.16,138.24,0.021,43.4,0.0245,37.8,145.75,2.73274,-17.84593,0.2896,0.00019,0.18858
5860.9,SYN.BTC-3APR20,1584961140057,open,0.02,14.4,0.0015,0.0485,0.01851863,143.79,0.022,0.0,BTC-3APR20-7750-C,5879.16,141.32,0.0175,38.2,0.0195,0.1,146.12,2.44424,-16.15803,0.24408,0.00017,0.15829
5852.42,SYN.BTC-24APR20,1584961140059,open,0.29,87.6,0.224,0.337,0.28705445,138.63,0.2965,0.0,BTC-24APR20-4500-C,5879.16,88.63,0.25,13.0,0.3075,7.0,162.79,4.82302,-10.48807,2.62826,0.00012,0.80129
123.16,ETH-27MAR20,1584961140148,open,0.01,5044.0,0.0005,0.022,0.007003,176.77,0.007,0.0,ETH-27MAR20-160-C,123.66,170.54,0.006,415.0,0.008,300.0,182.6,0.02048,-0.46698,0.00108,0.00719,0.08922
123.09,SYN.ETH-3APR20,1584961140151,open,0.08,5.0,0.022,0.121,0.07128,137.07,0.124,0.0,ETH-3APR20-130-C,123.66,129.3,0.066,467.0,0.0765,417.0,144.64,0.08423,-0.53079,0.01408,0.01361,0.45524
122.92,SYN.ETH-24APR20,1584961140152,open,0.05,1419.0,0.0145,0.075,0.043399,135.28,0.0485,0.0,ETH-24APR20-180-C,123.66,131.38,0.04,659.0,0.046,451.0,138.17,0.10905,-0.23142,0.01953,0.00611,0.22539
122.75,ETH-25SEP20,1584961140154,open,0.22,538.0,0.144,0.299,0.222898,122.98,0.205,0.0,ETH-25SEP20-100-P,123.66,119.29,0.2145,405.0,0.231,255.0,126.56,0.27876,-0.09222,-0.29603,0.00295,-0.25067
122.75,ETH-25SEP20,1584961140155,open,0.03,615.0,0.004,0.0495,0.026353,130.7,0.028,0.0,ETH-25SEP20-680-C,123.66,127.57,0.023,450.0,0.03,150.0,133.85,0.13687,-0.04812,0.03695,0.00136,0.08547
122.75,ETH-25SEP20,1584961140157,open,0.02,187.0,0.001,0.0305,0.015528,132.28,0.0275,0.0,ETH-25SEP20-880-C,123.66,128.1,0.0125,150.0,0.019,450.0,136.5,0.09491,-0.03377,0.02355,0.00093,0.0532
5852.42,SYN.BTC-24APR20,1584961140157,open,0.06,209.6,0.021,0.105,0.06250635,125.39,0.0625,0.0,BTC-24APR20-7500-C,5879.16,123.95,0.061,25.6,0.064,11.0,126.82,6.13676,-12.07058,1.28617,0.00016,0.31416
5852.42,SYN.BTC-24APR20,1584961140157,open,0.22,42.3,0.1375,0.2935,0.21641897,125.28,0.196,0.0,BTC-24APR20-6500-P,5879.16,114.24,0.2035,18.4,0.245,20.9,149.57,6.86638,-13.4934,-3.86181,0.00018,-0.53918
5852.42,SYN.BTC-24APR20,1584961140157,open,0.23,207.8,0.162,0.28,0.22820686,132.67,0.227,0.0,BTC-24APR20-5000-C,5879.16,91.13,0.1885,14.0,0.252,8.0,156.59,5.77158,-12.01081,2.53872,0.00015,0.72493
5852.42,SYN.BTC-24APR20,1584961140157,open,0.18,166.6,0.1135,0.232,0.17941171,129.69,0.17,0.0,BTC-24APR20-5500-C,5879.16,124.81,0.174,26.3,0.181,43.3,131.13,6.48136,-13.18556,2.3449,0.00017,0.63821
5852.42,SYN.BTC-24APR20,1584961140157,open,0.08,279.5,0.035,0.1335,0.08252801,132.64,0.083,0.0,BTC-24APR20-5000-P,5879.16,129.57,0.0795,36.7,0.0855,32.1,135.65,5.77143,-12.00804,-1.82761,0.00015,-0.27506
122.92,SYN.ETH-24APR20,1584961140176,open,0.05,327.0,0.013,0.079,0.047577,142.66,0.0395,0.0,ETH-24APR20-90-P,123.66,138.53,0.0445,476.0,0.0505,150.0,146.53,0.09227,-0.20648,-0.02346,0.0049,-0.171
122.92,SYN.ETH-24APR20,1584961140176,open,0.32,0.0,0.251,0.358,0.315449,142.72,None,0.0,ETH-24APR20-90-C,123.66,0.0,0.0005,4.0,0.0,0.0,0.0,0.09229,-0.2066,0.05512,0.0049,0.82895
122.92,SYN.ETH-24APR20,1584961140176,open,0.45,0.0,0.399,0.478,0.446984,151.28,None,0.0,ETH-24APR20-70-C,123.66,0.0,0.0005,4.0,0.0,0.0,0.0,0.04826,-0.11452,0.05195,0.00242,0.93096
122.92,SYN.ETH-24APR20,1584961140176,open,0.38,1.0,0.321,0.4155,0.377932,145.88,0.4035,0.0,ETH-24APR20-80-C,123.66,0.0,0.0005,4.0,0.0,0.0,0.0,0.06953,-0.1591,0.05467,0.00361,0.88723
122.92,SYN.ETH-24APR20,1584961140176,open,0.02,3982.0,0.0015,0.031,0.016417,151.2,0.0155,0.0,ETH-24APR20-70-P,123.66,146.18,0.0145,450.0,0.0185,430.0,156.38,0.04822,-0.11436,-0.00917,0.00242,-0.06897
122.92,SYN.ETH-24APR20,1584961140176,open,0.07,323.0,0.0275,0.1165,0.073346,140.22,0.073,0.0,ETH-24APR20-100-P,123.66,136.02,0.0695,464.0,0.077,424.0,144.18,0.11301,-0.24857,-0.03367,0.00611,-0.24033
122.92,SYN.ETH-24APR20,1584961140178,open,0.26,0.0,0.1915,0.3075,0.25987,140.27,None,0.0,ETH-24APR20-100-C,123.66,0.0,0.0005,4.0,0.0,0.0,0.0,0.11302,-0.24867,0.05365,0.00611,0.75964
5860.9,SYN.BTC-3APR20,1584961140189,open,0.03,65.5,0.003,0.0635,0.02774089,139.76,0.036,0.0,BTC-3APR20-7250-C,5879.16,136.35,0.026,10.0,0.0295,36.4,143.14,3.02123,-19.412,0.34153,0.00021,0.22331
123.15,ETH-27MAR20,1584961140193,open,2.56,1.0,2.3705,2.8,2.572589,0.0,2.11,0.0,ETH-27MAR20-440-P,123.66,0.0,2.1895,12.0,3.39,12.0,500.0,0.0,0.0,-0.04672,0.0,-1.0
123.15,ETH-27MAR20,1584961140205,open,1.27,914.0,1.145,1.418,1.273489,0.0,1.274,0.0,ETH-27MAR20-280-P,123.66,0.0,0.884,12.0,2.0845,12.0,500.0,0.0,0.0,-0.02973,0.0,-1.0
122.75,ETH-25SEP20,1584961140208,open,1.39,684.0,1.224,1.5845,1.400372,124.07,1.22,0.0,ETH-25SEP20-280-P,123.66,110.71,1.368,53.0,1.4425,53.0,140.15,0.31013,-0.10351,-1.30511,0.00326,-0.68746
123.15,ETH-27MAR20,1584961140210,open,0.0,4825.0,0.0005,0.018,0.003118,199.22,0.0045,0.0,ETH-27MAR20-180-C,123.66,185.04,0.002,300.0,0.0045,300.0,213.03,0.01102,-0.28327,0.00049,0.00344,0.04039
122.75,ETH-25SEP20,1584961140210,open,0.18,869.0,0.0915,0.238,0.168797,122.96,0.208,0.0,ETH-25SEP20-220-C,123.66,120.32,0.1615,432.0,0.1755,283.0,125.37,0.34063,-0.11266,0.15109,0.00361,0.41051
122.75,ETH-25SEP20,1584961140212,open,0.26,257.0,0.168,0.3255,0.254913,122.81,0.255,0.0,ETH-25SEP20-160-C,123.66,118.42,0.2425,275.0,0.2625,275.0,125.51,0.34625,-0.11439,0.18697,0.00367,0.55401
122.75,ETH-25SEP20,1584961140212,open,0.04,413.0,0.0045,0.0515,0.034567,130.64,0.0455,0.0,ETH-25SEP20-600-C,123.66,127.06,0.03,450.0,0.037,150.0,132.44,0.16281,-0.05721,0.04605,0.00162,0.10823
122.41,ETH-26JUN20,1584961140212,open,1.03,264.0,0.885,1.174,1.03633,132.01,1.233,0.0,ETH-26JUN20-240-P,123.66,114.75,1.01,65.0,1.0695,65.0,151.24,0.19975,-0.13897,-0.5673,0.00388,-0.74659
122.75,ETH-25SEP20,1584961140212,open,0.82,111.0,0.6775,0.965,0.821995,122.93,0.6725,0.0,ETH-25SEP20-200-P,123.66,116.01,0.8025,58.0,0.8505,58.0,132.98,0.34704,-0.11476,-0.8557,0.00368,-0.54689
122.75,ETH-25SEP20,1584961140215,open,3.57,0.0,3.3125,3.9,3.602074,130.64,None,0.0,ETH-25SEP20-560-P,123.66,0.0,0.0,0.0,0.0,0.0,0.0,0.17791,-0.06252,-2.80012,0.00177,-0.87738
123.15,ETH-27MAR20,1584961140218,open,0.0,4525.0,0.0005,0.0155,0.0,230.68,0.0105,0.0,ETH-27MAR20-520-C,123.66,0.0,0.0,0.0,0.0015,369.0,500.0,0.0,0.0,0.0,0.0,0.0
122.41,ETH-26JUN20,1584961140220,open,2.27,0.0,2.0865,2.502,2.29078,137.91,None,0.0,ETH-26JUN20-400-P,123.66,0.0,1.8155,10.0,2.816,10.0,432.12,0.10248,-0.07448,-1.01801,0.00191,-0.90865
5863.65,BTC-27MAR20,1584961140222,open,0.0,527.7,0.0005,0.0155,0.00117181,299.98,0.0015,0.0,BTC-27MAR20-3000-P,5879.16,310.88,0.0015,0.2,0.002,25.1,324.85,0.16247,-6.28768,-0.00702,1e-05,-0.0101
123.15,ETH-27MAR20,1584961140222,open,3.21,1.0,2.983,3.491,3.22215,0.0,3.276,0.0,ETH-27MAR20-520-P,123.66,0.0,2.842,12.0,4.0425,12.0,500.0,0.0,0.0,-0.05522,0.0,-1.0
122.41,ETH-26JUN20,1584961140229,open,1.33,347.0,1.1775,1.4965,1.340594,133.08,1.34,0.0,ETH-26JUN20-280-P,123.66,108.52,1.3115,62.0,1.379,62.0,158.06,0.16901,-0.11854,-0.68449,0.00326,-0.81063
123.15,ETH-27MAR20,1584961140248,open,1.59,981.0,1.451,1.7635,1.598249,0.0,1.452,0.0,ETH-27MAR20-320-P,123.66,0.0,1.2105,12.0,2.411,12.0,500.0,0.0,0.0,-0.03398,0.0,-1.0
122.75,ETH-25SEP20,1584961140253,open,0.44,63.0,0.325,0.543,0.436644,122.81,0.354,0.0,ETH-25SEP20-140-P,123.66,117.83,0.423,279.0,0.4485,130.0,127.17,0.33525,-0.11075,-0.51462,0.00356,-0.38661
122.75,ETH-25SEP20,1584961140257,open,1.69,89.0,1.513,1.9075,1.704208,124.91,1.4935,0.0,ETH-25SEP20-320-P,123.66,108.44,1.6685,50.0,1.7515,50.0,143.96,0.28669,-0.09633,-1.52501,0.00299,-0.73541
123.15,ETH-27MAR20,1584961140257,open,0.15,1943.0,0.0785,0.223,0.15597,151.23,0.146,0.0,ETH-27MAR20-140-P,123.66,121.77,0.1475,136.0,0.1635,60.0,174.35,0.03836,-0.74839,-0.01213,0.01575,-0.77186
122.41,ETH-26JUN20,1584961140271,open,0.06,2035.0,0.0115,0.0825,0.053199,133.08,0.054,0.0,ETH-26JUN20-280-C,123.66,130.36,0.0495,473.0,0.057,155.0,135.8,0.16901,-0.11854,0.04333,0.00326,0.18937
123.15,ETH-27MAR20,1584961140271,open,0.78,2164.0,0.6855,0.9,0.787018,223.54,0.7845,0.0,ETH-27MAR20-220-P,123.66,0.0,0.395,12.0,1.5955,12.0,500.0,0.00282,-0.08122,-0.02326,0.00078,-0.99189
5860.9,SYN.BTC-3APR20,1584961140269,open,0.13,26.6,0.0635,0.2025,0.13278448,135.22,0.122,0.0,BTC-3APR20-6250-P,5879.16,128.91,0.1285,36.5,0.141,30.0,147.27,3.98556,-24.7767,-1.21514,0.00029,-0.56304
5860.9,SYN.BTC-3APR20,1584961140269,open,0.03,62.0,0.0045,0.0695,0.03098445,158.17,0.035,0.0,BTC-3APR20-4750-P,5879.16,153.78,0.029,57.4,0.033,44.5,162.54,2.67676,-19.46413,-0.37264,0.00017,-0.1824
5860.9,SYN.BTC-3APR20,1584961140269,open,0.02,176.6,0.002,0.048,0.0186971,174.66,0.019,0.0,BTC-3APR20-4250-P,5879.16,169.41,0.017,55.0,0.0205,66.0,180.06,1.92526,-15.45966,-0.22799,0.00011,-0.11186
5860.9,SYN.BTC-3APR20,1584961140269,open,0.29,0.0,0.236,0.3415,0.29358343,174.75,None,0.0,BTC-3APR20-4250-C,5879.16,0.0,0.0235,0.1,0.0,0.0,0.0,1.92641,-15.47717,1.03814,0.00011,0.88805
123.15,ETH-27MAR20,1584961140273,open,3.53,1.0,3.2895,3.8365,3.546931,0.0,3.3565,0.0,ETH-27MAR20-560-P,123.66,0.0,0.02,50.0,0.0,0.0,0.0,0.0,0.0,-0.05946,0.0,-1.0
5860.9,SYN.BTC-3APR20,1584961140273,open,0.05,105.3,0.0115,0.0975,0.05291554,135.28,0.0545,0.0,BTC-3APR20-6500-C,5879.16,132.34,0.051,14.0,0.053,1.0,135.41,3.82663,-23.79996,0.55731,0.00028,0.37204
5860.9,SYN.BTC-3APR20,1584961140273,open,0.03,99.4,0.003,0.058,0.02414142,166.21,0.024,0.0,BTC-3APR20-4500-P,5879.16,161.97,0.0225,44.8,0.026,43.3,170.92,2.2906,-17.50377,-0.2929,0.00013,-0.14358
5860.9,SYN.BTC-3APR20,1584961140273,open,0.07,31.5,0.0185,0.114,0.06644084,135.29,0.096,0.0,BTC-3APR20-6250-C,5879.16,131.69,0.064,15.1,0.0665,1.0,135.37,3.98568,-24.78964,0.64719,0.00029,0.43704
122.75,ETH-25SEP20,1584961140275,open,0.68,1093.0,0.5525,0.819,0.687456,122.91,0.6,0.0,ETH-25SEP20-180-P,123.66,116.42,0.669,202.0,0.701,59.0,127.66,0.34946,-0.11554,-0.74176,0.00371,-0.49917
123.15,ETH-27MAR20,1584961140277,open,0.28,68.0,0.223,0.3115,0.275631,213.15,0.332,0.0,ETH-27MAR20-90-C,123.66,0.0,0.07,50.0,0.6705,50.0,500.0,0.01552,-0.42688,0.00866,0.00452,0.93792
123.15,ETH-27MAR20,1584961140290,open,0.62,4045.0,0.532,0.727,0.62499,203.91,0.889,0.0,ETH-27MAR20-200-P,123.66,0.0,0.2325,12.0,1.433,12.0,500.0,0.00447,-0.1177,-0.02107,0.00136,-0.98619
122.41,ETH-26JUN20,1584961140304,open,0.03,1089.0,0.0035,0.0465,0.031239,137.91,0.037,0.0,ETH-26JUN20-360-C,123.66,136.67,0.03,10.0,0.0325,175.0,139.15,0.12373,-0.08992,0.02776,0.0023,0.11848
122.41,ETH-26JUN20,1584961140307,open,1.64,122.0,1.477,1.8275,1.653131,134.57,1.646,0.0,ETH-26JUN20-320-P,123.66,96.21,1.6215,60.0,1.6955,60.0,165.27,0.14233,-0.10094,-0.79801,0.00272,-0.85488
123.15,ETH-27MAR20,1584961140310,open,0.01,4223.0,0.0005,0.0265,0.011899,184.84,0.015,0.0,ETH-27MAR20-100-P,123.66,177.78,0.0105,315.0,0.0135,300.0,192.54,0.02498,-0.59573,-0.00169,0.00839,-0.11732
123.15,ETH-27MAR20,1584961140310,open,0.94,1727.0,0.8385,1.0725,0.948918,207.9,1.25,0.0,ETH-27MAR20-240-P,123.66,0.0,0.558,12.0,1.7585,12.0,500.0,0.00055,-0.01475,-0.02547,0.00016,-0.99868
123.15,ETH-27MAR20,1584961140326,open,0.01,2975.0,0.0005,0.021,0.006388,212.68,0.005,0.0,ETH-27MAR20-90-P,123.66,205.34,0.0055,300.0,0.0075,321.0,221.2,0.01545,-0.42403,-0.00089,0.00451,-0.06172
122.75,ETH-25SEP20,1584961140333,open,4.21,0.0,3.924,4.5825,4.243985,130.69,None,0.0,ETH-25SEP20-640-P,123.66,0.0,0.0,0.0,0.0,0.0,0.0,0.14928,-0.05248,-3.21797,0.00149,-0.90393
122.75,ETH-25SEP20,1584961140341,open,0.23,1178.0,0.1365,0.292,0.221061,122.91,0.226,0.0,ETH-25SEP20-180-C,123.66,119.72,0.212,278.0,0.229,278.0,125.7,0.34946,-0.11554,0.17489,0.00371,0.50083
122.41,ETH-26JUN20,1584961140341,open,1.96,1.0,1.781,2.163,1.972175,137.91,1.827,0.0,ETH-26JUN20-360-P,123.66,0.0,1.935,57.0,2.018,57.0,173.85,0.12373,-0.08992,-0.908,0.0023,-0.88152
122.41,ETH-26JUN20,1584961140341,open,0.74,936.0,0.6065,0.864,0.745715,131.31,0.79,0.0,ETH-26JUN20-200-P,123.66,119.22,0.7235,67.0,0.7715,64.0,144.77,0.22996,-0.15913,-0.44566,0.0045,-0.65492
122.75,ETH-25SEP20,1584961140350,open,2.0,0.0,1.807,2.234,2.01649,127.11,None,0.0,ETH-25SEP20-360-P,123.66,104.3,1.973,48.0,2.066,48.0,148.06,0.26721,-0.09137,-1.74065,0.00274,-0.76809
122.75,ETH-25SEP20,1584961140350,open,0.05,1117.0,0.0125,0.0885,0.050379,128.28,0.0575,0.0,ETH-25SEP20-480-C,123.66,125.61,0.046,450.0,0.055,358.0,130.99,0.2052,-0.07081,0.06294,0.00208,0.15107
122.75,ETH-25SEP20,1584961140350,open,0.04,745.0,0.0055,0.0585,0.039956,130.64,0.056,0.0,ETH-25SEP20-560-C,123.66,126.35,0.034,450.0,0.042,150.0,132.03,0.17791,-0.06252,0.05167,0.00177,0.12262
122.75,ETH-25SEP20,1584961140355,open,2.62,0.0,2.4045,2.8975,2.642673,127.41,None,0.0,ETH-25SEP20-440-P,123.66,0.0,0.0,0.0,0.0,0.0,0.0,0.22266,-0.07631,-2.17003,0.00228,-0.82881
122.41,ETH-26JUN20,1584961140355,open,0.04,3105.0,0.009,0.056,0.041219,141.41,0.0395,0.0,ETH-26JUN20-60-P,123.66,138.05,0.0385,150.0,0.044,473.0,144.78,0.10016,-0.07465,-0.0413,0.00182,-0.08859
122.75,ETH-25SEP20,1584961140355,open,0.14,522.0,0.079,0.1965,0.137576,123.8,0.107,0.0,ETH-25SEP20-80-P,123.66,120.52,0.1315,150.0,0.1435,425.0,126.99,0.22754,-0.07577,-0.19673,0.0024,-0.17714
122.41,ETH-26JUN20,1584961140357,open,0.04,1317.0,0.0065,0.0615,0.038965,134.57,0.041,0.0,ETH-26JUN20-320-C,123.66,132.42,0.0365,313.0,0.0415,150.0,136.72,0.14233,-0.10094,0.03378,0.00272,0.14512
123.15,ETH-27MAR20,1584961140357,open,0.0,6278.0,0.0005,0.0155,0.0,230.52,0.0005,0.0,ETH-27MAR20-360-C,123.66,0.0,0.0,0.0,0.0015,369.0,418.28,0.0,-3e-05,0.0,0.0,1e-05
123.15,ETH-27MAR20,1584961140357,open,0.0,7905.0,0.0005,0.0155,0.0,230.82,0.0005,0.0,ETH-27MAR20-640-C,123.66,0.0,0.0,0.0,0.0005,34.0,500.0,0.0,0.0,0.0,0.0,0.0
122.41,ETH-26JUN20,1584961140357,open,0.6,1847.0,0.4765,0.716,0.608099,131.02,0.65,0.0,ETH-26JUN20-180-P,123.66,119.97,0.5865,69.0,0.6285,59.0,141.28,0.24172,-0.16691,-0.38315,0.00474,-0.59608
122.41,ETH-26JUN20,1584961140361,open,0.01,1428.0,0.0005,0.019,0.004119,142.85,0.004,0.0,ETH-26JUN20-720-C,123.66,137.65,0.003,51.0,0.0055,308.0,148.06,0.0293,-0.02206,0.00483,0.00053,0.01929
123.15,ETH-27MAR20,1584961140361,open,0.0,2995.0,0.0005,0.0155,0.000724,229.38,0.0005,0.0,ETH-27MAR20-220-C,123.66,219.92,0.0005,712.0,0.001,10.0,238.55,0.0033,-0.08912,0.00012,0.00089,0.00973
123.15,ETH-27MAR20,1584961140363,open,0.0,4605.0,0.0005,0.0155,0.0,230.58,0.0035,0.0,ETH-27MAR20-400-C,123.66,0.0,0.0,0.0,0.0015,369.0,451.95,0.0,0.0,0.0,0.0,0.0
122.75,ETH-25SEP20,1584961140363,open,4.85,0.0,4.5385,5.2755,4.888913,130.88,None,0.0,ETH-25SEP20-720-P,123.66,0.0,0.0,0.0,0.0,0.0,0.0,0.12621,-0.04443,-3.63319,0.00126,-0.92324
122.41,ETH-26JUN20,1584961140366,open,0.55,42.0,0.495,0.5755,0.551063,141.41,0.7865,0.0,ETH-26JUN20-60-C,123.66,0.0,0.02,5.0,0.0,0.0,0.0,0.10016,-0.07465,0.11466,0.00182,0.91141
122.75,ETH-25SEP20,1584961140366,open,0.06,523.0,0.016,0.1015,0.058152,127.41,0.067,0.0,ETH-25SEP20-440-C,123.66,125.08,0.054,450.0,0.0625,206.0,129.77,0.22266,-0.07631,0.07066,0.00228,0.17119
123.15,ETH-27MAR20,1584961140368,open,0.0,7725.0,0.0005,0.0155,0.000496,229.36,0.003,0.0,ETH-27MAR20-70-P,123.66,229.56,0.0005,204.0,0.004,390.0,314.8,0.00218,-0.06113,-9e-05,0.00059,-0.00606
122.41,ETH-26JUN20,1584961140378,open,0.02,1301.0,0.0005,0.0285,0.013865,139.23,0.015,0.0,ETH-26JUN20-480-C,123.66,134.06,0.011,325.0,0.016,174.0,142.68,0.0726,-0.05327,0.01411,0.00134,0.05821
122.75,ETH-25SEP20,1584961140390,open,0.56,91.0,0.434,0.678,0.558375,122.81,0.4265,0.0,ETH-25SEP20-160-P,123.66,117.2,0.5425,204.0,0.573,204.0,128.01,0.34625,-0.11439,-0.62783,0.00367,-0.44599
5851.81,BTC-25SEP20,1584961140503,open,0.07,5.4,0.0295,0.103,0.06558393,115.03,0.059,0.0,BTC-25SEP20-3000-P,5879.16,113.85,0.064,8.0,0.0675,8.0,116.45,7.87292,-2.43602,-5.2444,4e-05,-0.1104
5852.42,SYN.BTC-24APR20,1584961140506,open,0.0,396.9,0.0005,0.016,0.00106558,176.45,0.001,0.0,BTC-24APR20-24000-C,5879.16,164.07,0.0005,61.2,0.002,25.0,188.79,0.34685,-0.96002,0.03151,1e-05,0.00723
5852.42,SYN.BTC-24APR20,1584961140506,open,3.11,0.0,2.869,3.3655,3.10180713,174.18,None,0.0,BTC-24APR20-24000-P,5879.16,0.0,0.0,0.0,0.0,0.0,0.0,0.31524,-0.86127,-20.93098,1e-05,-0.99351
5851.81,BTC-25SEP20,1584961140520,open,0.07,5.4,0.0295,0.103,0.06558393,115.03,0.059,0.0,BTC-25SEP20-3000-P,5879.16,113.85,0.064,13.0,0.0675,8.0,116.45,7.87292,-2.43602,-5.2444,4e-05,-0.1104
5851.81,BTC-25SEP20,1584961140521,open,0.17,6.2,0.0985,0.229,0.16568637,108.64,0.1605,0.0,BTC-25SEP20-4500-P,5879.16,107.18,0.1625,19.3,0.169,8.0,110.16,12.79587,-3.73949,-11.90433,7e-05,-0.23378
5860.9,SYN.BTC-3APR20,1584961140525,open,0.01,96.1,0.0005,0.037,0.01226156,155.78,0.013,0.0,BTC-3APR20-8500-C,5879.16,153.34,0.0115,20.0,0.013,17.4,158.09,1.85237,-13.26664,0.16371,0.00012,0.10601
5860.9,SYN.BTC-3APR20,1584961140525,open,0.46,12.4,0.3715,0.562,0.4624889,155.59,0.444,0.0,BTC-3APR20-8500-P,5879.16,0.0,0.0,0.0,1.063,2.5,500.0,1.84798,-13.21868,-2.36948,0.00012,-0.89434
5875.69,SYN.BTC-24MAR20,1584961140576,open,0.03,22.7,0.0005,0.0765,0.02829765,144.61,0.0225,0.0,BTC-24MAR20-5875-C,5879.16,132.78,0.026,20.0,0.0315,6.0,160.95,1.14736,-82.96136,0.06858,0.00096,0.51479
5875.69,SYN.BTC-24MAR20,1584961140576,open,0.03,39.6,0.0005,0.0835,0.02817954,144.61,0.0295,0.0,BTC-24MAR20-5875-P,5879.16,130.83,0.0255,25.0,0.0325,6.0,166.68,1.14736,-82.95819,-0.07237,0.00096,-0.48521
5875.69,SYN.BTC-24MAR20,1584961140576,open,0.05,15.0,0.0005,0.0915,0.04045792,147.47,0.051,0.0,BTC-24MAR20-5750-C,5879.16,134.06,0.038,16.9,0.045,1.0,171.87,1.08532,-80.02471,0.0833,0.00089,0.63137
5875.69,SYN.BTC-24MAR20,1584961140576,open,0.05,12.1,0.0005,0.099,0.03868545,135.69,0.05,0.0,BTC-24MAR20-6000-P,5879.16,124.0,0.0365,19.0,0.042,0.2,153.24,1.10347,-74.86297,-0.09158,0.00098,-0.61094
5860.9,SYN.BTC-3APR20,1584961140578,open,0.02,96.9,0.001,0.045,0.0163919,148.89,0.017,0.0,BTC-3APR20-8000-C,5879.16,145.2,0.015,30.0,0.018,40.8,153.01,2.2475,-15.38462,0.21518,0.00015,0.13961
5860.9,SYN.BTC-3APR20,1584961140578,open,0.38,0.0,0.293,0.4755,0.38131176,148.74,None,0.0,BTC-3APR20-8000-P,5879.16,0.0,0.0,0.0,0.9825,2.5,500.0,2.24419,-15.3464,-2.16896,0.00015,-0.86069
122.92,SYN.ETH-24APR20,1584961140580,open,0.01,2389.0,0.0005,0.0195,0.004863,146.88,0.005,0.0,ETH-24APR20-300-C,123.66,139.94,0.0035,585.0,0.0065,150.0,153.73,0.02674,-0.0616,0.00302,0.00138,0.03299
122.75,ETH-25SEP20,1584961140589,open,0.07,1984.0,0.0215,0.1165,0.069111,127.11,0.0755,0.0,ETH-25SEP20-400-C,123.66,124.24,0.0635,698.0,0.073,353.0,129.05,0.24377,-0.08335,0.08058,0.0025,0.19802
122.75,ETH-25SEP20,1584961140591,open,0.96,307.0,0.808,1.1145,0.961051,122.96,1.124,0.0,ETH-25SEP20-220-P,123.66,115.49,0.9405,56.0,0.994,56.0,134.71,0.34063,-0.11266,-0.96925,0.00361,-0.5895
5875.69,SYN.BTC-24MAR20,1584961140633,open,0.03,22.7,0.0005,0.0765,0.02829765,144.61,0.0225,0.0,BTC-24MAR20-5875-C,5879.16,132.78,0.026,20.0,0.031,20.0,158.39,1.14736,-82.96136,0.06858,0.00096,0.51479
5875.69,SYN.BTC-24MAR20,1584961140635,open,0.03,39.6,0.0005,0.0835,0.02817954,144.61,0.0295,0.0,BTC-24MAR20-5875-P,5879.16,130.83,0.0255,25.0,0.032,19.0,164.12,1.14736,-82.95819,-0.07237,0.00096,-0.48521
5875.69,SYN.BTC-24MAR20,1584961140636,open,0.05,15.0,0.0005,0.0915,0.04045792,147.47,0.051,0.0,BTC-24MAR20-5750-C,5879.16,134.06,0.038,16.9,0.0445,16.9,169.19,1.08532,-80.02471,0.0833,0.00089,0.63137
122.75,ETH-25SEP20,1584961140700,open,0.08,2711.0,0.0335,0.1105,0.071884,126.13,0.067,0.0,ETH-25SEP20-60-P,123.66,121.99,0.0665,442.0,0.077,442.0,130.01,0.16093,-0.0546,-0.11151,0.00166,-0.10651
122.41,ETH-26JUN20,1584961140708,open,2.59,0.0,2.3935,2.8435,2.612681,139.23,None,0.0,ETH-26JUN20-440-P,123.66,0.0,2.1395,10.0,3.14,10.0,439.52,0.08734,-0.06409,-1.12599,0.00161,-0.92611
123.15,ETH-27MAR20,1584961140713,open,0.46,2045.0,0.3795,0.555,0.464746,199.19,0.42,0.0,ETH-27MAR20-180-P,123.66,0.0,0.071,12.0,1.2715,12.0,500.0,0.01101,-0.28304,-0.01863,0.00343,-0.95964
122.75,ETH-25SEP20,1584961140743,open,6.13,0.0,5.7655,6.65,6.184571,132.28,None,0.0,ETH-25SEP20-880-P,123.66,0.0,0.0,0.0,0.0,0.0,0.0,0.09491,-0.03377,-4.45784,0.00094,-0.9468
122.41,ETH-26JUN20,1584961140768,open,3.88,0.0,3.6245,4.222,3.908961,141.67,None,0.0,ETH-26JUN20-600-P,123.66,0.0,3.4465,10.0,4.4465,10.0,467.15,0.04585,-0.03424,-1.55148,0.00083,-0.96708
122.41,ETH-26JUN20,1584961140771,open,0.01,898.0,0.0005,0.0255,0.010678,139.23,0.0105,0.0,ETH-26JUN20-520-C,123.66,135.65,0.009,470.0,0.012,150.0,141.81,0.06043,-0.04434,0.01131,0.00111,0.04621
122.75,ETH-25SEP20,1584961140799,open,0.03,1916.0,0.0035,0.0455,0.030136,130.69,0.036,0.0,ETH-25SEP20-640-C,123.66,128.03,0.027,150.0,0.0335,450.0,133.38,0.14928,-0.05248,0.04122,0.00149,0.09607
5826.97,BTC-26JUN20,1584961140808,open,1.27,0.1,1.1215,1.429,1.2692966,119.18,1.729,0.0,BTC-26JUN20-13000-P,5879.16,0.0,0.0005,1.0,0.0,0.0,0.0,7.06734,-4.43883,-32.02953,7e-05,-0.84539
5826.97,BTC-26JUN20,1584961140808,open,0.04,220.0,0.0095,0.074,0.03828764,119.18,0.0395,0.0,BTC-26JUN20-13000-C,5879.16,117.26,0.036,16.3,0.0405,25.6,120.98,7.06703,-4.43851,1.76172,7e-05,0.1546
5826.97,BTC-26JUN20,1584961140808,open,0.06,290.4,0.019,0.1015,0.05877904,117.18,0.058,0.0,BTC-26JUN20-11000-C,5879.16,116.0,0.057,5.7,0.061,13.0,118.63,8.84593,-5.46262,2.47478,9e-05,0.22217
5826.97,BTC-26JUN20,1584961140808,open,0.95,0.5,0.812,1.0865,0.94655586,117.18,1.05,0.0,BTC-26JUN20-11000-P,5879.16,0.0,0.1945,1.0,1.695,1.0,500.0,8.8461,-5.46283,-26.11783,9e-05,-0.77782
5863.65,BTC-27MAR20,1584961140810,open,0.0,371.4,0.0005,0.0155,0.0005508,252.6,0.0005,0.0,BTC-27MAR20-11500-C,5879.17,0.0,0.0,0.0,0.001,42.0,270.43,0.11763,-3.22972,0.00401,1e-05,0.00699
5851.9,BTC-25SEP20,1584961140810,open,0.4,0.1,0.3225,0.4515,0.39669353,108.64,0.3815,0.0,BTC-25SEP20-4500-C,5879.17,105.58,0.39,25.3,0.402,16.3,111.06,12.7959,-3.73935,11.01228,7e-05,0.76622
5863.65,BTC-27MAR20,1584961140810,open,0.0,592.2,0.0005,0.0155,0.00090804,236.53,0.001,0.0,BTC-27MAR20-10500-C,5879.17,220.69,0.0005,55.5,0.0015,32.0,252.26,0.18396,-5.32445,0.00669,2e-05,0.01165
5863.65,BTC-27MAR20,1584961140811,open,0.0,779.7,0.0005,0.016,0.00144625,214.72,0.0015,0.0,BTC-27MAR20-9500-C,5879.17,204.3,0.001,57.0,0.002,20.1,225.0,0.28281,-7.83417,0.01107,4e-05,0.01922
5851.9,BTC-25SEP20,1584961140811,open,0.62,1.8,0.5715,0.6505,0.61571667,118.39,0.613,0.0,BTC-25SEP20-2500-C,5879.17,114.21,0.6115,0.1,0.7485,0.1,231.41,6.00059,-1.91097,9.17247,3e-05,0.92351
5863.65,BTC-27MAR20,1584961140811,open,0.0,241.9,0.0005,0.0155,0.0,254.26,0.0025,0.0,BTC-27MAR20-28000-C,5879.17,0.0,0.0,0.0,0.001,42.0,500.0,0.0,0.0,0.0,0.0,0.0
5826.98,BTC-26JUN20,1584961140812,open,1.77,2.9,1.598,1.9585,1.76859114,123.04,1.776,0.0,BTC-26JUN20-16000-P,5879.17,0.0,0.0,0.0,0.0,0.0,0.0,5.11387,-3.31599,-40.45869,5e-05,-0.90261
5851.91,BTC-25SEP20,1584961140812,open,0.55,0.0,0.499,0.594,0.55292204,115.02,None,0.0,BTC-25SEP20-3000-C,5879.17,0.0,0.16,1.0,0.0,0.0,0.0,7.87277,-2.43592,10.03332,4e-05,0.8896
5863.66,BTC-27MAR20,1584961140813,open,3.44,0.0,3.1835,3.717,3.43396967,0.0,None,0.0,BTC-27MAR20-26000-P,5879.17,0.0,0.0,0.0,0.0,0.0,0.0,0.0,0.0,-2.76077,0.0,-1.0
5863.66,BTC-27MAR20,1584961140813,open,1.22,12.0,1.092,1.3585,1.21710798,239.88,1.485,0.0,BTC-27MAR20-13000-P,5879.17,0.0,0.77,2.5,1.6705,2.5,500.0,0.0199,-0.61591,-1.37982,0.0,-0.99902
5852.42,SYN.BTC-24APR20,1584961140810,open,2.43,0.0,2.2245,2.642,2.4197872,172.31,2.4195,0.0,BTC-24APR20-20000-P,5879.17,0.0,1.6755,1.0,3.176,1.0,500.0,0.67133,-1.81453,-17.39948,1e-05,-0.98456
5826.98,BTC-26JUN20,1584961140813,open,0.12,594.5,0.0625,0.1805,0.12552118,115.43,0.128,0.0,BTC-26JUN20-8000-C,5879.17,114.16,0.123,4.4,0.128,28.9,116.69,11.50343,-6.99805,4.21048,0.00011,0.40351
5826.98,BTC-26JUN20,1584961140814,open,0.1,1087.7,0.041,0.1465,0.09566524,115.56,0.095,0.0,BTC-26JUN20-9000-C,5879.17,113.84,0.0925,4.7,0.099,55.1,117.36,10.74282,-6.54255,3.53092,0.00011,0.32879
5851.91,BTC-25SEP20,1584961140814,open,0.43,215.0,0.322,0.5335,0.43187837,106.55,0.4105,0.0,BTC-25SEP20-7000-P,5879.17,104.29,0.4255,4.8,0.4375,5.0,108.55,16.48665,-4.72548,-26.0576,9e-05,-0.44252
5852.42,SYN.BTC-24APR20,1584961140810,open,0.0,838.7,0.0005,0.019,0.00421214,158.04,0.005,0.0,BTC-24APR20-16000-C,5879.17,153.99,0.0035,35.1,0.005,25.1,162.03,1.09257,-2.70855,0.1187,2e-05,0.02744
5852.42,SYN.BTC-24APR20,1584961140810,open,0.0,365.5,0.0005,0.017,0.00246799,172.94,0.003,0.0,BTC-24APR20-20000-C,5879.17,168.65,0.002,12.0,0.003,25.0,177.18,0.68549,-1.85953,0.06823,1e-05,0.01582
5852.42,SYN.BTC-24APR20,1584961140811,open,0.01,619.2,0.0005,0.021,0.00625524,150.12,0.006,0.0,BTC-24APR20-14000-C,5879.17,149.11,0.006,0.2,0.0065,0.1,151.06,1.50713,-3.54888,0.1753,3e-05,0.04055
5852.42,SYN.BTC-24APR20,1584961140828,open,0.73,14.5,0.62,0.8465,0.72843309,132.3,0.9535,0.0,BTC-24APR20-10000-P,5879.17,89.91,0.7115,5.0,1.483,1.0,500.0,3.46073,-7.1821,-8.22036,9e-05,-0.87995
5852.42,SYN.BTC-24APR20,1584961140830,open,0.42,486.0,0.32,0.512,0.41494584,125.69,0.6628,0.0,BTC-24APR20-8000-P,5879.17,49.83,0.368,2.0,1.138,1.0,500.0,5.56455,-10.97101,-5.92349,0.00015,-0.74403
5863.65,BTC-27MAR20,1584961140839,open,0.02,618.4,0.0005,0.0605,0.02232076,143.47,0.02,0.0,BTC-27MAR20-6500-C,5879.17,141.03,0.0215,9.0,0.023,0.1,145.47,1.98529,-36.74446,0.15212,0.00038,0.26664
5863.65,BTC-27MAR20,1584961140845,open,0.02,618.4,0.0005,0.0605,0.02232076,143.47,0.02,0.0,BTC-27MAR20-6500-C,5879.17,141.03,0.0215,13.1,0.023,0.1,145.47,1.98529,-36.74446,0.15212,0.00038,0.26664
5826.98,BTC-26JUN20,1584961141005,open,0.04,523.3,0.014,0.07,0.0398554,132.03,0.0425,0.0,BTC-26JUN20-3000-P,5879.17,131.02,0.039,9.0,0.0405,0.1,132.79,4.94077,-3.43771,-2.01137,4e-05,-0.09294
5826.98,BTC-26JUN20,1584961141022,open,0.1,1087.7,0.041,0.1465,0.09566747,115.56,0.095,0.0,BTC-26JUN20-9000-C,5879.17,113.84,0.0925,13.7,0.099,55.1,117.36,10.74282,-6.54255,3.53092,0.00011,0.32879
5826.98,BTC-26JUN20,1584961141026,open,0.1,1087.7,0.041,0.1465,0.09566747,115.56,0.095,0.0,BTC-26JUN20-9000-C,5879.17,113.84,0.0925,21.2,0.099,55.1,117.36,10.74282,-6.54255,3.53092,0.00011,0.32879
5852.42,SYN.BTC-24APR20,1584961141027,open,0.08,233.9,0.0325,0.1275,0.0814676,125.31,0.0755,0.0,BTC-24APR20-7000-C,5879.17,123.11,0.079,24.1,0.0835,10.0,127.1,6.59924,-12.97098,1.53957,0.00018,0.3827
5852.42,SYN.BTC-24APR20,1584961141031,open,0.08,233.9,0.0325,0.1275,0.0814676,125.31,0.0755,0.0,BTC-24APR20-7000-C,5879.17,123.11,0.079,24.1,0.0835,14.1,127.1,6.59924,-12.97098,1.53957,0.00018,0.3827
5860.9,SYN.BTC-3APR20,1584961141032,open,0.09,47.5,0.031,0.1475,0.08718435,141.57,0.0835,0.0,BTC-3APR20-5750-P,5879.17,139.85,0.086,0.1,0.0885,40.0,143.56,3.95585,-25.74717,-0.88672,0.00027,-0.4206
5826.98,BTC-26JUN20,1584961141033,open,0.22,255.5,0.1455,0.2785,0.22043113,115.49,0.2255,0.0,BTC-26JUN20-6000-C,5879.17,114.52,0.2185,0.1,0.223,21.2,116.8,11.50217,-7.0009,5.69851,0.00011,0.59666
5851.9,BTC-25SEP20,1584961141035,open,0.29,187.4,0.206,0.349,0.28769764,106.64,0.289,0.0,BTC-25SEP20-6000-C,5879.17,104.52,0.282,9.0,0.2925,16.7,108.44,15.68285,-4.49884,10.37875,8e-05,0.63595
5860.9,SYN.BTC-3APR20,1584961141037,open,0.11,31.4,0.044,0.1715,0.10637527,135.23,0.1125,0.0,BTC-3APR20-6000-P,5879.17,132.54,0.1045,24.2,0.1115,23.5,142.7,4.03552,-25.08849,-1.04759,0.00029,-0.49353
5860.9,SYN.BTC-3APR20,1584961141040,open,0.05,5.6,0.012,0.1005,0.05189678,146.15,0.05,0.0,BTC-3APR20-5250-P,5879.17,141.22,0.049,63.5,0.0545,36.5,150.58,3.44553,-23.15026,-0.59163,0.00023,-0.2869
5863.65,BTC-27MAR20,1584961141042,open,0.01,1582.7,0.0005,0.041,0.01152983,154.16,0.0115,0.0,BTC-27MAR20-7000-C,5879.17,151.91,0.011,25.0,0.012,0.5,156.08,1.4099,-28.0398,0.08632,0.00025,0.15018
5852.42,SYN.BTC-24APR20,1584961141153,open,0.14,226.0,0.0755,0.189,0.1371932,125.93,0.1445,0.0,BTC-24APR20-6000-C,5879.17,123.2,0.134,21.2,0.1405,38.6,128.75,6.85087,-13.53282,2.09665,0.00018,0.54742
123.15,ETH-27MAR20,1584961141306,open,0.0,1368.0,0.0005,0.0155,8e-06,230.22,0.002,0.0,ETH-27MAR20-300-C,123.66,0.0,0.0,0.0,0.0005,200.0,317.57,7e-05,-0.00094,0.0,2e-05,0.00014
123.15,ETH-27MAR20,1584961141306,open,0.0,8766.0,0.0005,0.0155,7.5e-05,229.84,0.0005,0.0,ETH-27MAR20-260-C,123.66,0.0,0.0,0.0,0.0005,589.0,273.28,0.0005,-0.0092,1e-05,0.00014,0.0012
123.15,ETH-27MAR20,1584961141306,open,0.0,251.0,0.0005,0.0155,1e-06,230.44,0.002,0.0,ETH-27MAR20-340-C,123.66,0.0,0.0,0.0,0.0005,470.0,355.42,1e-05,-0.0001,0.0,0.0,2e-05
123.15,ETH-27MAR20,1584961141306,open,0.0,14.0,0.0005,0.0155,0.0,230.54,0.0005,0.0,ETH-27MAR20-380-C,123.66,0.0,0.0,0.0,0.0005,1.0,388.43,0.0,-1e-05,0.0,0.0,0.0
5851.91,BTC-25SEP20,1584961141312,open,0.07,5.4,0.0295,0.103,0.06558417,115.03,0.059,0.0,BTC-25SEP20-3000-P,5879.17,113.85,0.064,5.0,0.0675,8.0,116.45,7.87299,-2.43613,-5.24452,4e-05,-0.1104
5851.91,BTC-25SEP20,1584961141314,open,0.31,199.8,0.218,0.4005,0.3130045,106.65,0.302,0.0,BTC-25SEP20-6000-P,5879.17,105.15,0.309,6.0,0.318,5.0,108.51,15.68273,-4.49907,-20.17636,8e-05,-0.36404
5826.98,BTC-26JUN20,1584961141318,open,0.16,370.4,0.089,0.221,0.15642116,118.5,0.1645,0.0,BTC-26JUN20-5000-P,5879.17,118.26,0.156,20.0,0.1575,23.5,119.12,10.1577,-6.34362,-6.75096,0.0001,-0.2893
5863.66,BTC-27MAR20,1584961141321,open,0.1,456.2,0.034,0.1505,0.09727818,154.26,0.1035,0.0,BTC-27MAR20-5500-C,5879.17,146.59,0.0945,9.0,0.1005,15.7,162.98,2.14587,-42.70509,0.36604,0.00038,0.68519
5863.66,BTC-27MAR20,1584961141324,open,0.1,456.2,0.034,0.1505,0.09727818,154.26,0.1035,0.0,BTC-27MAR20-5500-C,5879.17,146.59,0.0945,17.0,0.1005,15.7,162.98,2.14587,-42.70509,0.36604,0.00038,0.68519
5851.91,BTC-25SEP20,1584961141324,open,0.31,199.8,0.218,0.4005,0.3130045,106.65,0.302,0.0,BTC-25SEP20-6000-P,5879.17,105.15,0.309,6.0,0.3175,5.0,108.33,15.68273,-4.49907,-20.17636,8e-05,-0.36404
5852.42,SYN.BTC-24APR20,1584961141326,open,0.03,776.6,0.006,0.0615,0.02987109,128.48,0.028,0.0,BTC-24APR20-9000-C,5879.17,125.98,0.028,45.4,0.032,29.0,131.27,4.42054,-8.9091,0.7299,0.00012,0.17268
5852.42,SYN.BTC-24APR20,1584961141329,open,0.16,399.3,0.0925,0.2315,0.16241079,125.92,0.166,0.0,BTC-24APR20-6000-P,5879.17,124.3,0.1605,16.0,0.167,8.0,129.85,6.85089,-13.53185,-3.14318,0.00018,-0.45258
5852.42,SYN.BTC-24APR20,1584961141331,open,0.16,399.3,0.0925,0.2315,0.16241079,125.92,0.166,0.0,BTC-24APR20-6000-P,5879.17,124.3,0.1605,18.2,0.167,8.0,129.85,6.85089,-13.53185,-3.14318,0.00018,-0.45258
5851.91,BTC-25SEP20,1584961141402,open,0.13,889.8,0.07,0.182,0.1269957,110.28,0.1175,0.0,BTC-25SEP20-4000-P,5879.17,108.73,0.124,14.4,0.13,25.7,111.82,11.34163,-3.36436,-9.45449,6e-05,-0.19026
122.41,ETH-26JUN20,1584961141500,open,0.62,0.0,0.572,0.6355,0.615724,144.05,None,0.0,ETH-26JUN20-50-C,123.66,0.0,0.0005,3.0,0.0,0.0,0.0,0.07075,-0.05371,0.10435,0.00126,0.94367
122.41,ETH-26JUN20,1584961141500,open,0.2,12.0,0.116,0.263,0.204866,133.33,0.2375,0.0,ETH-26JUN20-110-P,123.66,130.34,0.1995,150.0,0.21,274.0,136.19,0.22004,-0.1546,-0.16368,0.00424,-0.30955
122.41,ETH-26JUN20,1584961141500,open,0.49,0.0,0.424,0.5205,0.491126,138.65,None,0.0,ETH-26JUN20-70-C,123.66,0.0,0.01,100.0,0.0,0.0,0.0,0.1294,-0.09455,0.12173,0.0024,0.8737
122.41,ETH-26JUN20,1584961141500,open,0.06,599.0,0.019,0.0845,0.062974,138.65,0.054,0.0,ETH-26JUN20-70-P,123.66,135.34,0.0595,150.0,0.0665,466.0,141.96,0.1294,-0.09455,-0.06022,0.0024,-0.1263
122.41,ETH-26JUN20,1584961141500,open,0.12,400.0,0.0555,0.1635,0.122237,134.44,0.118,0.0,ETH-26JUN20-90-P,123.66,131.59,0.118,150.0,0.1265,297.0,137.31,0.18203,-0.12897,-0.1071,0.00348,-0.21434
122.41,ETH-26JUN20,1584961141500,open,0.3,44.0,0.216,0.351,0.306247,133.33,0.32,0.0,ETH-26JUN20-110-C,123.66,107.51,0.2595,61.0,0.3195,61.0,140.72,0.22004,-0.1546,0.12225,0.00424,0.69045
122.41,ETH-26JUN20,1584961141500,open,0.02,3983.0,0.0035,0.039,0.024187,144.05,0.02,0.0,ETH-26JUN20-50-P,123.66,139.29,0.0215,150.0,0.027,475.0,148.81,0.07075,-0.05371,-0.02562,0.00126,-0.05633
5851.95,BTC-25SEP20,1584961141510,open,0.07,5.4,0.0295,0.103,0.06558417,115.03,0.059,0.0,BTC-25SEP20-3000-P,5879.17,113.48,0.0635,8.0,0.0675,8.0,116.45,7.873,-2.43616,-5.24454,4e-05,-0.1104
5851.95,BTC-25SEP20,1584961141523,open,0.07,5.4,0.0295,0.103,0.06558417,115.03,0.059,0.0,BTC-25SEP20-3000-P,5879.17,113.48,0.0635,13.0,0.0675,8.0,116.45,7.873,-2.43616,-5.24454,4e-05,-0.1104
122.92,SYN.ETH-24APR20,1584961141565,open,0.19,429.0,0.135,0.2455,0.193043,135.01,0.195,0.0,ETH-24APR20-130-P,123.66,131.15,0.1885,369.0,0.202,329.0,142.63,0.14467,-0.30637,-0.07186,0.00812,-0.4764
122.92,SYN.ETH-24APR20,1584961141565,open,0.11,688.0,0.058,0.145,0.106536,138.44,0.121,0.0,ETH-24APR20-110-P,123.66,133.65,0.1015,449.0,0.111,409.0,142.68,0.12939,-0.28098,-0.04547,0.00708,-0.31702
122.92,SYN.ETH-24APR20,1584961141567,open,0.04,477.0,0.01,0.063,0.034646,135.61,0.035,0.0,ETH-24APR20-190-C,123.66,132.24,0.032,657.0,0.037,151.0,138.53,0.09785,-0.20815,0.01643,0.00547,0.18774
122.92,SYN.ETH-24APR20,1584961141733,open,0.02,1149.0,0.0035,0.0375,0.01871,138.28,0.0225,0.0,ETH-24APR20-220-C,123.66,134.21,0.0165,730.0,0.021,167.0,142.25,0.06884,-0.14932,0.00993,0.00377,0.11121
122.92,SYN.ETH-24APR20,1584961141733,open,0.25,587.0,0.1855,0.3035,0.247393,135.05,0.2035,0.0,ETH-24APR20-140-P,123.66,130.0,0.2415,307.0,0.257,128.0,143.25,0.14377,-0.30455,-0.08563,0.00807,-0.5503
122.92,SYN.ETH-24APR20,1584961141733,open,0.51,751.0,0.443,0.5715,0.507724,135.25,0.313,0.0,ETH-24APR20-180-P,123.66,123.84,0.498,70.0,0.5345,69.0,163.27,0.10903,-0.2313,-0.13767,0.00611,-0.77471
5863.59,BTC-27MAR20,1584961141817,open,0.96,0.1,0.8505,1.0865,0.96178626,251.57,0.6,0.0,BTC-27MAR20-11500-P,5879.58,0.0,0.0645,1.2,1.19,4.9,500.0,0.11446,-3.71465,-1.21722,1e-05,-0.99322
5863.59,BTC-27MAR20,1584961141817,open,0.79,0.1,0.6895,0.905,0.79160121,235.94,0.1395,0.0,BTC-27MAR20-10500-P,5879.58,0.0,0.344,2.5,1.2445,2.5,500.0,0.18131,-5.51873,-1.10835,2e-05,-0.98854
5826.98,BTC-26JUN20,1584961141817,open,0.6,0.0,0.5575,0.631,0.59779089,141.51,None,0.0,BTC-26JUN20-2500-C,5879.58,0.0,0.318,7.5,0.9185,7.5,500.0,3.65636,-2.72678,5.14441,3e-05,0.93744
5863.59,BTC-27MAR20,1584961141817,open,0.54,766.9,0.4485,0.635,0.53725116,209.51,0.388,0.0,BTC-27MAR20-9000-P,5879.58,0.0,0.089,2.5,0.549,1.8,298.66,0.41429,-11.19758,-0.93826,5e-05,-0.96972
5863.59,BTC-27MAR20,1584961141818,open,0.37,1446.6,0.2875,0.459,0.36982739,190.09,0.241,0.0,BTC-27MAR20-8000-P,5879.58,0.0,0.3385,3.0,0.4175,3.0,374.6,0.79657,-19.53461,-0.81032,0.00011,-0.93164
5851.95,BTC-25SEP20,1584961141818,open,0.04,239.3,0.017,0.0715,0.04293433,118.4,0.043,0.0,BTC-25SEP20-2500-P,5879.58,117.48,0.042,8.0,0.044,8.0,119.43,6.00085,-1.91116,-3.55905,3e-05,-0.07649
5851.95,BTC-25SEP20,1584961141818,open,0.19,182.7,0.1185,0.26,0.19731963,107.51,0.198,0.0,BTC-25SEP20-8000-C,5879.58,106.7,0.195,1.0,0.1995,20.6,108.28,16.65526,-4.81679,8.73588,9e-05,0.49046
5851.95,BTC-25SEP20,1584961141818,open,0.04,349.0,0.0095,0.0755,0.03854467,112.71,0.039,0.0,BTC-25SEP20-20000-C,5879.58,111.68,0.037,1.0,0.04,9.7,113.66,8.84017,-2.68022,2.72922,4e-05,0.13013
5827.39,BTC-26JUN20,1584961141818,open,0.01,1688.0,0.0005,0.036,0.01423137,129.72,0.015,0.0,BTC-26JUN20-20000-C,5879.58,127.71,0.013,1.0,0.0155,39.0,131.7,3.65536,-2.49898,0.73164,3e-05,0.06253
5851.95,BTC-25SEP20,1584961141818,open,3.13,16.1,2.878,3.409,3.12824273,114.88,3.1855,0.0,BTC-25SEP20-24000-P,5879.58,0.0,0.0,0.0,0.0,0.0,0.0,7.04937,-2.17846,-120.19939,4e-05,-0.90516
5827.39,BTC-26JUN20,1584961141818,open,0.64,626.3,0.52,0.7595,0.64020684,115.61,0.56,0.0,BTC-26JUN20-9000-P,5879.58,0.0,0.4,1.2,1.3895,1.0,500.0,10.74632,-6.54758,-19.86136,0.00011,-0.671
5863.59,BTC-27MAR20,1584961141818,open,0.21,1189.1,0.1295,0.286,0.2053255,154.09,0.2,0.0,BTC-27MAR20-7000-P,5879.58,117.39,0.198,3.0,0.215,7.0,189.86,1.40906,-28.0114,-0.65703,0.00025,-0.84996
5827.39,BTC-26JUN20,1584961141818,open,0.25,406.9,0.1645,0.3305,0.25012404,115.52,0.248,0.0,BTC-26JUN20-6000-P,5879.58,114.69,0.2485,4.3,0.2515,1.0,116.21,11.50246,-7.00245,-9.89708,0.00011,-0.40326
5863.59,BTC-27MAR20,1584961141818,open,0.41,4.6,0.365,0.437,0.4065743,283.52,0.3605,0.0,BTC-27MAR20-3500-C,5879.58,0.0,0.3145,8.0,0.4675,11.5,500.0,0.38728,-14.16514,0.35209,4e-05,0.97208
5851.95,BTC-25SEP20,1584961141818,open,0.1,549.2,0.0425,0.1545,0.1001655,108.13,0.099,0.0,BTC-25SEP20-12000-C,5879.58,106.84,0.097,8.0,0.103,3.5,109.28,14.36216,-4.17756,5.74482,8e-05,0.29294
5827.39,BTC-26JUN20,1584961141818,open,0.52,26.1,0.476,0.5645,0.52500895,132.0,0.502,0.0,BTC-26JUN20-3000-C,5879.58,0.0,0.2255,7.5,0.826,7.5,452.88,4.9395,-3.43608,5.78762,4e-05,0.9071
5863.59,BTC-27MAR20,1584961141818,open,0.71,601.7,0.609,0.815,0.70686716,233.05,0.6825,0.0,BTC-27MAR20-10000-P,5879.58,0.0,0.508,1.8,1.159,2.5,500.0,0.26418,-7.94283,-1.05168,3e-05,-0.98226
5852.36,BTC-25SEP20,1584961141819,open,0.06,508.4,0.019,0.104,0.05932885,110.52,0.058,0.0,BTC-25SEP20-16000-C,5879.58,109.83,0.058,9.9,0.0605,9.4,111.13,11.30405,-3.36074,3.8708,6e-05,0.18921
5863.59,BTC-27MAR20,1584961141819,open,0.17,157.0,0.1,0.2175,0.16528316,178.15,0.173,0.0,BTC-27MAR20-5000-C,5879.58,165.11,0.162,20.5,0.171,18.5,199.33,1.52091,-34.95428,0.41473,0.00023,0.8314
5852.36,BTC-25SEP20,1584961141819,open,0.85,257.4,0.7055,0.985,0.84671331,107.55,0.81,0.0,BTC-25SEP20-10000-P,5879.58,42.74,0.715,1.5,0.9,0.8,126.77,15.85854,-4.58819,-43.8118,8e-05,-0.62333
5863.59,BTC-27MAR20,1584961141817,open,0.62,33.1,0.5285,0.7245,0.62159695,214.37,1.108,0.0,BTC-27MAR20-9500-P,5879.58,0.0,0.1735,2.5,1.074,2.5,500.0,0.28058,-7.75953,-0.99778,4e-05,-0.98096
5827.39,BTC-26JUN20,1584961141819,open,0.46,0.0,0.4015,0.504,0.45913241,126.94,None,0.0,BTC-26JUN20-3500-C,5879.58,0.0,0.1485,7.5,0.749,7.5,382.42,6.39186,-4.27595,6.17487,6e-05,0.86679
5852.36,BTC-25SEP20,1584961141819,open,3.81,0.0,3.5195,4.1275,3.80526448,117.73,None,0.0,BTC-25SEP20-28000-P,5879.58,0.0,0.0,0.0,0.0,0.0,0.0,5.88077,-1.86234,-140.99171,3e-05,-0.92552
5852.36,BTC-25SEP20,1584961141819,open,5.16,0.5,4.8065,5.5705,5.16457161,121.68,5.18,0.0,BTC-25SEP20-36000-P,5879.58,0.0,0.0,0.0,0.0,0.0,0.0,4.21471,-1.37952,-182.27292,2e-05,-0.95134
5827.39,BTC-26JUN20,1584961141819,open,0.05,784.1,0.0135,0.0865,0.04726159,118.25,0.0505,0.0,BTC-26JUN20-12000-C,5879.58,116.58,0.045,6.5,0.0495,58.3,119.88,7.92929,-4.94158,2.08567,8e-05,0.18495
5852.36,BTC-25SEP20,1584961141819,open,0.05,256.3,0.013,0.087,0.0466716,111.24,0.044,0.0,BTC-25SEP20-18000-C,5879.58,109.95,0.0445,8.0,0.049,6.4,112.6,9.91957,-2.96828,3.20596,5e-05,0.15424
5852.36,BTC-25SEP20,1584961141819,open,0.16,365.8,0.0905,0.226,0.16441703,107.51,0.1625,0.0,BTC-25SEP20-9000-C,5879.58,105.57,0.159,9.0,0.166,3.0,108.07,16.40107,-4.74299,7.90319,9e-05,0.4296
5852.36,BTC-25SEP20,1584961141819,open,4.48,1.0,4.1625,4.848,4.48428521,119.87,7.779,0.0,BTC-25SEP20-32000-P,5879.58,0.0,0.0,0.0,0.0,0.0,0.0,4.94667,-1.59497,-161.67324,2e-05,-0.94044
5863.59,BTC-27MAR20,1584961141819,open,0.49,0.1,0.456,0.517,0.48954644,300.22,0.391,0.0,BTC-27MAR20-3000-C,5879.58,0.0,0.399,8.0,0.552,11.5,500.0,0.16307,-6.31588,0.3115,1e-05,0.98985
5827.39,BTC-26JUN20,1584961141819,open,0.01,1592.6,0.0005,0.025,0.00870157,132.77,0.009,0.0,BTC-26JUN20-24000-C,5879.58,129.9,0.0075,10.0,0.01,42.0,135.61,2.55155,-1.78535,0.47156,2e-05,0.03983
5827.39,BTC-26JUN20,1584961141819,open,0.0,3198.8,0.0005,0.0195,0.00471394,140.8,0.005,0.0,BTC-26JUN20-32000-C,5879.58,137.99,0.004,0.3,0.0055,30.4,143.59,1.56096,-1.15831,0.26225,1e-05,0.02203
5852.36,BTC-25SEP20,1584961141820,open,0.21,331.1,0.133,0.2815,0.21001927,107.66,0.22,0.0,BTC-25SEP20-5000-P,5879.58,106.19,0.2065,14.4,0.214,6.0,109.32,14.00776,-4.05655,-14.54223,7e-05,-0.27792
5827.39,BTC-26JUN20,1584961141820,open,0.01,611.7,0.0005,0.02,0.00515261,138.17,0.006,0.0,BTC-26JUN20-30000-C,5879.58,133.85,0.004,47.8,0.0065,30.0,142.46,1.6896,-1.23033,0.2885,1e-05,0.0242
5852.36,BTC-25SEP20,1584961141820,open,0.24,131.7,0.1545,0.2985,0.23566853,106.54,0.24,0.0,BTC-25SEP20-7000-C,5879.58,104.7,0.2305,10.0,0.241,25.2,108.43,16.4879,-4.72514,9.59123,9e-05,0.55749
5864.0,BTC-27MAR20,1584961141820,open,2.07,0.0,1.8965,2.2655,2.06975596,353.09,1.23,0.0,BTC-27MAR20-18000-P,5879.58,0.0,1.624,2.5,2.5245,2.5,500.0,0.03591,-1.63561,-1.91025,0.0,-0.99814
5864.0,BTC-27MAR20,1584961141821,open,0.32,61.0,0.2745,0.359,0.32454793,252.32,0.32,0.0,BTC-27MAR20-4000-C,5879.58,215.1,0.321,15.1,0.328,15.1,279.54,0.66887,-21.77252,0.38654,7e-05,0.94534
5852.37,SYN.BTC-24APR20,1584961141817,open,1.74,0.0,1.58,1.9175,1.73812489,157.93,None,0.0,BTC-24APR20-16000-P,5879.58,0.0,0.9925,1.0,2.493,1.0,500.0,1.08906,-2.69798,-13.85464,2e-05,-0.97267
5852.36,BTC-25SEP20,1584961141821,open,0.03,145.1,0.0055,0.058,0.02701766,114.86,0.026,0.0,BTC-25SEP20-24000-C,5879.58,113.57,0.0255,13.0,0.0285,8.1,116.07,7.04599,-2.17691,2.01912,4e-05,0.09477
5852.36,BTC-25SEP20,1584961141822,open,0.7,277.0,0.57,0.8295,0.70237643,107.55,0.6195,0.0,BTC-25SEP20-9000-P,5879.58,91.81,0.659,3.1,0.776,3.1,133.52,16.40215,-4.74516,-37.92836,9e-05,-0.57026
5875.67,SYN.BTC-24MAR20,1584961141817,open,0.01,19.1,0.0005,0.0305,0.00648965,207.54,0.01,0.0,BTC-24MAR20-5250-P,5879.58,197.31,0.0055,21.0,0.0075,20.0,217.37,0.58694,-38.13103,-0.0183,0.00034,-0.12335
5875.67,SYN.BTC-24MAR20,1584961141817,open,0.06,0.3,0.0025,0.112,0.05858393,172.39,0.05,0.0,BTC-24MAR20-5625-C,5879.58,134.63,0.0525,13.6,0.0625,18.6,195.45,0.98232,-84.67252,0.09208,0.00069,0.71176
5852.37,SYN.BTC-24APR20,1584961141817,open,0.11,316.1,0.05,0.155,0.10578949,125.3,0.1,0.0,BTC-24APR20-6500-C,5879.58,122.92,0.103,21.9,0.1085,18.0,127.61,6.86637,-13.49572,1.81468,0.00018,0.46085
5860.84,SYN.BTC-3APR20,1584961141817,open,0.07,36.0,0.019,0.121,0.06674099,141.75,0.0695,0.0,BTC-3APR20-5500-P,5879.58,136.69,0.0635,60.3,0.0695,34.3,146.06,3.75196,-24.45167,-0.72989,0.00026,-0.35122
5860.84,SYN.BTC-3APR20,1584961141818,open,0.1,34.1,0.045,0.1585,0.10610662,141.61,0.1,0.0,BTC-3APR20-5750-C,5879.58,132.57,0.1,12.0,0.1055,20.2,140.71,3.95583,-25.75458,0.8265,0.00027,0.57939
5852.37,SYN.BTC-24APR20,1584961141818,open,1.23,0.5,1.0975,1.3775,1.22925228,145.95,0.869,0.0,BTC-24APR20-13000-P,5879.58,0.0,0.483,1.0,1.9835,1.0,500.0,1.81344,-4.1516,-11.13262,4e-05,-0.94895
5860.84,SYN.BTC-3APR20,1584961141817,open,0.13,0.2,0.064,0.181,0.12831881,141.77,0.17,0.0,BTC-3APR20-5500-C,5879.58,131.1,0.1215,33.4,0.1295,18.4,143.61,3.75198,-24.45454,0.90889,0.00026,0.64878
5860.84,SYN.BTC-3APR20,1584961141818,open,0.04,21.5,0.0075,0.084,0.042398,136.29,0.0385,0.0,BTC-3APR20-6750-C,5879.58,133.18,0.0405,15.0,0.0445,45.8,139.7,3.59202,-22.50647,0.47539,0.00026,0.31462
5875.67,SYN.BTC-24MAR20,1584961141817,open,0.02,48.5,0.0005,0.061,0.01752759,135.69,0.0155,0.0,BTC-24MAR20-6000-C,5879.58,130.2,0.0165,20.0,0.0185,0.1,140.86,1.10344,-74.861,0.05237,0.00098,0.38903
5852.37,SYN.BTC-24APR20,1584961141817,open,1.4,0.0,1.258,1.557,1.39842874,150.05,None,0.0,BTC-24APR20-14000-P,5879.58,0.0,0.6525,1.0,2.153,1.0,500.0,1.50441,-3.54083,-12.05136,3e-05,-0.95954
5852.37,SYN.BTC-24APR20,1584961141817,open,0.06,306.4,0.0195,0.098,0.05595238,138.61,0.06,0.0,BTC-24APR20-4500-P,5879.58,136.85,0.0545,17.5,0.0575,23.5,140.49,4.82279,-10.486,-1.30146,0.00012,-0.19869
5860.84,SYN.BTC-3APR20,1584961141817,open,0.16,0.1,0.088,0.2365,0.16194369,135.25,0.145,0.0,BTC-3APR20-6500-P,5879.58,96.37,0.1375,5.0,0.2085,5.0,204.5,3.82633,-23.79145,-1.37955,0.00028,-0.62803
5875.67,SYN.BTC-24MAR20,1584961141818,open,0.13,0.0,0.064,0.204,0.13034257,168.01,None,0.0,BTC-24MAR20-6625-P,5879.58,0.0,0.0005,1.0,0.0,0.0,0.0,0.42044,-35.31875,-0.14832,0.0003,-0.92183
5852.37,SYN.BTC-24APR20,1584961141817,open,0.57,215.8,0.4655,0.6755,0.56769748,128.47,0.74,0.0,BTC-24APR20-9000-P,5879.58,98.79,0.549,0.5,1.3225,1.0,500.0,4.41988,-8.90691,-7.13001,0.00012,-0.82736
5860.84,SYN.BTC-3APR20,1584961141818,open,0.16,8.0,0.09,0.2095,0.15613015,146.18,0.1505,0.0,BTC-3APR20-5250-C,5879.58,131.35,0.1475,24.7,0.159,19.5,151.04,3.4457,-23.15602,0.97259,0.00023,0.71307
5875.67,SYN.BTC-24MAR20,1584961141817,open,0.11,1.0,0.044,0.182,0.11014492,160.49,0.0695,0.0,BTC-24MAR20-6500-P,5879.58,0.0,0.0005,1.0,0.0,0.0,0.0,0.52876,-42.4307,-0.14148,0.0004,-0.89349
5860.84,SYN.BTC-3APR20,1584961141817,open,0.22,15.0,0.1565,0.272,0.22053779,158.2,0.214,0.0,BTC-3APR20-4750-C,5879.58,0.0,0.095,8.0,0.309,11.5,326.46,2.67715,-19.47109,1.04259,0.00017,0.81756
5875.67,SYN.BTC-24MAR20,1584961141817,open,0.17,0.0,0.104,0.2475,0.17153703,180.73,None,0.0,BTC-24MAR20-6875-P,5879.58,0.0,0.001,0.5,0.0,0.0,0.0,0.25707,-23.23098,-0.15925,0.00017,-0.95819
5860.84,SYN.BTC-3APR20,1584961141818,open,0.2,12.0,0.116,0.2725,0.19409794,136.27,0.21,0.0,BTC-3APR20-6750-P,5879.58,0.0,0.001,110.5,1.255,5.0,500.0,3.59183,-22.50197,-1.53591,0.00026,-0.68541
5875.67,SYN.BTC-24MAR20,1584961141817,open,0.1,0.0,0.025,0.161,0.09097998,157.53,None,0.0,BTC-24MAR20-6375-P,5879.58,0.0,0.0005,1.0,0.0,0.0,0.0,0.6835,-53.83594,-0.13205,0.00052,-0.84578
5860.84,SYN.BTC-3APR20,1584961141818,open,0.19,8.0,0.121,0.24,0.18718358,151.95,0.1805,0.0,BTC-3APR20-5000-C,5879.58,0.0,0.0625,8.0,0.2765,11.5,308.75,3.07663,-21.49309,1.01669,0.0002,0.76937
5852.37,SYN.BTC-24APR20,1584961141818,open,0.9,0.1,0.778,1.0215,0.89357664,137.0,0.93,0.0,BTC-24APR20-11000-P,5879.58,0.0,0.0,0.0,1.273,1.9,500.0,2.75021,-5.90993,-9.23071,7e-05,-0.9125
5875.67,SYN.BTC-24MAR20,1584961141818,open,0.02,12.3,0.0005,0.062,0.01592097,172.38,0.016,0.0,BTC-24MAR20-5625-P,5879.58,166.85,0.015,10.0,0.017,20.0,178.81,0.98231,-84.66767,-0.04288,0.00069,-0.28823
5852.37,SYN.BTC-24APR20,1584961141818,open,1.06,0.0,0.9375,1.199,1.06091879,141.87,None,0.0,BTC-24APR20-12000-P,5879.58,0.0,0.3145,1.0,1.815,1.0,500.0,2.22961,-4.9617,-10.19378,5e-05,-0.93359
5860.84,SYN.BTC-3APR20,1584961141818,open,0.08,225.9,0.0285,0.1325,0.08264198,135.27,0.086,0.0,BTC-3APR20-6000-C,5879.58,131.43,0.08,12.0,0.085,24.2,138.69,4.03547,-25.09552,0.74016,0.00029,0.50648
5875.67,SYN.BTC-24MAR20,1584961141818,open,0.15,0.0,0.084,0.226,0.15085751,175.15,None,0.0,BTC-24MAR20-6750-P,5879.58,0.0,0.0015,0.7,0.0,0.0,0.0,0.33262,-29.12853,-0.15409,0.00023,-0.94227
5860.84,SYN.BTC-3APR20,1584961141817,open,0.26,0.0,0.195,0.3065,0.25635019,166.25,None,0.0,BTC-3APR20-4500-C,5879.58,0.0,0.129,8.0,0.343,11.5,346.25,2.29111,-17.51176,1.04783,0.00013,0.85637
5852.37,SYN.BTC-24APR20,1584961141817,open,0.35,216.2,0.253,0.435,0.3440204,125.38,0.5588,0.0,BTC-24APR20-7500-P,5879.58,0.0,0.001,100.0,1.098,1.0,500.0,6.13636,-12.06838,-5.26376,0.00016,-0.68589
5852.37,SYN.BTC-24APR20,1584961141821,open,0.12,125.6,0.0595,0.18,0.11918148,129.68,0.1265,0.0,BTC-24APR20-5500-P,5879.58,127.26,0.1165,25.4,0.122,28.4,132.23,6.48136,-13.18405,-2.45825,0.00017,-0.3618
5860.84,SYN.BTC-3APR20,1584961141818,open,0.27,0.0,0.1815,0.35,0.26474368,139.72,None,0.0,BTC-3APR20-7250-P,5879.58,0.0,0.001,100.0,0.866,2.5,500.0,3.02048,-19.40188,-1.81884,0.00021,-0.77678
5875.67,SYN.BTC-24MAR20,1584961141821,open,0.08,0.0,0.009,0.139,0.07133594,143.94,None,0.0,BTC-24MAR20-6250-P,5879.58,0.0,0.0005,1.0,0.0,0.0,0.0,0.80631,-58.03024,-0.1228,0.00068,-0.79976
5860.84,SYN.BTC-3APR20,1584961141821,open,0.34,0.0,0.2545,0.432,0.3408344,143.74,None,0.0,BTC-3APR20-7750-P,5879.58,0.0,0.0,0.0,0.9425,2.5,500.0,2.44313,-16.14556,-2.0653,0.00017,-0.84182
5852.37,SYN.BTC-24APR20,1584961141817,open,0.02,256.5,0.005,0.0475,0.02246852,154.18,0.0225,0.0,BTC-24APR20-3500-P,5879.58,151.02,0.021,51.0,0.024,35.0,157.4,2.75097,-6.65315,-0.56221,6e-05,-0.08753
5860.84,SYN.BTC-3APR20,1584961141818,open,0.03,63.0,0.0045,0.0715,0.03337538,136.42,0.033,0.0,BTC-3APR20-7000-C,5879.58,133.96,0.032,27.0,0.0345,0.5,138.41,3.29592,-20.67167,0.39964,0.00024,0.26222
5875.67,SYN.BTC-24MAR20,1584961141817,open,0.06,31.7,0.002,0.119,0.05464507,143.12,0.06,0.0,BTC-24MAR20-6125-P,5879.58,0.0,0.033,4.0,0.091,4.0,339.58,0.98274,-70.32569,-0.108,0.00083,-0.7115
5864.0,BTC-27MAR20,1584961141850,open,0.29,1072.1,0.2075,0.3725,0.28588543,168.39,0.25,0.0,BTC-27MAR20-7500-P,5879.58,71.75,0.279,5.0,0.332,3.0,331.87,0.99366,-21.58647,-0.74367,0.00016,-0.90846
5827.39,BTC-26JUN20,1584961141852,open,0.5,380.1,0.387,0.6065,0.49844552,115.47,0.535,0.0,BTC-26JUN20-8000-P,5879.58,59.64,0.4,1.0,0.8,6.0,268.15,11.50537,-7.00161,-16.583,0.00011,-0.59633
5864.0,BTC-27MAR20,1584961141853,open,0.29,1072.1,0.2075,0.3725,0.28588543,168.39,0.25,0.0,BTC-27MAR20-7500-P,5879.58,0.0,0.2785,6.0,0.332,3.0,331.87,0.99366,-21.58647,-0.74367,0.00016,-0.90846
5864.0,BTC-27MAR20,1584961141862,open,0.02,618.4,0.0005,0.06,0.02231236,143.4,0.02,0.0,BTC-27MAR20-6500-C,5879.58,142.47,0.022,9.0,0.023,0.1,145.42,1.98545,-36.73016,0.15214,0.00038,0.26665
5864.0,BTC-27MAR20,1584961141903,open,0.04,1007.6,0.0025,0.084,0.03523878,154.27,0.04,0.0,BTC-27MAR20-5500-P,5879.58,150.83,0.034,18.0,0.0365,42.3,157.66,2.14565,-42.70408,-0.2179,0.00038,-0.31469
5852.36,BTC-25SEP20,1584961141915,open,0.05,256.3,0.013,0.087,0.04668077,111.24,0.044,0.0,BTC-25SEP20-18000-C,5879.58,109.95,0.0445,8.0,0.0485,6.4,112.31,9.91957,-2.96828,3.20596,5e-05,0.15424
5826.98,BTC-26JUN20,1584961141921,open,0.06,290.4,0.019,0.1015,0.05878779,117.18,0.058,0.0,BTC-26JUN20-11000-C,5879.58,116.0,0.057,5.7,0.061,38.6,118.63,8.84618,-5.4629,2.47487,9e-05,0.22218
5826.98,BTC-26JUN20,1584961141923,open,0.06,290.4,0.019,0.1015,0.05878779,117.18,0.058,0.0,BTC-26JUN20-11000-C,5879.58,116.0,0.057,15.6,0.061,38.6,118.63,8.84618,-5.4629,2.47487,9e-05,0.22218
5826.98,BTC-26JUN20,1584961141927,open,0.06,290.4,0.019,0.1015,0.05878779,117.18,0.058,0.0,BTC-26JUN20-11000-C,5879.58,116.0,0.057,5.7,0.061,38.6,118.63,8.84618,-5.4629,2.47487,9e-05,0.22218
122.92,SYN.ETH-24APR20,1584961142024,open,0.05,327.0,0.013,0.079,0.047585,142.66,0.0395,0.0,ETH-24APR20-90-P,123.66,138.53,0.0445,476.0,0.0505,436.0,146.53,0.09227,-0.20648,-0.02346,0.0049,-0.171
122.92,SYN.ETH-24APR20,1584961142052,open,0.8,252.0,0.743,0.875,0.808458,138.28,0.733,0.0,ETH-24APR20-220-P,123.66,0.0,0.7865,55.0,0.843,67.0,185.86,0.06884,-0.14932,-0.1822,0.00377,-0.88879
122.92,SYN.ETH-24APR20,1584961142054,open,0.96,27.0,0.8985,1.034,0.96566,140.92,0.9705,0.0,ETH-24APR20-240-P,123.66,0.0,0.941,54.0,1.0015,66.0,196.83,0.05451,-0.12049,-0.20231,0.00293,-0.91901
122.41,ETH-26JUN20,1584961142056,open,0.01,2479.0,0.0005,0.0195,0.004842,142.03,0.005,0.0,ETH-26JUN20-680-C,123.66,136.53,0.0035,459.0,0.0065,161.0,147.52,0.03329,-0.02492,0.0056,0.0006,0.02243
122.92,SYN.ETH-24APR20,1584961142058,open,0.8,252.0,0.743,0.875,0.808458,138.28,0.733,0.0,ETH-24APR20-220-P,123.66,0.0,0.7865,67.0,0.843,67.0,185.86,0.06884,-0.14932,-0.1822,0.00377,-0.88879
122.41,ETH-26JUN20,1584961142064,open,0.01,2479.0,0.0005,0.0195,0.004842,142.03,0.005,0.0,ETH-26JUN20-680-C,123.66,136.53,0.0035,459.0,0.0065,461.0,147.52,0.03329,-0.02492,0.0056,0.0006,0.02243
122.75,ETH-25SEP20,1584961142065,open,0.14,522.0,0.079,0.1965,0.137573,123.8,0.107,0.0,ETH-25SEP20-80-P,123.66,120.52,0.1315,425.0,0.1435,425.0,126.99,0.22754,-0.07577,-0.19673,0.0024,-0.17714
122.75,ETH-25SEP20,1584961142067,open,0.04,745.0,0.0055,0.0585,0.039957,130.64,0.056,0.0,ETH-25SEP20-560-C,123.66,126.35,0.034,450.0,0.042,450.0,132.03,0.17791,-0.06252,0.05167,0.00177,0.12262
122.92,SYN.ETH-24APR20,1584961142068,open,0.96,27.0,0.8985,1.034,0.96566,140.92,0.9705,0.0,ETH-24APR20-240-P,123.66,0.0,0.941,66.0,1.0015,66.0,196.83,0.05451,-0.12049,-0.20231,0.00293,-0.91901
122.41,ETH-26JUN20,1584961142070,open,0.01,2479.0,0.0005,0.0195,0.004842,142.03,0.005,0.0,ETH-26JUN20-680-C,123.66,136.53,0.0035,458.0,0.0065,461.0,147.52,0.03329,-0.02492,0.0056,0.0006,0.02243
123.54,SYN.ETH-24MAR20,1584961142205,open,0.06,1.0,0.004,0.126,0.062715,147.3,0.0545,0.0,ETH-24MAR20-130-P,123.66,0.0,0.033,21.0,0.108,21.0,395.42,0.01929,-1.42066,-0.0024,0.03576,-0.74853
123.54,SYN.ETH-24MAR20,1584961142205,open,0.13,0.0,0.0695,0.2065,0.134587,149.42,None,0.0,ETH-24MAR20-140-P,123.66,0.0,0.0005,5.0,0.0,0.0,0.0,0.00597,-0.44579,-0.00322,0.01091,-0.95273
123.54,SYN.ETH-24MAR20,1584961142205,open,0.01,14.0,0.0005,0.0435,0.010465,147.3,0.01,0.0,ETH-24MAR20-130-C,123.66,131.02,0.008,293.0,0.013,300.0,163.15,0.01929,-1.29284,0.00071,0.03576,0.25147
123.54,SYN.ETH-24MAR20,1584961142205,open,0.17,0.0,0.1075,0.249,0.174166,154.28,None,0.0,ETH-24MAR20-145-P,123.66,0.0,0.0005,5.0,0.0,0.0,0.0,0.00277,-0.21352,-0.00342,0.0049,-0.98129
123.54,SYN.ETH-24MAR20,1584961142205,open,0.0,52.0,0.0005,0.016,0.001395,149.42,0.001,0.0,ETH-24MAR20-140-C,123.66,140.46,0.001,298.0,0.0055,360.0,205.46,0.00597,-0.17231,0.00014,0.01091,0.04727
123.54,SYN.ETH-24MAR20,1584961142205,open,0.21,0.0,0.1455,0.2915,0.214636,181.45,None,0.0,ETH-24MAR20-150-P,123.66,0.0,0.0005,5.0,0.0,0.0,0.0,0.00245,-0.22244,-0.00355,0.00369,-0.98377
123.54,SYN.ETH-24MAR20,1584961142205,open,0.02,8.0,0.0005,0.059,0.016062,145.98,0.02,0.0,ETH-24MAR20-120-P,123.66,128.51,0.013,265.0,0.025,365.0,195.4,0.02189,-1.5975,-0.00102,0.04094,-0.32892
123.54,SYN.ETH-24MAR20,1584961142205,open,0.0,40.0,0.0005,0.0155,0.000502,181.45,0.005,0.0,ETH-24MAR20-150-C,123.66,181.37,0.0005,45.0,0.003,365.0,245.87,0.00245,-0.06196,5e-05,0.00369,0.01623
123.54,SYN.ETH-24MAR20,1584961142205,open,0.03,116.0,0.0005,0.0655,0.020089,130.0,0.019,0.0,ETH-24MAR20-125-C,123.66,121.76,0.0185,264.0,0.0305,264.0,183.64,0.02386,-1.55116,0.00124,0.05013,0.43957
123.54,SYN.ETH-24MAR20,1584961142207,open,0.0,4.0,0.0005,0.0155,0.000502,154.28,0.003,0.0,ETH-24MAR20-145-C,123.66,154.19,0.0005,5.0,0.004,363.0,226.52,0.00277,-0.06202,5e-05,0.0049,0.0187
123.54,SYN.ETH-24MAR20,1584961142207,open,0.0,18.0,0.0005,0.027,0.00408,148.3,0.005,0.0,ETH-24MAR20-135-C,123.66,123.48,0.002,300.0,0.0085,354.0,187.25,0.01197,-0.50412,0.00034,0.02204,0.11813
122.92,SYN.ETH-24APR20,1584961142228,open,0.52,1.0,0.482,0.546,0.520251,156.92,0.5555,0.0,ETH-24APR20-60-C,123.66,0.0,0.0005,4.0,0.0,0.0,0.0,0.0298,-0.07336,0.04746,0.00144,0.96234
123.09,SYN.ETH-3APR20,1584961142228,open,0.01,3489.0,0.0005,0.024,0.009373,180.0,0.0055,0.0,ETH-3APR20-80-P,123.66,170.59,0.0075,150.0,0.0115,500.0,189.66,0.02581,-0.21355,-0.0026,0.00318,-0.06151
123.09,SYN.ETH-3APR20,1584961142230,open,0.22,0.0,0.156,0.272,0.219247,158.48,None,0.0,ETH-3APR20-100-C,123.66,0.0,0.1775,27.0,0.248,27.0,216.42,0.05673,-0.41329,0.02185,0.00793,0.81495
123.09,SYN.ETH-3APR20,1584961142230,open,0.03,129.0,0.005,0.0715,0.03164,158.48,0.0325,0.0,ETH-3APR20-100-P,123.66,152.69,0.029,5.0,0.0345,439.0,164.62,0.05673,-0.41329,-0.00795,0.00793,-0.18505
123.09,SYN.ETH-3APR20,1584961142230,open,0.11,4.0,0.051,0.1665,0.112304,146.33,0.099,0.0,ETH-3APR20-120-C,123.66,130.24,0.1015,303.0,0.1155,286.0,151.09,0.08261,-0.55575,0.01751,0.0125,0.58981
123.09,SYN.ETH-3APR20,1584961142230,open,0.29,1.0,0.2295,0.3335,0.285601,165.42,0.3125,0.0,ETH-3APR20-90-C,123.66,0.0,0.246,27.0,0.3115,27.0,233.54,0.03933,-0.29907,0.02226,0.00527,0.8924
123.09,SYN.ETH-3APR20,1584961142230,open,0.16,2.0,0.0945,0.2145,0.159716,150.01,0.251,0.0,ETH-3APR20-110-C,123.66,74.18,0.119,29.0,0.191,29.0,202.15,0.07231,-0.49871,0.02031,0.01068,0.71355
123.09,SYN.ETH-3APR20,1584961142230,open,0.05,2.0,0.0135,0.104,0.053349,150.01,0.033,0.0,ETH-3APR20-110-P,123.66,141.72,0.0485,470.0,0.0585,420.0,158.74,0.07231,-0.49871,-0.01246,0.01068,-0.28645
123.09,SYN.ETH-3APR20,1584961142232,open,0.04,34.0,0.004,0.0685,0.030535,139.28,0.034,0.0,ETH-3APR20-150-C,123.66,133.56,0.0275,490.0,0.0335,150.0,144.72,0.06625,-0.4242,0.00773,0.01054,0.24131
123.09,SYN.ETH-3APR20,1584961142232,open,0.05,21.0,0.0095,0.091,0.046577,137.35,0.06,0.0,ETH-3APR20-140-C,123.66,130.82,0.0425,521.0,0.0505,150.0,143.54,0.07747,-0.48917,0.0106,0.01249,0.33567
123.09,SYN.ETH-3APR20,1584961142232,open,0.02,287.0,0.002,0.0535,0.02076,143.16,0.0225,0.0,ETH-3APR20-160-C,123.66,137.96,0.0185,476.0,0.023,150.0,148.11,0.05462,-0.35946,0.00563,0.00845,0.17422
123.09,SYN.ETH-3APR20,1584961142232,open,0.09,10.0,0.032,0.149,0.087177,146.33,0.0655,0.0,ETH-3APR20-120-P,123.66,136.39,0.0805,445.0,0.094,427.0,156.5,0.08261,-0.55575,-0.01824,0.0125,-0.41019
123.09,SYN.ETH-3APR20,1584961142232,open,0.19,8.0,0.108,0.2625,0.183928,137.35,0.105,0.0,ETH-3APR20-140-P,123.66,127.01,0.1775,140.0,0.205,130.0,169.95,0.07747,-0.48917,-0.03111,0.01249,-0.66433
123.09,SYN.ETH-3APR20,1584961142234,open,0.13,100.0,0.0605,0.198,0.12739,137.02,0.103,0.0,ETH-3APR20-130-P,123.66,130.6,0.123,224.0,0.143,224.0,159.78,0.08423,-0.53061,-0.02465,0.01362,-0.54481
123.09,SYN.ETH-3APR20,1584961142234,open,0.02,25.0,0.0005,0.0425,0.014479,147.46,0.015,0.0,ETH-3APR20-170-C,123.66,141.77,0.0125,301.0,0.0165,150.0,152.93,0.0442,-0.29967,0.00412,0.00664,0.12691
122.75,ETH-25SEP20,1584961142712,open,0.02,202.0,0.002,0.0365,0.019348,132.13,0.0285,0.0,ETH-25SEP20-800-C,123.66,128.82,0.0165,150.0,0.0225,150.0,135.47,0.11067,-0.03934,0.02835,0.00109,0.0647
122.41,ETH-26JUN20,1584961142716,open,4.2,0.0,3.933,4.568,4.234236,141.67,None,0.0,ETH-26JUN20-640-P,123.66,0.0,3.7745,10.0,4.7745,10.0,473.43,0.03875,-0.02893,-1.6569,0.0007,-0.97313
122.75,ETH-25SEP20,1584961142716,open,0.02,523.0,0.003,0.0445,0.023334,130.88,0.022,0.0,ETH-25SEP20-720-C,123.66,127.49,0.02,450.0,0.027,150.0,134.29,0.12621,-0.04443,0.0334,0.00126,0.07676
122.41,ETH-26JUN20,1584961142716,open,0.01,2129.0,0.0005,0.023,0.008307,139.23,0.009,0.0,ETH-26JUN20-560-C,123.66,134.49,0.0065,325.0,0.009,300.0,140.87,0.05042,-0.037,0.00912,0.00093,0.03696
123.15,ETH-27MAR20,1584961142718,open,0.0,5012.0,0.0005,0.0155,0.000233,229.58,0.0005,0.0,ETH-27MAR20-240-C,123.66,0.0,0.0,0.0,0.0005,400.0,247.95,0.00131,-0.02873,4e-05,0.00036,0.00344
122.41,ETH-26JUN20,1584961142718,open,0.02,1827.0,0.0015,0.033,0.018203,139.23,0.0235,0.0,ETH-26JUN20-440-C,123.66,136.78,0.0165,100.0,0.02,175.0,141.68,0.08734,-0.06409,0.01772,0.00161,0.07389
123.15,ETH-27MAR20,1584961142718,open,0.0,12974.0,0.0005,0.0155,0.0,230.76,0.0005,0.0,ETH-27MAR20-600-C,123.66,0.0,0.0,0.0,0.0005,343.0,500.0,0.0,0.0,0.0,0.0,0.0
123.15,ETH-27MAR20,1584961142723,open,0.0,11029.0,0.0005,0.0155,2e-06,230.34,0.0005,0.0,ETH-27MAR20-320-C,123.66,0.0,0.0,0.0,0.0005,923.0,337.19,2e-05,-0.0003,0.0,1e-05,5e-05
123.15,ETH-27MAR20,1584961142727,open,0.3,3242.0,0.226,0.3845,0.306223,176.79,0.29,0.0,ETH-27MAR20-160-P,123.66,0.0,0.299,49.0,0.355,10.0,350.22,0.02047,-0.46679,-0.01591,0.00719,-0.91083
5827.55,BTC-26JUN20,1584961142827,open,4.51,3.0,4.181,4.8535,4.49602418,141.36,6.119,0.0,BTC-26JUN20-32000-P,5879.77,0.0,0.0005,1.0,0.0,0.0,0.0,1.59537,-1.18854,-82.91001,1e-05,-0.9774
5827.55,BTC-26JUN20,1584961142827,open,4.16,5.5,3.8575,4.4895,4.15325614,138.66,5.702,0.0,BTC-26JUN20-30000-P,5879.77,0.0,0.0005,1.0,0.0,0.0,0.0,1.72127,-1.2578,-77.68549,1e-05,-0.97526
5861.18,SYN.BTC-3APR20,1584961142825,open,0.04,22.1,0.0075,0.084,0.04029641,151.97,0.0385,0.0,BTC-3APR20-5000-P,5879.77,147.57,0.038,58.5,0.0425,23.5,156.15,3.07642,-21.4939,-0.47306,0.0002,-0.23058
5852.56,BTC-25SEP20,1584961142846,open,0.07,5.4,0.0295,0.103,0.0655812,115.04,0.059,0.0,BTC-25SEP20-3000-P,5879.77,113.86,0.064,8.0,0.0675,8.0,116.47,7.87298,-2.43639,-5.24451,4e-05,-0.11038
5852.74,SYN.BTC-24APR20,1584961142847,open,0.73,14.5,0.62,0.8465,0.72846097,132.5,0.9535,0.0,BTC-24APR20-10000-P,5879.77,87.77,0.711,5.0,1.483,1.0,500.0,3.47087,-7.21376,-8.21845,9e-05,-0.87946
5852.74,SYN.BTC-24APR20,1584961142853,open,0.42,486.0,0.32,0.512,0.41496609,125.78,0.6628,0.0,BTC-24APR20-8000-P,5879.77,46.35,0.3675,2.0,1.138,1.0,500.0,5.56801,-10.98548,-5.9225,0.00015,-0.74376
122.41,ETH-26JUN20,1584961142867,open,0.21,481.0,0.1265,0.264,0.212737,130.4,0.214,0.0,ETH-26JUN20-140-C,123.66,124.34,0.2005,295.0,0.218,295.0,133.01,0.24687,-0.16965,0.10791,0.00486,0.55189
123.15,ETH-27MAR20,1584961142876,open,0.0,4915.0,0.0005,0.0165,0.001634,212.89,0.0015,0.0,ETH-27MAR20-80-P,123.66,197.48,0.001,514.0,0.0045,310.0,255.82,0.00587,-0.16115,-0.00027,0.00171,-0.01894
5852.74,SYN.BTC-24APR20,1584961142880,open,0.03,776.6,0.006,0.0615,0.02987212,128.48,0.028,0.0,BTC-24APR20-9000-C,5879.77,125.97,0.028,45.4,0.032,41.0,131.26,4.42103,-8.90952,0.73001,0.00012,0.1727
5852.56,BTC-25SEP20,1584961142882,open,0.21,331.1,0.1325,0.2815,0.20998712,107.65,0.22,0.0,BTC-25SEP20-5000-P,5879.77,106.19,0.2065,14.4,0.2135,6.0,109.12,14.00796,-4.05637,-14.54143,7e-05,-0.27791
5852.74,SYN.BTC-24APR20,1584961142886,open,0.12,125.6,0.0595,0.1795,0.1191584,129.71,0.1265,0.0,BTC-24APR20-5500-P,5879.77,127.29,0.1165,25.4,0.1215,8.0,131.8,6.48138,-13.18724,-2.4581,0.00017,-0.36174
5852.56,BTC-25SEP20,1584961142888,open,0.1,549.2,0.0425,0.1545,0.10017923,108.13,0.099,0.0,BTC-25SEP20-12000-C,5879.77,107.03,0.0975,8.0,0.103,3.5,109.27,14.36437,-4.17806,5.74602,8e-05,0.29297
5852.74,SYN.BTC-24APR20,1584961142889,open,0.12,125.6,0.0595,0.1795,0.1191584,129.71,0.1265,0.0,BTC-24APR20-5500-P,5879.77,127.29,0.1165,31.4,0.1215,8.0,131.8,6.48138,-13.18724,-2.4581,0.00017,-0.36174
5863.9,BTC-27MAR20,1584961142894,open,0.1,456.2,0.034,0.1505,0.09730271,154.24,0.1035,0.0,BTC-27MAR20-5500-C,5879.77,146.53,0.0945,8.0,0.1005,15.7,162.92,2.14566,-42.69623,0.36611,0.00038,0.68529
5852.56,BTC-25SEP20,1584961142896,open,0.29,187.4,0.206,0.349,0.28774922,106.65,0.289,0.0,BTC-25SEP20-6000-C,5879.77,104.51,0.282,16.0,0.2925,16.7,108.43,15.68374,-4.49924,10.38028,8e-05,0.63602
5852.56,BTC-25SEP20,1584961142897,open,0.24,131.7,0.1545,0.2985,0.23570644,106.54,0.24,0.0,BTC-25SEP20-7000-C,5879.77,104.7,0.2305,18.0,0.241,25.2,108.43,16.48828,-4.72549,9.59168,9e-05,0.55752
5861.18,SYN.BTC-3APR20,1584961142901,open,0.03,65.5,0.003,0.0635,0.02774194,139.72,0.036,0.0,BTC-3APR20-7250-C,5879.77,136.33,0.026,30.0,0.0295,36.4,143.12,3.02121,-19.40651,0.34153,0.00021,0.22329
5863.9,BTC-27MAR20,1584961142906,open,0.01,694.4,0.0005,0.0305,0.00682606,167.99,0.006,0.0,BTC-27MAR20-7500-C,5879.77,159.71,0.0055,120.0,0.0085,82.2,177.4,0.98876,-21.42859,0.05237,0.00016,0.09093
5863.9,BTC-27MAR20,1584961142910,open,0.1,456.2,0.034,0.1505,0.09730271,154.24,0.1035,0.0,BTC-27MAR20-5500-C,5879.77,145.15,0.094,24.7,0.1005,15.7,162.92,2.14566,-42.69623,0.36611,0.00038,0.68529
5852.74,SYN.BTC-24APR20,1584961142911,open,0.16,399.3,0.0925,0.2315,0.16237913,125.96,0.166,0.0,BTC-24APR20-6000-P,5879.77,124.32,0.1605,18.2,0.1675,8.0,130.31,6.85107,-13.53653,-3.14296,0.00018,-0.45249
5861.18,SYN.BTC-3APR20,1584961142915,open,0.03,65.5,0.003,0.0635,0.02774194,139.72,0.036,0.0,BTC-3APR20-7250-C,5879.77,136.33,0.026,40.5,0.0295,36.4,143.12,3.02121,-19.40651,0.34153,0.00021,0.22329
122.75,ETH-25SEP20,1584961142923,open,0.35,465.0,0.261,0.4125,0.346038,122.72,0.3405,0.0,ETH-25SEP20-120-C,123.66,119.39,0.3375,1.0,0.378,39.0,135.35,0.31383,-0.1036,0.20788,0.00333,0.67859
122.41,ETH-26JUN20,1584961142926,open,0.08,1006.0,0.0225,0.112,0.075691,132.0,0.079,0.0,ETH-26JUN20-240-C,123.66,129.1,0.071,468.0,0.08,302.0,134.62,0.19973,-0.13895,0.05654,0.00388,0.25338
5863.9,BTC-27MAR20,1584961143004,open,0.02,618.4,0.0005,0.0605,0.0223296,143.46,0.02,0.0,BTC-27MAR20-6500-C,5879.77,142.49,0.022,9.0,0.023,24.0,145.43,1.98571,-36.7517,0.15218,0.00038,0.26673
123.54,SYN.ETH-24MAR20,1584961143024,open,0.01,289.0,0.0005,0.035,0.00824,166.74,0.01,0.0,ETH-24MAR20-115-P,123.66,160.88,0.0075,289.0,0.0145,289.0,211.72,0.01583,-1.01796,-0.00056,0.02593,-0.1792
123.09,SYN.ETH-3APR20,1584961143030,open,0.55,0.0,0.458,0.6565,0.551434,157.62,None,0.0,ETH-3APR20-190-P,123.66,0.0,0.0,0.0,0.0,0.0,0.0,0.02922,-0.21176,-0.05425,0.00411,-0.92777
123.09,SYN.ETH-3APR20,1584961143030,open,0.01,9.0,0.0005,0.029,0.007887,157.62,0.013,0.0,ETH-3APR20-190-C,123.66,149.08,0.006,450.0,0.01,470.0,165.97,0.02922,-0.21176,0.00236,0.00411,0.07223
5852.56,BTC-25SEP20,1584961143032,open,0.36,63.4,0.2775,0.4135,0.35564904,107.63,0.3795,0.0,BTC-25SEP20-5000-C,5879.77,105.08,0.3495,25.4,0.3615,23.4,110.09,14.00828,-4.0556,10.92225,7e-05,0.72207
122.92,SYN.ETH-24APR20,1584961143032,open,0.07,1779.0,0.03,0.106,0.06876,135.06,0.07,0.0,ETH-24APR20-160-C,123.66,130.06,0.0635,473.0,0.071,433.0,137.16,0.13031,-0.27607,0.02723,0.00731,0.32242
122.92,SYN.ETH-24APR20,1584961143034,open,0.65,1276.0,0.5905,0.7205,0.655354,136.82,0.5965,0.0,ETH-24APR20-200-P,123.66,119.19,0.644,68.0,0.686,68.0,173.74,0.08774,-0.18831,-0.16071,0.00486,-0.84177
122.92,SYN.ETH-24APR20,1584961143034,open,1.28,8.0,1.2125,1.359,1.284773,145.96,1.2975,0.0,ETH-24APR20-280-P,123.66,0.0,0.8025,12.0,1.803,12.0,500.0,0.03458,-0.07917,-0.24041,0.0018,-0.95476
122.92,SYN.ETH-24APR20,1584961143034,open,0.01,2433.0,0.0005,0.0215,0.006912,145.96,0.0085,0.0,ETH-24APR20-280-C,123.66,140.59,0.0055,497.0,0.0085,149.0,151.26,0.03458,-0.07917,0.00411,0.0018,0.04524
122.92,SYN.ETH-24APR20,1584961143034,open,1.6,0.0,1.528,1.689,1.607989,154.47,None,0.0,ETH-24APR20-320-P,123.66,0.0,1.1275,12.0,2.128,12.0,500.0,0.02533,-0.06138,-0.27665,0.00124,-0.9691
122.92,SYN.ETH-24APR20,1584961143034,open,0.0,3908.0,0.0005,0.0165,0.001649,159.51,0.0015,0.0,ETH-24APR20-400-C,123.66,140.88,0.0005,370.0,0.004,353.0,178.09,0.01109,-0.02774,0.00108,0.00053,0.01168
122.92,SYN.ETH-24APR20,1584961143037,open,2.57,0.0,2.4755,2.691,2.581128,169.82,None,0.0,ETH-24APR20-440-P,123.66,0.0,2.1085,12.0,3.1085,12.0,500.0,0.01053,-0.02804,-0.38325,0.00047,-0.98899
122.92,SYN.ETH-24APR20,1584961143037,open,0.0,3046.0,0.0005,0.0195,0.004719,154.47,0.005,0.0,ETH-24APR20-320-C,123.66,150.79,0.004,1.0,0.0055,300.0,158.08,0.02533,-0.06138,0.00281,0.00124,0.0309
123.54,SYN.ETH-24MAR20,1584961143037,open,0.01,359.0,0.0005,0.0195,0.004542,190.97,0.005,0.0,ETH-24MAR20-110-P,123.66,190.48,0.0045,300.0,0.0105,354.0,249.15,0.01053,-0.56118,-0.00031,0.01506,-0.09884
122.92,SYN.ETH-24APR20,1584961143037,open,2.24,0.0,2.1595,2.356,2.255737,159.51,None,0.0,ETH-24APR20-400-P,123.66,0.0,1.781,12.0,2.7815,12.0,500.0,0.01109,-0.02774,-0.34825,0.00053,-0.98832
122.92,SYN.ETH-24APR20,1584961143037,open,0.37,2158.0,0.3055,0.4315,0.370395,135.06,0.218,0.0,ETH-24APR20-160-P,123.66,125.58,0.3605,71.0,0.392,65.0,154.93,0.13031,-0.27607,-0.1125,0.00731,-0.67758
122.92,SYN.ETH-24APR20,1584961143037,open,0.0,3905.0,0.0005,0.0165,0.001631,169.82,0.005,0.0,ETH-24APR20-440-C,123.66,161.11,0.001,50.0,0.0025,310.0,178.48,0.01053,-0.02804,0.00101,0.00047,0.01101
122.92,SYN.ETH-24APR20,1584961143037,open,0.0,12948.0,0.0005,0.017,0.002474,155.16,0.0045,0.0,ETH-24APR20-360-C,123.66,139.6,0.001,288.0,0.005,440.0,170.67,0.01551,-0.03774,0.00159,0.00076,0.01725
122.92,SYN.ETH-24APR20,1584961143037,open,1.92,0.0,1.844,2.022,1.931153,155.16,None,0.0,ETH-24APR20-360-P,123.66,0.0,1.454,12.0,2.4545,12.0,500.0,0.01551,-0.03774,-0.3128,0.00076,-0.98275
123.09,SYN.ETH-3APR20,1584961143072,open,0.0,300.0,0.0005,0.019,0.004033,162.9,0.005,0.0,ETH-3APR20-210-C,123.66,150.88,0.0025,514.0,0.006,461.0,174.76,0.01804,-0.13514,0.00129,0.00245,0.03929
123.09,SYN.ETH-3APR20,1584961143072,open,0.7,0.0,0.61,0.824,0.710059,162.9,None,0.0,ETH-3APR20-210-P,123.66,0.0,0.0,0.0,0.0,0.0,0.0,0.01804,-0.13514,-0.06128,0.00245,-0.96071
123.09,SYN.ETH-3APR20,1584961143092,open,0.47,1.0,0.382,0.5725,0.472281,150.56,0.4035,0.0,ETH-3APR20-180-P,123.66,0.0,0.0005,20.0,0.0,0.0,0.0,0.0349,-0.24155,-0.05065,0.00513,-0.90862
123.09,SYN.ETH-3APR20,1584961143092,open,0.01,80.0,0.0005,0.0335,0.009973,150.56,0.01,0.0,ETH-3APR20-180-C,123.66,145.16,0.0085,479.0,0.0115,150.0,155.76,0.0349,-0.24155,0.00299,0.00513,0.09138
122.92,SYN.ETH-24APR20,1584961143176,open,0.03,2697.0,0.0055,0.0495,0.028721,145.82,0.0275,0.0,ETH-24APR20-80-P,123.66,141.85,0.0265,446.0,0.031,171.0,149.81,0.06951,-0.159,-0.01518,0.00361,-0.11272
122.75,ETH-25SEP20,1584961143190,open,5.81,0.0,5.4585,6.306,5.860416,132.13,None,0.0,ETH-25SEP20-840-P,123.66,0.0,0.0,0.0,0.0,0.0,0.0,0.10218,-0.03632,-4.25195,0.00101,-0.94159
122.41,ETH-26JUN20,1584961143208,open,0.09,1291.0,0.031,0.1315,0.091577,131.6,0.093,0.0,ETH-26JUN20-220-C,123.66,128.4,0.086,464.0,0.0955,298.0,133.81,0.21539,-0.14938,0.06478,0.0042,0.29517
123.15,ETH-27MAR20,1584961143208,open,0.04,295.0,0.0015,0.072,0.03787,146.29,0.0395,0.0,ETH-27MAR20-130-C,123.66,137.72,0.0345,473.0,0.041,5.0,154.19,0.04863,-0.91774,0.00458,0.02064,0.38831
122.41,ETH-26JUN20,1584961143210,open,0.01,5549.0,0.0005,0.0205,0.005905,141.67,0.007,0.0,ETH-26JUN20-640-C,123.66,136.82,0.0045,4.0,0.0075,161.0,146.32,0.03875,-0.02893,0.00667,0.0007,0.02687
122.41,ETH-26JUN20,1584961143210,open,0.03,5450.0,0.002,0.038,0.023073,137.91,0.028,0.0,ETH-26JUN20-400-C,123.66,134.74,0.0205,325.0,0.025,174.0,140.16,0.10248,-0.07448,0.02173,0.00191,0.09135
122.41,ETH-26JUN20,1584961143210,open,0.11,2179.0,0.044,0.1555,0.111766,131.26,0.111,0.0,ETH-26JUN20-200-C,123.66,127.9,0.1055,460.0,0.115,293.0,132.97,0.22992,-0.15904,0.07419,0.0045,0.34493
123.15,ETH-27MAR20,1584961143212,open,0.02,2029.0,0.0005,0.046,0.024731,166.27,0.031,0.0,ETH-27MAR20-110-P,123.66,157.4,0.022,1108.0,0.0275,673.0,175.06,0.03836,-0.82292,-0.00331,0.01433,-0.22821
123.15,ETH-27MAR20,1584961143212,open,0.02,1929.0,0.0005,0.042,0.019218,151.47,0.0215,0.0,ETH-27MAR20-140-C,123.66,140.88,0.016,492.0,0.0225,292.0,161.77,0.0384,-0.75031,0.00274,0.01574,0.22856
122.41,ETH-26JUN20,1584961143212,open,0.01,4001.0,0.0005,0.022,0.007401,141.67,0.008,0.0,ETH-26JUN20-600-C,123.66,137.67,0.006,1650.0,0.009,165.0,145.67,0.04585,-0.03424,0.00812,0.00083,0.03292
122.41,ETH-26JUN20,1584961143259,open,0.24,382.0,0.155,0.319,0.253115,133.02,0.265,0.0,ETH-26JUN20-120-P,123.66,129.55,0.2465,155.0,0.2595,236.0,136.39,0.23264,-0.16309,-0.1939,0.00449,-0.35628
122.75,ETH-25SEP20,1584961143273,open,2.93,0.0,2.707,3.233,2.960768,128.28,None,0.0,ETH-25SEP20-480-P,123.66,0.0,0.0,0.0,0.0,0.0,0.0,0.20521,-0.07081,-2.38145,0.00208,-0.84893
123.15,ETH-27MAR20,1584961143339,open,0.08,427.0,0.014,0.115,0.076746,155.74,0.0775,0.0,ETH-27MAR20-120-C,123.66,138.82,0.07,294.0,0.081,244.0,166.39,0.04917,-0.9879,0.00678,0.0196,0.59549
5864.09,BTC-27MAR20,1584961143425,open,0.02,1306.3,0.0005,0.053,0.017981,178.13,0.0185,0.0,BTC-27MAR20-5000-P,5879.77,176.26,0.0175,37.7,0.0185,20.0,180.12,1.52027,-34.93684,-0.1161,0.00023,-0.16847
123.15,ETH-27MAR20,1584961143434,open,3.86,0.0,3.597,4.183,3.872107,230.76,None,0.0,ETH-27MAR20-600-P,123.66,0.0,0.03,50.0,0.0,0.0,0.0,0.0,0.0,-0.06371,0.0,-1.0
122.75,ETH-25SEP20,1584961143434,open,0.09,1009.0,0.029,0.135,0.083703,127.12,0.1,0.0,ETH-25SEP20-360-C,123.66,126.1,0.0815,1.0,0.086,349.0,128.17,0.26722,-0.09137,0.09265,0.00274,0.23191
122.75,ETH-25SEP20,1584961143436,open,0.05,498.0,0.007,0.0665,0.046465,130.64,0.045,0.0,ETH-25SEP20-520-C,123.66,129.71,0.045,300.0,0.048,450.0,131.6,0.19452,-0.06836,0.05817,0.00194,0.13952
5852.74,SYN.BTC-24APR20,1584961143456,open,0.02,968.0,0.003,0.0455,0.01975829,132.32,0.0195,0.0,BTC-24APR20-10000-C,5879.77,130.17,0.0185,43.0,0.021,14.0,134.4,3.46231,-7.18628,0.513,9e-05,0.12012
122.75,ETH-25SEP20,1584961143581,open,5.49,0.0,5.1515,5.962,5.53666,132.13,None,0.0,ETH-25SEP20-800-P,123.66,0.0,0.0,0.0,0.0,0.0,0.0,0.11067,-0.03934,-4.04564,0.00109,-0.9353
122.41,ETH-26JUN20,1584961143581,open,0.15,990.0,0.083,0.211,0.161494,134.03,0.1545,0.0,ETH-26JUN20-100-P,123.66,131.32,0.157,150.0,0.166,286.0,136.74,0.20318,-0.14352,-0.13471,0.00389,-0.26187
123.15,ETH-27MAR20,1584961143581,open,0.0,4351.0,0.0005,0.016,0.001084,207.34,0.001,0.0,ETH-27MAR20-200-C,123.66,188.52,0.0005,1179.0,0.002,299.0,225.91,0.00488,-0.13059,0.00019,0.00146,0.01528
122.75,ETH-25SEP20,1584961143581,open,0.02,3.0,0.002,0.033,0.017239,132.13,0.0155,0.0,ETH-25SEP20-840-C,123.66,127.99,0.014,150.0,0.0205,150.0,135.84,0.10218,-0.03632,0.02574,0.00101,0.05842
122.75,ETH-25SEP20,1584961143581,open,0.02,329.0,0.0025,0.04,0.021089,131.4,0.021,0.0,ETH-25SEP20-760-C,123.66,128.03,0.018,150.0,0.0245,150.0,134.81,0.11768,-0.0416,0.03061,0.00117,0.07005
123.15,ETH-27MAR20,1584961143581,open,0.05,1820.0,0.004,0.091,0.051169,155.75,0.0485,0.0,ETH-27MAR20-120-P,123.66,144.04,0.0465,454.0,0.056,404.0,167.84,0.04917,-0.98793,-0.00596,0.0196,-0.40451
122.92,SYN.ETH-24APR20,1584961143579,open,1.12,2.0,1.055,1.1955,1.125143,145.1,1.136,0.0,ETH-24APR20-260-P,123.66,0.0,0.6415,12.0,1.6415,12.0,500.0,0.04478,-0.10191,-0.2214,0.00234,-0.93732
123.09,SYN.ETH-3APR20,1584961143579,open,0.01,1549.0,0.0005,0.0225,0.005395,159.16,0.007,0.0,ETH-3APR20-200-C,123.66,150.85,0.004,400.0,0.007,150.0,167.3,0.02248,-0.16449,0.0017,0.00313,0.05162
123.09,SYN.ETH-3APR20,1584961143579,open,0.63,0.0,0.534,0.7395,0.630182,159.16,None,0.0,ETH-3APR20-200-P,123.66,0.0,0.0,0.0,0.0,0.0,0.0,0.02248,-0.16449,-0.0579,0.00313,-0.94838
122.92,SYN.ETH-24APR20,1584961143579,open,0.01,4050.0,0.0005,0.0245,0.009985,145.1,0.0125,0.0,ETH-24APR20-260-C,123.66,142.32,0.009,19.0,0.011,150.0,147.81,0.04478,-0.10191,0.00566,0.00234,0.06268
122.92,SYN.ETH-24APR20,1584961143579,open,1.44,0.0,1.37,1.5235,1.445427,146.87,None,0.0,ETH-24APR20-300-P,123.66,0.0,0.965,12.0,1.9655,12.0,500.0,0.02673,-0.06158,-0.25897,0.00138,-0.96702
122.75,ETH-25SEP20,1584961143581,open,0.49,19.0,0.417,0.5395,0.485838,123.79,0.481,0.0,ETH-25SEP20-80-C,123.66,120.1,0.479,1.0,0.6415,1.0,210.81,0.22754,-0.07577,0.21067,0.0024,0.82286
123.15,ETH-27MAR20,1584961143582,open,0.0,2193.0,0.0005,0.0155,0.0,230.71,0.0015,0.0,ETH-27MAR20-560-C,123.66,0.0,0.0,0.0,0.0015,369.0,500.0,0.0,0.0,0.0,0.0,0.0
122.41,ETH-26JUN20,1584961143586,open,0.43,0.0,0.361,0.471,0.434005,134.44,None,0.0,ETH-26JUN20-80-C,123.66,0.0,0.02,1.0,0.0,0.0,0.0,0.15656,-0.11092,0.12673,0.00299,0.83229
122.41,ETH-26JUN20,1584961143589,open,0.08,3500.0,0.0345,0.121,0.087546,134.44,0.0855,0.0,ETH-26JUN20-80-P,123.66,128.11,0.0795,283.0,0.0935,308.0,139.08,0.15656,-0.11092,-0.08122,0.00299,-0.16771
122.41,ETH-26JUN20,1584961143593,open,4.53,0.0,4.241,4.9145,4.559944,142.03,None,0.0,ETH-26JUN20-680-P,123.66,0.0,4.1025,10.0,5.103,10.0,479.6,0.03329,-0.02492,-1.76195,0.0006,-0.97757
122.41,ETH-26JUN20,1584961143700,open,0.34,5.0,0.257,0.387,0.344567,134.03,0.337,0.0,ETH-26JUN20-100-C,123.66,107.48,0.3005,60.0,0.3755,60.0,152.72,0.20318,-0.14352,0.12522,0.00389,0.73813
122.75,ETH-25SEP20,1584961143700,open,0.3,436.0,0.209,0.3655,0.296048,122.79,0.29,0.0,ETH-25SEP20-140-C,123.66,111.69,0.2655,40.0,0.317,40.0,130.5,0.33526,-0.11073,0.19834,0.00356,0.61335
122.75,ETH-25SEP20,1584961143700,open,0.42,61.0,0.329,0.4695,0.408224,122.98,0.404,0.0,ETH-25SEP20-100-C,123.66,119.14,0.3995,1.0,0.45,39.0,141.59,0.27876,-0.09221,0.21322,0.00295,0.74932
122.41,ETH-26JUN20,1584961143700,open,0.35,525.0,0.247,0.441,0.356366,130.36,0.3,0.0,ETH-26JUN20-140-P,123.66,127.7,0.351,175.0,0.3685,300.0,136.39,0.24687,-0.16961,-0.25599,0.00486,-0.44816
122.75,ETH-25SEP20,1584961143700,open,0.59,6.0,0.529,0.624,0.583075,126.12,0.574,0.0,ETH-25SEP20-60-C,123.66,0.0,0.05,1.0,0.0,0.0,0.0,0.16093,-0.0546,0.19404,0.00166,0.89349
123.15,ETH-27MAR20,1584961143702,open,0.43,75.0,0.3955,0.4635,0.432085,229.4,0.465,0.0,ETH-27MAR20-70-C,123.66,0.0,0.2295,50.0,0.83,50.0,500.0,0.00218,-0.06454,0.00735,0.00059,0.99393
123.15,ETH-27MAR20,1584961143702,open,2.24,4.0,2.0645,2.455,2.248071,230.57,1.862,0.0,ETH-27MAR20-400-P,123.66,0.0,1.863,12.0,3.0635,12.0,500.0,0.0,-1e-05,-0.04247,0.0,-1.0
123.15,ETH-27MAR20,1584961143702,open,0.13,116.0,0.059,0.1715,0.131511,166.27,0.1215,0.0,ETH-27MAR20-110-C,123.66,141.23,0.124,60.0,0.1385,60.0,188.15,0.03836,-0.82292,0.00837,0.01433,0.77179
123.15,ETH-27MAR20,1584961143704,open,0.0,13078.0,0.0005,0.0155,2.4e-05,230.04,0.0005,0.0,ETH-27MAR20-280-C,123.66,0.0,0.0,0.0,0.0005,400.0,296.36,0.00019,-0.00294,1e-05,5e-05,0.00041
122.75,ETH-25SEP20,1584961143704,open,0.2,580.0,0.1115,0.263,0.192634,122.92,0.19,0.0,ETH-25SEP20-200-C,123.66,119.86,0.184,426.0,0.2005,280.0,125.7,0.34704,-0.11475,0.1628,0.00368,0.45307
123.15,ETH-27MAR20,1584961143710,open,0.0,3779.0,0.0005,0.0155,0.0,230.63,0.01,0.0,ETH-27MAR20-480-C,123.66,0.0,0.0,0.0,0.0015,369.0,500.0,0.0,0.0,0.0,0.0,0.0
123.15,ETH-27MAR20,1584961143713,open,4.18,0.0,3.903,4.5285,4.196914,230.8,None,0.0,ETH-27MAR20-640-P,123.66,0.0,0.01,50.0,0.0,0.0,0.0,0.0,0.0,-0.06796,0.0,-1.0
123.15,ETH-27MAR20,1584961143768,open,0.0,3356.0,0.0005,0.0155,0.0,230.6,0.003,0.0,ETH-27MAR20-440-C,123.66,0.0,0.0,0.0,0.0005,283.0,431.13,0.0,0.0,0.0,0.0,0.0
122.41,ETH-26JUN20,1584961143783,open,0.47,169.0,0.3555,0.5745,0.478032,130.93,0.4855,0.0,ETH-26JUN20-160-P,123.66,121.78,0.4595,70.0,0.4955,60.0,139.53,0.24841,-0.17141,-0.31974,0.00487,-0.52687
122.41,ETH-26JUN20,1584961143783,open,0.27,583.0,0.181,0.319,0.2728,133.02,0.29,0.0,ETH-26JUN20-120-C,123.66,107.86,0.2245,61.0,0.292,61.0,143.17,0.23264,-0.16309,0.11802,0.00449,0.64372
123.15,ETH-27MAR20,1584961143785,open,0.09,1048.0,0.026,0.1515,0.093491,146.28,0.101,0.0,ETH-27MAR20-130-P,123.66,131.0,0.0875,207.0,0.1025,180.0,168.91,0.04863,-0.91769,-0.00922,0.02064,-0.6117
122.75,ETH-25SEP20,1584961143788,open,0.16,482.0,0.076,0.2165,0.148788,123.05,0.1475,0.0,ETH-25SEP20-240-C,123.66,120.53,0.142,435.0,0.1555,285.0,125.53,0.33154,-0.10974,0.14002,0.00351,0.37278
122.75,ETH-25SEP20,1584961143799,open,3.25,0.0,3.0075,3.5605,3.282717,130.64,None,0.0,ETH-25SEP20-520-P,123.66,0.0,0.0,0.0,0.0,0.0,0.0,0.19452,-0.06836,-2.58992,0.00194,-0.86048
5852.48,BTC-25SEP20,1584961143832,open,0.5,0.0,0.4335,0.5425,0.4956754,112.45,None,0.0,BTC-25SEP20-3500-C,5879.7,0.0,0.06,2.0,0.0,0.0,0.0,9.68277,-2.92903,10.5979,5e-05,0.85127
5827.52,BTC-26JUN20,1584961143831,open,0.34,0.0,0.275,0.3985,0.34520099,120.21,0.342,0.0,BTC-26JUN20-4500-C,5879.7,95.37,0.307,15.5,0.3735,15.5,138.27,9.09206,-5.75977,6.38577,9e-05,0.76677
5827.52,BTC-26JUN20,1584961143832,open,0.12,185.6,0.0605,0.1735,0.11740656,120.21,0.109,0.0,BTC-26JUN20-4500-P,5879.7,118.99,0.1155,5.4,0.119,24.8,121.23,9.09209,-5.76002,-5.31137,9e-05,-0.23323
5827.45,BTC-26JUN20,1584961143832,open,2.45,0.1,2.2415,2.6775,2.44620939,129.63,1.85,0.0,BTC-26JUN20-20000-P,5879.7,0.0,0.0005,1.0,0.0,0.0,0.0,3.64711,-2.49164,-51.25696,3e-05,-0.93765
5863.99,BTC-27MAR20,1584961143833,open,1.39,69.5,1.2525,1.5395,1.38745759,219.09,2.8715,0.0,BTC-27MAR20-14000-P,5879.7,0.0,0.941,2.5,1.8415,2.5,500.0,0.0022,-0.06213,-1.48651,0.0,-0.99991
5827.45,BTC-26JUN20,1584961143833,open,0.01,1087.3,0.0005,0.029,0.01067505,130.64,0.0115,0.0,BTC-26JUN20-22000-C,5879.7,127.19,0.009,12.3,0.0125,30.0,134.04,2.98098,-2.05235,0.57001,3e-05,0.04831
5863.92,BTC-27MAR20,1584961143834,open,3.78,0.0,3.5045,4.0795,3.7748244,0.0,None,0.0,BTC-27MAR20-28000-P,5879.7,0.0,0.0,0.0,0.0,0.0,0.0,0.0,0.0,-2.97314,0.0,-1.0
5863.92,BTC-27MAR20,1584961143833,open,4.12,0.0,3.8265,4.442,4.11588328,0.0,None,0.0,BTC-27MAR20-30000-P,5879.7,0.0,0.0,0.0,0.0,0.0,0.0,0.0,0.0,-3.1855,0.0,-1.0
5863.92,BTC-27MAR20,1584961143834,open,0.05,897.4,0.0055,0.0945,0.04724525,139.87,0.044,0.0,BTC-27MAR20-6000-C,5879.7,138.05,0.0465,15.0,0.048,0.1,141.71,2.40148,-43.33262,0.2603,0.00047,0.46529
5852.48,BTC-25SEP20,1584961143834,open,4.48,1.0,4.162,4.8475,4.48368133,119.28,7.779,0.0,BTC-25SEP20-32000-P,5879.7,0.0,0.0,0.0,0.0,0.0,0.0,4.85576,-1.55798,-161.70008,2e-05,-0.94183
5863.92,BTC-27MAR20,1584961143834,open,0.88,251.7,0.77,0.9955,0.87673149,250.48,1.07,0.0,BTC-27MAR20-11000-P,5879.7,0.0,0.5635,5.0,1.1045,4.9,500.0,0.16797,-5.42787,-1.16201,2e-05,-0.98951
5863.92,BTC-27MAR20,1584961143835,open,0.0,1416.3,0.0005,0.0155,0.0001231,253.26,0.0005,0.0,BTC-27MAR20-13000-C,5879.7,0.0,0.0,0.0,0.001,25.0,311.24,0.03392,-0.72186,0.00101,0.0,0.00175
5827.45,BTC-26JUN20,1584961143835,open,0.01,1111.8,0.0005,0.022,0.00718855,134.66,0.008,0.0,BTC-26JUN20-26000-C,5879.7,131.33,0.006,11.0,0.0085,62.0,137.95,2.20103,-1.56202,0.3948,2e-05,0.03325
5827.45,BTC-26JUN20,1584961143835,open,1.44,12.5,1.279,1.604,1.43437786,120.61,1.427,0.0,BTC-26JUN20-14000-P,5879.7,0.0,0.0,0.0,0.0,0.0,0.0,6.3457,-4.03362,-34.87801,6e-05,-0.86818
5863.92,BTC-27MAR20,1584961143835,open,1.56,2.0,1.413,1.7205,1.55795846,0.0,0.4565,0.0,BTC-27MAR20-15000-P,5879.7,0.0,1.1115,2.5,2.012,2.5,500.0,0.0,0.0,-1.59275,0.0,-1.0
5852.48,BTC-25SEP20,1584961143835,open,5.16,0.5,4.8055,5.57,5.16389118,120.9,5.18,0.0,BTC-25SEP20-36000-P,5879.7,0.0,0.0,0.0,0.0,0.0,0.0,4.102,-1.33401,-182.30469,2e-05,-0.95296
5852.48,BTC-25SEP20,1584961143835,open,3.81,0.0,3.519,4.127,3.80473743,117.3,None,0.0,BTC-25SEP20-28000-P,5879.7,0.0,0.0,0.0,0.0,0.0,0.0,5.81024,-1.83328,-141.01373,3e-05,-0.92668
5863.92,BTC-27MAR20,1584961143837,open,0.0,522.4,0.0005,0.0155,0.0,254.22,0.0005,0.0,BTC-27MAR20-26000-C,5879.7,0.0,0.0,0.0,0.001,42.0,500.0,0.0,0.0,0.0,0.0,0.0
5863.92,BTC-27MAR20,1584961143838,open,2.76,5.6,2.5395,2.991,2.75164776,0.0,2.888,0.0,BTC-27MAR20-22000-P,5879.7,0.0,2.307,2.5,3.2075,2.5,500.0,0.0,0.0,-2.33604,0.0,-1.0
5863.92,BTC-27MAR20,1584961143847,open,0.0,925.1,0.0005,0.0155,1.3e-07,254.1,0.001,0.0,BTC-27MAR20-20000-C,5879.7,0.0,0.0,0.0,0.0005,6.0,417.7,8e-05,-0.00077,0.0,0.0,0.0
5863.92,BTC-27MAR20,1584961143864,open,0.29,1072.1,0.2075,0.3725,0.28579961,167.79,0.25,0.0,BTC-27MAR20-7500-P,5879.7,0.0,0.279,1.0,0.332,3.0,331.83,0.98638,-21.35131,-0.74417,0.00016,-0.90936
5863.92,BTC-27MAR20,1584961143876,open,0.29,1072.1,0.2075,0.3725,0.28579961,167.79,0.25,0.0,BTC-27MAR20-7500-P,5879.7,0.0,0.279,6.0,0.332,3.0,331.83,0.98638,-21.35131,-0.74417,0.00016,-0.90936
5827.45,BTC-26JUN20,1584961144000,open,0.06,290.4,0.019,0.1015,0.05880836,117.18,0.058,0.0,BTC-26JUN20-11000-C,5879.7,115.99,0.057,5.7,0.061,13.0,118.62,8.8481,-5.46425,2.47559,9e-05,0.22223
5852.48,BTC-25SEP20,1584961144200,open,0.31,199.8,0.218,0.4005,0.31295688,106.65,0.302,0.0,BTC-25SEP20-6000-P,5879.7,105.18,0.309,6.0,0.318,5.0,108.54,15.68355,-4.49933,-20.17495,8e-05,-0.36399
5852.48,BTC-25SEP20,1584961144213,open,0.21,331.1,0.1325,0.2815,0.2099831,107.64,0.22,0.0,BTC-25SEP20-5000-P,5879.7,106.19,0.2065,14.4,0.214,6.0,109.33,14.00802,-4.0561,-14.5412,7e-05,-0.27792
5852.48,BTC-25SEP20,1584961144218,open,0.1,549.2,0.0425,0.1545,0.10017785,108.13,0.099,0.0,BTC-25SEP20-12000-C,5879.7,106.83,0.097,8.0,0.103,3.5,109.28,14.36424,-4.1781,5.74595,8e-05,0.29297
5852.85,SYN.BTC-24APR20,1584961144221,open,0.12,125.6,0.0595,0.1795,0.11914628,129.69,0.1265,0.0,BTC-24APR20-5500-P,5879.7,127.29,0.1165,31.4,0.122,8.0,132.26,6.48139,-13.18557,-2.45792,0.00017,-0.36172
5852.85,SYN.BTC-24APR20,1584961144225,open,0.14,226.0,0.0755,0.189,0.13722579,125.92,0.1445,0.0,BTC-24APR20-6000-C,5879.7,123.18,0.134,21.2,0.1405,46.6,128.73,6.85123,-13.53269,2.09706,0.00018,0.54749
5852.85,SYN.BTC-24APR20,1584961144228,open,0.12,125.6,0.0595,0.1795,0.11914628,129.69,0.1265,0.0,BTC-24APR20-5500-P,5879.7,127.29,0.1165,31.4,0.122,28.4,132.26,6.48139,-13.18557,-2.45792,0.00017,-0.36172
5852.48,BTC-25SEP20,1584961144226,open,0.29,187.4,0.206,0.349,0.28775047,106.65,0.289,0.0,BTC-25SEP20-6000-C,5879.7,104.51,0.282,9.0,0.2925,16.7,108.43,15.68344,-4.49952,10.37977,8e-05,0.63602
5863.99,BTC-27MAR20,1584961144228,open,0.01,694.4,0.0005,0.0305,0.0068292,167.99,0.006,0.0,BTC-27MAR20-7500-C,5879.7,159.7,0.0055,90.0,0.0085,82.2,177.39,0.98883,-21.42962,0.05237,0.00016,0.09094
5852.48,BTC-25SEP20,1584961144245,open,0.24,131.7,0.1545,0.2985,0.23570308,106.55,0.24,0.0,BTC-25SEP20-7000-C,5879.7,104.7,0.2305,10.0,0.241,25.2,108.43,16.48802,-4.72567,9.59137,9e-05,0.55752
5861.28,SYN.BTC-3APR20,1584961144248,open,0.03,65.5,0.003,0.0635,0.0277449,139.73,0.036,0.0,BTC-3APR20-7250-C,5879.7,136.32,0.026,20.5,0.0295,36.4,143.11,3.02167,-19.41171,0.34161,0.00021,0.22334
5861.28,SYN.BTC-3APR20,1584961144260,open,0.03,65.5,0.003,0.0635,0.0277449,139.73,0.036,0.0,BTC-3APR20-7250-C,5879.7,136.32,0.026,10.0,0.0295,36.4,143.11,3.02167,-19.41171,0.34161,0.00021,0.22334
123.15,ETH-27MAR20,1584961144306,open,1.43,0.0,1.2985,1.5915,1.436061,230.21,None,0.0,ETH-27MAR20-300-P,123.66,0.0,1.0475,12.0,2.2475,12.0,500.0,7e-05,-0.00203,-0.03185,2e-05,-0.99986
123.15,ETH-27MAR20,1584961144306,open,1.75,0.0,1.605,1.937,1.760862,230.43,None,0.0,ETH-27MAR20-340-P,123.66,0.0,1.3735,12.0,2.574,12.0,500.0,1e-05,-0.00026,-0.0361,0.0,-0.99998
123.15,ETH-27MAR20,1584961144306,open,1.11,7.0,0.992,1.246,1.111321,229.82,1.163,0.0,ETH-27MAR20-260-P,123.66,0.0,0.721,12.0,1.9215,12.0,500.0,0.0005,-0.01491,-0.02759,0.00014,-0.99881
123.15,ETH-27MAR20,1584961144306,open,2.08,0.0,1.9115,2.2825,2.085668,230.54,None,0.0,ETH-27MAR20-380-P,123.66,0.0,1.7,12.0,2.9005,12.0,500.0,0.0,-3e-05,-0.04035,0.0,-1.0
122.41,ETH-26JUN20,1584961144500,open,0.39,0.0,0.3055,0.427,0.387003,134.44,None,0.0,ETH-26JUN20-90-C,123.66,0.0,0.167,25.0,0.5675,25.0,258.54,0.18203,-0.12897,0.12684,0.00348,0.78565
122.75,ETH-25SEP20,1584961144549,open,0.14,522.0,0.079,0.1965,0.137568,123.79,0.107,0.0,ETH-25SEP20-80-P,123.66,120.52,0.1315,150.0,0.1435,425.0,126.99,0.22754,-0.07577,-0.19672,0.0024,-0.17714
122.75,ETH-25SEP20,1584961144553,open,0.04,745.0,0.0055,0.0585,0.039958,130.64,0.056,0.0,ETH-25SEP20-560-C,123.66,126.35,0.034,450.0,0.042,150.0,132.03,0.17791,-0.06252,0.05168,0.00177,0.12262
122.75,ETH-25SEP20,1584961144558,open,0.12,1361.0,0.054,0.1835,0.119327,124.08,0.144,0.0,ETH-25SEP20-280-C,123.66,121.96,0.114,441.0,0.125,338.0,126.31,0.31014,-0.10351,0.12079,0.00326,0.31255
122.92,SYN.ETH-24APR20,1584961144565,open,0.31,427.0,0.243,0.3655,0.306748,135.04,0.176,0.0,ETH-24APR20-150-P,123.66,126.78,0.2975,90.0,0.3255,78.0,151.49,0.13857,-0.29351,-0.09923,0.00778,-0.61766
122.92,SYN.ETH-24APR20,1584961144565,open,0.21,78.0,0.1575,0.249,0.211645,138.42,0.214,0.0,ETH-24APR20-110-C,123.66,128.29,0.201,144.0,0.218,144.0,144.45,0.12939,-0.28095,0.0506,0.00708,0.68298
122.92,SYN.ETH-24APR20,1584961144565,open,0.06,764.0,0.021,0.0895,0.054641,135.15,0.0565,0.0,ETH-24APR20-170-C,123.66,130.87,0.0505,470.0,0.057,446.0,137.55,0.12016,-0.25473,0.02314,0.00674,0.27022
122.92,SYN.ETH-24APR20,1584961144565,open,0.15,557.0,0.092,0.1925,0.147474,137.5,0.1635,0.0,ETH-24APR20-120-P,123.66,132.26,0.1415,420.0,0.1535,380.0,142.8,0.14001,-0.30199,-0.0584,0.00772,-0.39651
122.92,SYN.ETH-24APR20,1584961144565,open,0.14,142.0,0.085,0.178,0.135452,135.0,0.138,0.0,ETH-24APR20-130-C,123.66,129.52,0.129,265.0,0.1415,305.0,140.14,0.14467,-0.30635,0.04167,0.00812,0.52359
122.92,SYN.ETH-24APR20,1584961144565,open,0.44,66.0,0.3725,0.5,0.437628,135.15,0.3,0.0,ETH-24APR20-170-P,123.66,123.97,0.427,71.0,0.461,66.0,158.02,0.12016,-0.25473,-0.12532,0.00674,-0.72978
122.92,SYN.ETH-24APR20,1584961144565,open,0.58,1.0,0.5155,0.645,0.580328,135.6,0.605,0.0,ETH-24APR20-190-P,123.66,121.04,0.5695,69.0,0.608,68.0,166.83,0.09784,-0.20811,-0.1495,0.00547,-0.81229
122.92,SYN.ETH-24APR20,1584961144565,open,0.17,225.0,0.1165,0.211,0.171247,137.5,0.17,0.0,ETH-24APR20-120-C,123.66,128.95,0.1615,298.0,0.174,291.0,139.92,0.14001,-0.30199,0.0464,0.00772,0.60349
122.92,SYN.ETH-24APR20,1584961144567,open,0.09,357.0,0.043,0.1265,0.086465,135.04,0.0905,0.0,ETH-24APR20-150-C,123.66,130.17,0.081,278.0,0.0885,428.0,136.84,0.13857,-0.29351,0.03176,0.00778,0.38234
122.75,ETH-25SEP20,1584961144570,open,0.1,489.0,0.0395,0.1575,0.0973,124.91,0.092,0.0,ETH-25SEP20-320-C,123.66,122.63,0.092,443.0,0.103,344.0,127.33,0.2867,-0.09633,0.10459,0.00299,0.2646
122.92,SYN.ETH-24APR20,1584961144732,open,0.11,346.0,0.0605,0.15,0.108447,135.04,0.136,0.0,ETH-24APR20-140-C,123.66,129.52,0.102,461.0,0.1105,421.0,136.79,0.14376,-0.30452,0.03663,0.00807,0.44968
5863.83,BTC-27MAR20,1584961144836,open,0.0,327.5,0.0005,0.0155,0.0,254.18,0.0005,0.0,BTC-27MAR20-24000-C,5879.7,0.0,0.0,0.0,0.001,42.0,500.0,0.0,-2e-05,0.0,0.0,0.0
5827.42,BTC-26JUN20,1584961144838,open,0.03,246.5,0.008,0.0505,0.02681698,141.5,0.0245,0.0,BTC-26JUN20-2500-P,5879.51,139.38,0.0255,3.0,0.028,35.0,143.37,3.65575,-2.72614,-1.35354,3e-05,-0.06254
5863.83,BTC-27MAR20,1584961144838,open,0.0,2915.2,0.0005,0.0155,0.00033519,252.9,0.0005,0.0,BTC-27MAR20-12000-C,5879.51,0.0,0.0,0.0,0.001,26.0,284.72,0.0784,-1.96549,0.00255,1e-05,0.00443
5852.29,BTC-25SEP20,1584961144838,open,0.56,181.5,0.442,0.6795,0.56428476,107.5,0.5555,0.0,BTC-25SEP20-8000-P,5879.51,93.65,0.525,3.0,0.6275,3.0,129.76,16.65622,-4.81647,-32.00313,9e-05,-0.50955
5827.42,BTC-26JUN20,1584961144838,open,0.4,28.6,0.333,0.447,0.39761032,122.01,0.46,0.0,BTC-26JUN20-4000-C,5879.51,96.67,0.365,15.5,0.4245,15.5,141.77,7.79196,-5.01018,6.40035,7e-05,0.82015
5827.42,BTC-26JUN20,1584961144839,open,0.79,678.9,0.663,0.9205,0.79078817,116.49,0.707,0.0,BTC-26JUN20-10000-P,5879.51,0.0,0.039,1.0,1.0,1.5,223.66,9.8265,-6.0324,-23.03358,0.0001,-0.72984
5827.42,BTC-26JUN20,1584961144839,open,1.11,124.0,0.9655,1.2565,1.10648985,118.25,1.2925,0.0,BTC-26JUN20-12000-P,5879.51,0.0,0.354,1.0,1.8545,1.0,500.0,7.92921,-4.94145,-29.10637,8e-05,-0.81505
5863.83,BTC-27MAR20,1584961144839,open,0.0,413.4,0.0005,0.0155,0.0,254.41,0.005,0.0,BTC-27MAR20-36000-C,5879.51,0.0,0.0,0.0,0.0005,0.2,500.0,0.0,0.0,0.0,0.0,0.0
5827.42,BTC-26JUN20,1584961144839,open,2.79,0.0,2.564,3.0375,2.78591031,130.6,None,0.0,BTC-26JUN20-22000-P,5879.51,0.0,0.0,0.0,0.0,0.0,0.0,2.97745,-2.0493,-56.61612,3e-05,-0.95177
5863.83,BTC-27MAR20,1584961144838,open,0.0,1992.3,0.0005,0.016,0.00144556,233.44,0.001,0.0,BTC-27MAR20-10000-C,5879.51,222.39,0.001,39.9,0.002,32.0,244.35,0.26646,-8.02469,0.01026,3e-05,0.01792
5827.42,BTC-26JUN20,1584961144839,open,3.14,0.0,2.887,3.3995,3.12714287,132.73,None,0.0,BTC-26JUN20-24000-P,5879.51,0.0,0.0005,1.0,0.0,0.0,0.0,2.54795,-1.78223,-61.91321,2e-05,-0.96024
5863.83,BTC-27MAR20,1584961144838,open,0.0,185.5,0.0005,0.0155,0.0,254.39,0.001,0.0,BTC-27MAR20-34000-C,5879.51,0.0,0.0,0.0,0.0005,17.0,500.0,0.0,0.0,0.0,0.0,0.0
5827.42,BTC-26JUN20,1584961144838,open,2.11,1.0,1.919,2.317,2.10659118,126.58,0.9,0.0,BTC-26JUN20-18000-P,5879.51,0.0,0.0005,1.0,0.0,0.0,0.0,4.29515,-2.86531,-45.8889,4e-05,-0.9229
5863.83,BTC-27MAR20,1584961144839,open,0.0,2120.5,0.0005,0.017,0.00237491,209.77,0.0025,0.0,BTC-27MAR20-9000-C,5879.51,195.63,0.0015,71.0,0.0035,55.0,223.75,0.41648,-11.27077,0.01749,5e-05,0.03047
5863.83,BTC-27MAR20,1584961144838,open,1.73,21.1,1.5745,1.9025,1.72852388,0.0,2.255,0.0,BTC-27MAR20-16000-P,5879.51,0.0,1.2825,2.5,2.183,2.5,500.0,0.0,0.0,-1.69893,0.0,-1.0
5863.83,BTC-27MAR20,1584961144839,open,0.0,2041.8,0.0005,0.0155,6.27e-06,253.95,0.0005,0.0,BTC-27MAR20-16000-C,5879.51,0.0,0.0,0.0,0.001,42.1,378.12,0.00252,-0.03675,6e-05,0.0,0.00011
5863.83,BTC-27MAR20,1584961144842,open,0.01,1458.7,0.0005,0.0215,0.00671323,252.63,0.006,0.0,BTC-27MAR20-4000-P,5879.51,246.22,0.006,10.0,0.0075,32.1,259.32,0.67072,-21.8597,-0.03833,7e-05,-0.05485
5863.83,BTC-27MAR20,1584961144842,open,0.0,708.4,0.0005,0.018,0.00347079,283.42,0.0035,0.0,BTC-27MAR20-3500-P,5879.51,275.98,0.003,35.2,0.004,30.3,291.12,0.3868,-14.14279,-0.01952,4e-05,-0.02788
5827.23,BTC-26JUN20,1584961144842,open,3.48,0.0,3.2105,3.762,3.46883066,134.21,None,0.0,BTC-26JUN20-26000-P,5879.51,0.0,0.0005,1.0,0.0,0.0,0.0,2.1669,-1.53267,-67.19478,2e-05,-0.96737
5827.23,BTC-26JUN20,1584961144840,open,0.09,635.8,0.0385,0.131,0.08401372,122.0,0.0905,0.0,BTC-26JUN20-4000-P,5879.51,121.24,0.083,6.3,0.085,0.1,122.73,7.79188,-5.00967,-3.99685,7e-05,-0.17986
5827.23,BTC-26JUN20,1584961144842,open,0.02,588.9,0.003,0.042,0.0177623,126.61,0.019,0.0,BTC-26JUN20-18000-C,5879.51,125.56,0.017,1.0,0.0185,32.0,127.6,4.29722,-2.86726,0.89962,4e-05,0.07716
5852.29,BTC-25SEP20,1584961144842,open,0.02,262.6,0.0035,0.047,0.02050479,117.36,0.023,0.0,BTC-25SEP20-28000-C,5879.51,115.82,0.019,13.0,0.022,8.0,118.84,5.82059,-1.83758,1.57908,3e-05,0.07349
5827.23,BTC-26JUN20,1584961144842,open,0.02,517.7,0.004,0.0505,0.0227384,123.03,0.024,0.0,BTC-26JUN20-16000-C,5879.51,121.01,0.021,16.3,0.0245,32.0,125.0,5.11357,-3.31554,1.13058,5e-05,0.09738
5863.83,BTC-27MAR20,1584961144842,open,0.24,73.9,0.1845,0.2845,0.2434168,214.29,0.2395,0.0,BTC-27MAR20-4500-C,5879.51,182.47,0.2385,24.6,0.247,13.3,233.64,1.02304,-28.28215,0.41179,0.00013,0.90478
5863.83,BTC-27MAR20,1584961144842,open,3.1,0.0,2.8615,3.3535,3.09277642,0.0,None,0.0,BTC-27MAR20-24000-P,5879.51,0.0,0.0005,1.0,0.0,0.0,0.0,0.0,0.0,-2.5484,0.0,-1.0
5827.23,BTC-26JUN20,1584961144843,open,0.07,940.2,0.028,0.122,0.07477173,116.5,0.0805,0.0,BTC-26JUN20-10000-C,5879.51,114.84,0.072,5.1,0.0775,31.0,118.11,9.82642,-6.03282,2.95973,0.0001,0.27017
5863.83,BTC-27MAR20,1584961144842,open,4.46,0.0,4.1485,4.805,4.45703523,0.0,None,0.0,BTC-27MAR20-32000-P,5879.51,0.0,0.0,0.0,0.0,0.0,0.0,0.0,0.0,-3.39787,0.0,-1.0
5863.83,BTC-27MAR20,1584961144842,open,1.05,145.5,0.931,1.177,1.0467234,248.44,0.92,0.0,BTC-27MAR20-12000-P,5879.51,0.0,0.706,4.0,1.5,2.5,500.0,0.06839,-2.19182,-1.27201,1e-05,-0.9962
5852.29,BTC-25SEP20,1584961144843,open,2.12,0.9,1.9215,2.342,2.12229422,111.18,2.2055,0.0,BTC-25SEP20-18000-P,5879.51,0.0,0.0,0.0,0.0,0.0,0.0,9.91005,-2.96393,-88.46251,5e-05,-0.84598
5863.83,BTC-27MAR20,1584961144842,open,4.8,0.0,4.47,5.168,4.79809993,0.0,None,0.0,BTC-27MAR20-34000-P,5879.51,0.0,0.0,0.0,0.0,0.0,0.0,0.0,0.0,-3.61024,0.0,-1.0
5863.83,BTC-27MAR20,1584961144843,open,5.83,0.8,5.4355,6.2565,5.82129403,0.0,5.8915,0.0,BTC-27MAR20-40000-P,5879.51,0.0,0.0,0.0,0.0,0.0,0.0,0.0,0.0,-4.24734,0.0,-1.0
5852.29,BTC-25SEP20,1584961144842,open,1.47,103.4,1.2965,1.647,1.46753502,109.01,1.7,0.0,BTC-25SEP20-14000-P,5879.51,0.0,0.0,0.0,0.0,0.0,0.0,12.74228,-3.73637,-66.62535,7e-05,-0.76801
5827.23,BTC-26JUN20,1584961144843,open,0.01,386.2,0.0005,0.0205,0.00575357,135.58,0.0075,0.0,BTC-26JUN20-28000-C,5879.51,134.77,0.0055,0.5,0.006,1.0,136.34,1.85739,-1.32708,0.32329,2e-05,0.0271
5863.64,BTC-27MAR20,1584961144843,open,0.0,805.9,0.0005,0.018,0.00320516,196.74,0.0025,0.0,BTC-27MAR20-8500-C,5879.51,188.5,0.0025,43.0,0.004,0.1,204.82,0.53966,-13.69729,0.02403,8e-05,0.04181
5863.64,BTC-27MAR20,1584961144843,open,0.45,916.1,0.368,0.5465,0.45274744,195.98,0.47,0.0,BTC-27MAR20-8500-P,5879.51,0.0,0.2905,5.0,0.905,2.5,500.0,0.53273,-13.46914,-0.87889,7e-05,-0.95886
5863.64,BTC-27MAR20,1584961144843,open,0.0,914.1,0.0005,0.0155,0.00090742,252.35,0.0005,0.0,BTC-27MAR20-11000-C,5879.51,235.74,0.0005,76.0,0.0015,42.0,268.83,0.17538,-5.32076,0.0063,2e-05,0.01103
5852.29,BTC-25SEP20,1584961144843,open,0.01,390.4,0.0005,0.033,0.01273584,121.02,0.013,0.0,BTC-25SEP20-36000-C,5879.51,119.2,0.0115,13.0,0.014,0.8,122.76,4.1189,-1.34084,1.02952,2e-05,0.04728
5863.64,BTC-27MAR20,1584961144843,open,0.0,2295.5,0.0005,0.0155,4.536e-05,253.57,0.0005,0.0,BTC-27MAR20-14000-C,5879.51,0.0,0.0,0.0,0.001,26.0,335.43,0.0144,-0.266,0.0004,0.0,0.00069
5863.64,BTC-27MAR20,1584961144843,open,0.0,154.0,0.0005,0.0155,0.0,254.31,0.0015,0.0,BTC-27MAR20-30000-C,5879.51,0.0,0.0,0.0,0.001,42.0,500.0,0.0,0.0,0.0,0.0,0.0
5852.29,BTC-25SEP20,1584961144843,open,1.0,193.1,0.8475,1.145,0.99633477,107.67,0.9615,0.0,BTC-25SEP20-11000-P,5879.51,76.81,0.925,1.0,1.19,0.5,177.13,15.14309,-4.38607,-49.63082,8e-05,-0.66898
5827.23,BTC-26JUN20,1584961144843,open,0.37,347.4,0.266,0.4615,0.36648801,115.07,0.311,0.0,BTC-26JUN20-7000-P,5879.51,113.11,0.3625,4.2,0.3685,1.3,116.06,11.85012,-7.18602,-13.24088,0.00012,-0.50768
5863.64,BTC-27MAR20,1584961144843,open,5.15,0.1,4.792,5.531,5.13923792,0.0,5.7275,0.0,BTC-27MAR20-36000-P,5879.51,0.0,0.0,0.0,0.0,0.0,0.0,0.0,0.0,-3.8226,0.0,-1.0
5863.64,BTC-27MAR20,1584961144843,open,0.0,877.9,0.0005,0.0155,0.0,254.44,0.001,0.0,BTC-27MAR20-40000-C,5879.51,0.0,0.0,0.0,0.0005,9.0,500.0,0.0,0.0,0.0,0.0,0.0
5863.64,BTC-27MAR20,1584961144843,open,2.41,3.0,2.218,2.628,2.41064715,0.0,2.2095,0.0,BTC-27MAR20-20000-P,5879.51,0.0,1.9655,2.5,2.866,2.5,500.0,0.0,0.0,-2.12367,0.0,-1.0
5876.13,SYN.BTC-24MAR20,1584961144838,open,0.0,4.8,0.0005,0.0265,0.00281838,168.03,0.0025,0.0,BTC-24MAR20-6625-C,5879.51,146.66,0.0015,31.0,0.0045,31.0,188.86,0.42118,-16.56117,0.01065,0.0003,0.07835
5852.29,BTC-25SEP20,1584961144844,open,1.15,247.6,0.994,1.31,1.15059066,108.11,1.12,0.0,BTC-25SEP20-12000-P,5879.51,0.0,1.03,1.5,1.29,1.0,159.54,14.36105,-4.1762,-55.3656,8e-05,-0.70715
5827.23,BTC-26JUN20,1584961144844,open,0.16,330.3,0.095,0.2225,0.1652765,115.09,0.161,0.0,BTC-26JUN20-7000-C,5879.51,113.97,0.163,4.3,0.1675,17.2,116.18,11.85015,-7.18743,4.95448,0.00012,0.49237
5852.29,BTC-25SEP20,1584961144844,open,0.44,719.9,0.3745,0.4945,0.44349577,110.28,0.441,0.0,BTC-25SEP20-4000-C,5879.51,99.13,0.422,9.0,0.475,9.0,126.49,11.34158,-3.36447,10.91583,6e-05,0.80977
5852.29,BTC-25SEP20,1584961144844,open,1.79,3.4,1.607,1.993,1.79321962,110.48,2.028,0.0,BTC-25SEP20-16000-P,5879.51,0.0,0.0,0.0,0.0,0.0,0.0,11.29753,-3.35754,-77.61175,6e-05,-0.81097
5876.13,SYN.BTC-24MAR20,1584961144838,open,0.01,14.2,0.0005,0.037,0.00600985,157.54,0.005,0.0,BTC-24MAR20-6375-C,5879.51,148.58,0.005,1.0,0.007,30.0,165.81,0.68434,-35.31469,0.02093,0.00052,0.15449
5863.64,BTC-27MAR20,1584961144845,open,0.0,705.4,0.0005,0.0155,8.9e-07,254.05,0.0005,0.0,BTC-27MAR20-18000-C,5879.51,0.0,0.0,0.0,0.001,42.0,414.98,0.00043,-0.00521,1e-05,0.0,2e-05
5852.29,BTC-25SEP20,1584961144845,open,2.46,1.4,2.239,2.696,2.45590449,112.64,2.526,0.0,BTC-25SEP20-20000-P,5879.51,0.0,0.0,0.0,0.0,0.0,0.0,8.82885,-2.67504,-99.12466,4e-05,-0.87013
5863.64,BTC-27MAR20,1584961144845,open,0.0,377.3,0.0005,0.0155,2e-08,254.15,0.0005,0.0,BTC-27MAR20-22000-C,5879.51,0.0,0.0,0.0,0.001,42.0,476.22,1e-05,-0.00012,0.0,0.0,0.0
5863.64,BTC-27MAR20,1584961144845,open,0.0,255.7,0.0005,0.0155,0.0,254.35,0.0015,0.0,BTC-27MAR20-32000-C,5879.51,0.0,0.0,0.0,0.001,42.0,500.0,0.0,0.0,0.0,0.0,0.0
5863.64,BTC-27MAR20,1584961144845,open,0.0,817.0,0.0005,0.0155,1.681e-05,253.8,0.0005,0.0,BTC-27MAR20-15000-C,5879.51,0.0,0.0,0.0,0.001,42.0,357.62,0.00605,-0.09857,0.00016,0.0,0.00027
5852.29,BTC-25SEP20,1584961144845,open,0.02,356.5,0.001,0.0395,0.01598737,119.37,0.0165,0.0,BTC-25SEP20-32000-C,5879.51,117.53,0.0145,17.0,0.0175,8.0,121.14,4.86928,-1.5635,1.26342,2e-05,0.05838
5827.23,BTC-26JUN20,1584961144846,open,3.82,0.0,3.534,4.1245,3.8105996,135.0,None,0.0,BTC-26JUN20-28000-P,5879.51,0.0,0.0005,1.0,0.0,0.0,0.0,1.81785,-1.29332,-72.46576,2e-05,-0.97359
5852.7,SYN.BTC-24APR20,1584961144838,open,0.42,0.0,0.3755,0.4655,0.42446183,154.21,0.395,0.0,BTC-24APR20-3500-C,5879.51,0.0,0.0005,0.5,0.0,0.0,0.0,2.75133,-6.6553,2.49425,6e-05,0.91246
5876.13,SYN.BTC-24MAR20,1584961144838,open,0.01,18.5,0.0005,0.0415,0.00764702,143.98,0.008,0.0,BTC-24MAR20-6250-C,5879.51,127.57,0.0055,29.0,0.01,29.0,160.44,0.8073,-44.9349,0.02721,0.00068,0.20062
5852.7,SYN.BTC-24APR20,1584961144838,open,0.01,368.1,0.0005,0.024,0.00795147,146.01,0.0115,0.0,BTC-24APR20-13000-C,5879.51,142.82,0.007,35.0,0.009,12.0,149.26,1.81631,-4.15979,0.22078,4e-05,0.05115
