underlying_price,underlying_index,timestamp,state,settlement_price,open_interest,min_price,max_price,mark_price,mark_iv,last_price,interest_rate,instrument_name,index_price,bid_iv,best_bid_price,best_bid_amount,best_ask_price,best_ask_amount,ask_iv,vega,theta,rho,gamma,delta
238.78,SYN.ETH-8MAR20,1583492340020,open,0.0,0.0005,0.0105,0.000101,72.02,None,0.0,ETH-8MAR20-210-P,238.64,0.0,0.0,0.0,0.0015,5.0,108.5,0.0029,-0.02407,-7e-05,0.00137,-0.00598
239.15,SYN.ETH-13MAR20,1583492340024,open,0.0,141.0,0.0005,0.0105,3e-05,75.16,0.0035,0.0,ETH-13MAR20-330-C,238.64,0.0,0.0,0.0,0.0005,5.0,99.65,0.00118,-0.00643,5e-05,0.00015,0.00107
239.15,SYN.ETH-13MAR20,1583492340024,open,0.4,0.0,0.34,0.423,0.379895,69.61,None,0.0,ETH-13MAR20-330-P,238.64,0.0,0.0,0.0,0.0,0.0,0.0,0.00052,-0.00265,-0.06214,7e-05,-0.99955
239.67,SYN.ETH-20MAR20,1583492340026,open,0.0,0.0,0.0005,0.013,0.002946,91.01,None,0.0,ETH-20MAR20-330-C,238.64,85.12,0.002,300.0,0.004,300.0,96.38,0.04294,-0.14082,0.00368,0.00216,0.0433
241.97,SYN.ETH-24APR20,1583492340034,open,0.37,0.0,0.3065,0.417,0.359792,86.41,None,0.0,ETH-24APR20-320-P,238.64,0.0,0.0,0.0,0.0,0.0,0.0,0.27144,-0.23995,-0.36478,0.00401,-0.76603
241.97,SYN.ETH-24APR20,1583492340034,open,0.23,0.0,0.1735,0.2765,0.224019,83.46,None,0.0,ETH-24APR20-280-P,238.64,75.42,0.213,150.0,0.0,0.0,0.0,0.33505,-0.28608,-0.2759,0.00512,-0.62749
239.15,SYN.ETH-13MAR20,1583492340034,open,0.0,461.0,0.0005,0.0105,8.3e-05,75.09,0.0045,0.0,ETH-13MAR20-320-C,238.64,0.0,0.0,0.0,0.0005,5.0,91.45,0.00279,-0.01524,0.00012,0.00034,0.00277
241.97,SYN.ETH-24APR20,1583492340034,open,0.05,7.0,0.0195,0.073,0.04305,81.87,0.065,0.0,ETH-24APR20-200-P,238.64,79.95,0.041,192.0,0.045,192.0,83.68,0.25943,-0.21728,-0.08394,0.00404,-0.21602
241.97,SYN.ETH-24APR20,1583492340034,open,0.01,539.0,0.003,0.0335,0.013617,93.39,0.015,0.0,ETH-24APR20-400-C,238.64,92.4,0.013,240.0,0.0155,241.0,96.3,0.15176,-0.14499,0.02696,0.00207,0.09682
239.15,SYN.ETH-13MAR20,1583492340034,open,0.35,0.0,0.299,0.38,0.338134,73.35,None,0.0,ETH-13MAR20-320-P,238.64,0.0,0.0,0.0,0.0,0.0,0.0,0.00231,-0.0123,-0.06018,0.00029,-0.99776
239.15,SYN.ETH-13MAR20,1583492340034,open,0.0,5.0,0.0005,0.0105,0.0,83.04,0.001,0.0,ETH-13MAR20-150-P,238.64,0.0,0.0,0.0,0.0005,7.0,144.82,2e-05,-0.0001,0.0,0.0,-2e-05
241.97,SYN.ETH-24APR20,1583492340036,open,0.85,0.0,0.7685,0.895,0.82809,98.49,None,0.0,ETH-24APR20-440-P,238.64,0.0,0.0,0.0,0.0,0.0,0.0,0.11834,-0.11923,-0.56978,0.00153,-0.93042
241.97,SYN.ETH-24APR20,1583492340036,open,0.01,725.0,0.0005,0.027,0.009769,98.64,0.0095,0.0,ETH-24APR20-440-C,238.64,95.96,0.0085,240.0,0.011,615.0,101.07,0.11884,-0.11992,0.0195,0.00154,0.06996
241.97,SYN.ETH-24APR20,1583492340036,open,0.52,0.0,0.455,0.5705,0.509944,90.14,None,0.0,ETH-24APR20-360-P,238.64,0.0,0.0,0.0,0.0,0.0,0.0,0.2058,-0.18978,-0.44087,0.00291,-0.85071
238.71,SYN.ETH-7MAR20,1583492340060,open,0.0,8.0,0.0005,0.0105,0.000416,71.53,0.0005,0.0,ETH-7MAR20-255-C,238.64,0.0,0.0,0.0,0.001,31.0,84.42,0.00816,-0.09937,0.00017,0.00834,0.03093
238.71,SYN.ETH-7MAR20,1583492340060,open,0.08,0.0,0.0375,0.1025,0.068678,71.47,None,0.0,ETH-7MAR20-255-P,238.64,0.0,0.0605,9.0,0.0985,9.0,287.86,0.00814,-0.29076,-0.00594,0.00833,-0.96917
240.18,ETH-27MAR20,1583492340171,open,0.0,3373.0,0.0005,0.0105,0.00053,98.91,0.002,0.0,ETH-27MAR20-440-C,238.65,0.0,0.0,0.0,0.0025,361.0,120.52,0.01165,-0.02759,0.00093,0.00036,0.00732
240.18,ETH-27MAR20,1583492340171,open,0.71,75.0,0.699,0.7185,0.708564,148.39,0.739,0.0,ETH-27MAR20-70-C,238.65,0.0,0.0005,100.0,0.0,0.0,0.0,0.00029,-0.00104,0.04002,1e-05,0.99987
240.18,ETH-27MAR20,1583492340171,open,0.54,54.0,0.528,0.556,0.542153,116.64,0.5285,0.0,ETH-27MAR20-110-C,238.65,0.0,0.0005,100.0,0.0,0.0,0.0,0.00305,-0.00853,0.06267,8e-05,0.99835
245.98,ETH-26JUN20,1583492340171,open,0.06,1796.0,0.031,0.095,0.060037,84.88,0.0675,0.0,ETH-26JUN20-180-P,238.65,82.47,0.0565,285.0,0.064,285.0,87.55,0.36252,-0.13752,-0.18413,0.0023,-0.18419
245.98,ETH-26JUN20,1583492340171,open,0.23,933.0,0.1845,0.2785,0.232445,84.29,0.225,0.0,ETH-26JUN20-220-C,238.65,81.79,0.2275,274.0,0.237,254.0,86.6,0.4859,-0.18305,0.33873,0.00311,0.68172
240.18,ETH-27MAR20,1583492340171,open,0.0,2064.0,0.0005,0.0105,0.000254,122.75,0.0005,0.0,ETH-27MAR20-560-C,238.65,0.0,0.0,0.0,0.0015,415.0,148.15,0.00541,-0.01592,0.00039,0.00013,0.0031
240.18,ETH-27MAR20,1583492340171,open,0.0,960.0,0.0005,0.0105,0.000899,115.06,0.0025,0.0,ETH-27MAR20-130-P,238.65,106.73,0.0005,45.0,0.0015,60.0,123.76,0.01387,-0.03821,-0.00135,0.00037,-0.00893
245.98,ETH-26JUN20,1583492340171,open,0.02,3063.0,0.0055,0.0475,0.020254,101.3,0.025,0.0,ETH-26JUN20-600-C,238.65,98.82,0.018,610.0,0.0225,352.0,103.63,0.23051,-0.10436,0.0565,0.00123,0.09519
240.18,ETH-27MAR20,1583492340171,open,0.0,4556.0,0.0005,0.0115,0.001658,98.74,0.0035,0.0,ETH-27MAR20-400-C,238.65,92.23,0.001,790.0,0.0025,1.0,104.91,0.02849,-0.06738,0.0026,0.00087,0.02058
245.98,ETH-26JUN20,1583492340172,open,0.02,876.0,0.0085,0.0435,0.02257,88.6,0.028,0.0,ETH-26JUN20-140-P,238.65,85.45,0.02,600.0,0.025,300.0,91.45,0.20553,-0.08138,-0.07855,0.00125,-0.08161
240.18,ETH-27MAR20,1583492340172,open,1.52,0.0,1.4255,1.576,1.498138,104.58,None,0.0,ETH-27MAR20-600-P,238.65,0.0,0.03,50.0,0.0,0.0,0.0,0.00044,-0.00111,-0.34314,1e-05,-0.9998
240.19,ETH-27MAR20,1583492340172,open,0.25,2565.0,0.23,0.285,0.257501,87.41,0.24,0.0,ETH-27MAR20-180-C,238.65,0.0,0.2505,1.0,0.2735,21.0,125.06,0.07614,-0.15941,0.09254,0.00264,0.93116
240.19,ETH-27MAR20,1583492340172,open,1.69,0.0,1.587,1.7475,1.664611,122.96,None,0.0,ETH-27MAR20-640-P,238.65,0.0,0.01,50.0,0.0,0.0,0.0,0.00143,-0.00422,-0.36595,4e-05,-0.99928
245.98,ETH-26JUN20,1583492340172,open,0.04,1227.0,0.017,0.0665,0.038531,86.74,0.052,0.0,ETH-26JUN20-160-P,238.65,83.65,0.035,595.0,0.042,295.0,89.7,0.28508,-0.11052,-0.12559,0.00177,-0.12805
240.19,ETH-27MAR20,1583492340172,open,0.0,690.0,0.0005,0.0105,0.000124,115.07,0.001,0.0,ETH-27MAR20-110-P,238.65,0.0,0.0,0.0,0.001,651.0,145.48,0.00274,-0.00755,-0.00022,7e-05,-0.00146
240.19,ETH-27MAR20,1583492340172,open,0.18,3220.0,0.151,0.214,0.182986,79.88,0.162,0.0,ETH-27MAR20-200-C,238.65,65.84,0.176,225.0,0.203,21.0,111.93,0.13148,-0.25154,0.09219,0.00499,0.85408
245.98,ETH-26JUN20,1583492340172,open,0.1,922.0,0.0525,0.1315,0.089678,84.33,0.119,0.0,ETH-26JUN20-200-P,238.65,81.95,0.0855,272.0,0.094,272.0,86.79,0.43212,-0.16287,-0.25558,0.00276,-0.24931
240.19,ETH-27MAR20,1583492340172,open,0.0,6130.0,0.0005,0.0155,0.004184,95.17,0.004,0.0,ETH-27MAR20-360-C,238.65,89.73,0.003,993.0,0.0055,662.0,100.26,0.05738,-0.13081,0.00603,0.00183,0.04804
240.19,ETH-27MAR20,1583492340172,open,0.0,1491.0,0.0005,0.0105,0.000361,115.06,0.001,0.0,ETH-27MAR20-120-P,238.65,0.0,0.0,0.0,0.001,59.0,130.53,0.00667,-0.0184,-0.00059,0.00018,-0.00391
245.98,ETH-26JUN20,1583492340172,open,0.03,466.0,0.009,0.0605,0.028824,97.46,0.023,0.0,ETH-26JUN20-520-C,238.65,95.01,0.026,610.0,0.0315,49.0,99.67,0.29094,-0.12672,0.07769,0.00161,0.13186
245.98,ETH-26JUN20,1583492340172,open,0.08,1762.0,0.0385,0.121,0.076387,90.33,0.0775,0.0,ETH-26JUN20-360-C,238.65,88.05,0.072,605.0,0.0805,324.0,92.44,0.47667,-0.19244,0.17198,0.00285,0.3045
245.98,ETH-26JUN20,1583492340172,open,0.06,5521.0,0.0255,0.0995,0.058169,92.23,0.052,0.0,ETH-26JUN20-400-C,238.65,89.79,0.054,601.0,0.062,333.0,94.42,0.42614,-0.17565,0.13929,0.00249,0.24292
245.98,ETH-26JUN20,1583492340172,open,1.81,0.0,1.688,1.8805,1.77839,103.34,None,0.0,ETH-26JUN20-680-P,238.65,0.0,0.0,0.0,0.0,0.0,0.0,0.17873,-0.08255,-2.04353,0.00093,-0.93204
245.98,ETH-26JUN20,1583492340172,open,0.0,1908.0,0.0005,0.0105,0.000493,100.87,0.0005,0.0,ETH-26JUN20-60-P,238.65,0.0,0.0,0.0,0.0015,301.0,116.0,0.01061,-0.00478,-0.00226,6e-05,-0.00251
245.98,ETH-26JUN20,1583492340172,open,0.52,303.0,0.503,0.5485,0.525021,92.67,0.608,0.0,ETH-26JUN20-120-C,238.65,0.0,0.512,32.0,0.5385,29.0,112.91,0.138,-0.05715,0.32124,0.0008,0.95109
240.19,ETH-27MAR20,1583492340172,open,0.02,11444.0,0.007,0.05,0.025001,80.41,0.024,0.0,ETH-27MAR20-280-C,238.65,77.7,0.023,539.0,0.027,41.0,83.06,0.1792,-0.34512,0.02975,0.00675,0.24155
245.98,ETH-26JUN20,1583492340172,open,0.01,729.0,0.0005,0.0165,0.006642,97.54,0.0065,0.0,ETH-26JUN20-100-P,238.65,93.99,0.0055,1.0,0.008,300.0,101.35,0.08327,-0.0363,-0.0249,0.00046,-0.02639
245.98,ETH-26JUN20,1583492340172,open,0.1,1822.0,0.0575,0.148,0.101063,87.73,0.1,0.0,ETH-26JUN20-320-C,238.65,84.85,0.095,599.0,0.1065,315.0,90.3,0.51957,-0.20372,0.21223,0.00319,0.38255
245.98,ETH-26JUN20,1583492340172,open,0.01,904.0,0.003,0.028,0.012848,92.64,0.012,0.0,ETH-26JUN20-120-P,238.65,89.22,0.011,500.0,0.015,300.0,96.34,0.13791,-0.0571,-0.04653,0.0008,-0.04887
240.19,ETH-27MAR20,1583492340172,open,0.0,4524.0,0.0005,0.0105,0.000562,122.63,0.001,0.0,ETH-27MAR20-520-C,238.65,0.0,0.0,0.0,0.0015,350.0,137.31,0.0104,-0.03055,0.00081,0.00026,0.00644
240.19,ETH-27MAR20,1583492340172,open,0.41,662.0,0.3995,0.436,0.417696,96.41,0.479,0.0,ETH-27MAR20-140-C,238.65,0.0,0.417,1.0,0.4295,24.0,167.4,0.01122,-0.0259,0.07903,0.00035,0.99298
240.19,ETH-27MAR20,1583492340172,open,0.0,385.0,0.0005,0.0105,0.0,115.07,0.0005,0.0,ETH-27MAR20-70-P,238.65,0.0,0.0,0.0,0.0005,591.0,205.28,1e-05,-1e-05,0.0,0.0,0.0
245.98,ETH-26JUN20,1583492340172,open,0.18,830.0,0.119,0.224,0.170155,84.2,0.168,0.0,ETH-26JUN20-240-P,238.65,82.24,0.166,546.0,0.1775,250.0,87.67,0.52154,-0.19626,-0.42043,0.00334,-0.38749
245.98,ETH-26JUN20,1583492340172,open,0.02,3797.0,0.0035,0.0395,0.01588,101.32,0.013,0.0,ETH-26JUN20-640-C,238.65,98.89,0.014,610.0,0.0175,2.0,103.28,0.19703,-0.08922,0.04622,0.00105,0.07718
245.98,ETH-26JUN20,1583492340172,open,0.0,2429.0,0.0005,0.0125,0.002544,100.87,0.003,0.0,ETH-26JUN20-80-P,238.65,93.24,0.0015,300.0,0.004,300.0,108.72,0.03942,-0.01777,-0.01021,0.00021,-0.01099
240.19,ETH-27MAR20,1583492340173,open,0.0,1277.0,0.0005,0.0105,7e-06,115.06,0.001,0.0,ETH-27MAR20-90-P,238.65,0.0,0.0,0.0,0.0005,301.0,165.2,0.00024,-0.00066,-2e-05,1e-05,-0.00011
245.98,ETH-26JUN20,1583492340173,open,0.27,2168.0,0.2315,0.3195,0.276617,84.34,0.256,0.0,ETH-26JUN20-200-C,238.65,80.56,0.27,570.0,0.2815,250.0,87.11,0.43213,-0.16288,0.35742,0.00276,0.75068
240.19,ETH-27MAR20,1583492340173,open,0.0,1834.0,0.0005,0.0105,3.5e-05,115.06,0.001,0.0,ETH-27MAR20-100-P,238.65,0.0,0.0,0.0,0.0005,200.0,148.46,0.00092,-0.00253,-7e-05,2e-05,-0.00045
245.98,ETH-26JUN20,1583492340173,open,0.01,413.0,0.0025,0.0345,0.012744,105.84,0.011,0.0,ETH-26JUN20-720-C,238.65,103.15,0.011,311.0,0.0145,300.0,108.35,0.16601,-0.07853,0.03698,0.00085,0.0618
245.99,ETH-26JUN20,1583492340173,open,0.03,750.0,0.012,0.0695,0.035136,95.3,0.03,0.0,ETH-26JUN20-480-C,238.65,93.68,0.033,609.0,0.037,1.0,96.69,0.3285,-0.13992,0.09256,0.00186,0.1579
240.19,ETH-27MAR20,1583492340173,open,0.5,188.0,0.485,0.5165,0.500757,115.06,0.48,0.0,ETH-27MAR20-120-C,238.65,0.0,0.0005,100.0,0.0,0.0,0.0,0.00667,-0.0184,0.06805,0.00018,0.99609
245.99,ETH-26JUN20,1583492340173,open,0.67,0.0,0.6655,0.6905,0.677327,100.87,None,0.0,ETH-26JUN20-80-C,238.65,0.0,0.674,1.0,0.0,0.0,0.0,0.03942,-0.01777,0.235,0.00021,0.98901
240.19,ETH-27MAR20,1583492340173,open,0.0,7919.0,0.0005,0.0105,5.3e-05,122.96,0.0005,0.0,ETH-27MAR20-640-C,238.65,0.0,0.0,0.0,0.001,350.0,159.68,0.00143,-0.00422,9e-05,4e-05,0.00072
245.99,ETH-26JUN20,1583492340173,open,0.75,42.0,0.747,0.7665,0.75658,100.87,0.7865,0.0,ETH-26JUN20-60-C,238.65,0.0,0.01,50.0,0.0,0.0,0.0,0.01061,-0.00478,0.18164,6e-05,0.99749
240.19,ETH-27MAR20,1583492340173,open,0.0,3680.0,0.0005,0.011,0.001245,122.48,0.0005,0.0,ETH-27MAR20-480-C,238.65,119.25,0.001,20.0,0.0015,350.0,125.4,0.01962,-0.05755,0.00166,0.00049,0.0133
239.15,SYN.ETH-13MAR20,1583492340171,open,0.0,23.0,0.0005,0.0105,5e-06,82.79,0.002,0.0,ETH-13MAR20-160-P,238.65,0.0,0.0,0.0,0.0005,2.0,126.62,0.00021,-0.00112,-1e-05,2e-05,-0.00016
245.99,ETH-26JUN20,1583492340173,open,0.7,0.0,0.6125,0.7625,0.684317,92.26,None,0.0,ETH-26JUN20-400-P,238.65,0.0,0.01,50.0,0.0,0.0,0.0,0.42631,-0.17578,-1.08666,0.00249,-0.75692
240.19,ETH-27MAR20,1583492340174,open,0.0,2429.0,0.0005,0.0105,0.000568,96.41,0.0005,0.0,ETH-27MAR20-140-P,238.65,0.0,0.0,0.0,0.0025,417.0,119.8,0.01122,-0.0259,-0.00104,0.00035,-0.00702
251.77,SYN.ETH-25SEP20,1583492340172,open,0.45,274.0,0.366,0.519,0.44123,86.41,0.495,0.0,ETH-25SEP20-320-P,238.65,84.99,0.437,250.0,0.473,15.0,97.1,0.74789,-0.15927,-1.34513,0.00246,-0.51999
240.19,ETH-27MAR20,1583492340174,open,0.04,2326.0,0.0135,0.0635,0.035207,75.95,0.036,0.0,ETH-27MAR20-220-P,238.65,74.45,0.034,332.0,0.037,35.0,78.16,0.19433,-0.35349,-0.0437,0.00775,-0.28291
245.99,ETH-26JUN20,1583492340174,open,0.41,143.0,0.3355,0.471,0.401929,87.72,0.49,0.0,ETH-26JUN20-320-P,238.65,67.36,0.3605,14.0,0.4565,14.0,112.96,0.5196,-0.20372,-0.76858,0.00319,-0.61743
240.19,ETH-27MAR20,1583492340174,open,0.62,67.0,0.614,0.636,0.62532,124.42,0.673,0.0,ETH-27MAR20-90-C,238.65,0.0,0.0005,100.0,0.0,0.0,0.0,0.0006,-0.00179,0.05143,1e-05,0.99972
240.19,ETH-27MAR20,1583492340174,open,0.08,2224.0,0.0385,0.108,0.071601,75.59,0.074,0.0,ETH-27MAR20-240-P,238.65,72.33,0.0685,270.0,0.075,215.0,79.17,0.22813,-0.41305,-0.07334,0.00915,-0.46225
240.19,ETH-27MAR20,1583492340174,open,0.33,2335.0,0.314,0.36,0.3368,96.41,0.266,0.0,ETH-27MAR20-160-C,238.65,0.0,0.3335,1.0,0.3505,22.0,144.95,0.03934,-0.09084,0.08695,0.00124,0.96976
251.77,SYN.ETH-25SEP20,1583492340171,open,2.24,0.0,2.0975,2.3365,2.209499,99.35,None,0.0,ETH-25SEP20-800-P,238.65,0.0,0.0,0.0,0.0,0.0,0.0,0.36869,-0.09028,-4.32772,0.00105,-0.88306
245.99,ETH-26JUN20,1583492340174,open,0.29,231.0,0.217,0.341,0.277875,86.15,0.274,0.0,ETH-26JUN20-280-P,238.65,83.49,0.272,320.0,0.3175,18.0,104.1,0.54301,-0.20907,-0.59644,0.0034,-0.51318
245.99,ETH-26JUN20,1583492340175,open,0.14,1623.0,0.0915,0.188,0.139571,86.13,0.1325,0.0,ETH-26JUN20-280-C,238.65,84.06,0.135,590.0,0.1445,303.0,88.36,0.54301,-0.20902,0.26178,0.0034,0.48677
251.77,SYN.ETH-25SEP20,1583492340172,open,0.1,490.0,0.054,0.156,0.101781,91.65,0.099,0.0,ETH-25SEP20-440-C,238.65,90.98,0.1,150.0,0.104,287.0,92.48,0.66882,-0.15107,0.30154,0.00207,0.31726
239.15,SYN.ETH-13MAR20,1583492340171,open,0.01,646.0,0.003,0.0425,0.018374,65.54,0.017,0.0,ETH-13MAR20-250-C,238.65,61.73,0.0165,240.0,0.02,283.0,68.8,0.11843,-0.56442,0.0139,0.01677,0.32698
251.77,SYN.ETH-25SEP20,1583492340172,open,0.07,155.0,0.0385,0.107,0.069765,85.81,0.085,0.0,ETH-25SEP20-160-P,238.65,83.65,0.066,240.0,0.0735,288.0,87.93,0.44125,-0.09332,-0.31014,0.00146,-0.15186
251.77,SYN.ETH-25SEP20,1583492340175,open,0.03,235.0,0.012,0.051,0.028213,87.93,0.0295,0.0,ETH-25SEP20-120-P,238.65,86.74,0.027,250.0,0.0295,4.0,89.17,0.25862,-0.05604,-0.14079,0.00083,-0.07239
251.77,SYN.ETH-25SEP20,1583492340175,open,0.86,0.0,0.7615,0.9435,0.849339,91.62,None,0.0,ETH-25SEP20-440-P,238.65,0.0,0.0,0.0,0.0,0.0,0.0,0.66872,-0.151,-2.14416,0.00207,-0.68286
251.77,SYN.ETH-25SEP20,1583492340172,open,0.62,4.0,0.5985,0.6425,0.61968,91.66,0.625,0.0,ETH-25SEP20-100-C,238.65,0.0,0.6025,1.0,0.6635,3.0,138.3,0.17869,-0.04037,0.46891,0.00055,0.95476
239.15,SYN.ETH-13MAR20,1583492340171,open,0.23,0.0,0.1775,0.2535,0.21392,74.53,None,0.0,ETH-13MAR20-290-P,238.65,0.0,0.0,0.0,0.0,0.0,0.0,0.02438,-0.13215,-0.05318,0.00304,-0.96664
251.77,SYN.ETH-25SEP20,1583492340172,open,0.02,419.0,0.006,0.0335,0.016852,91.64,0.0155,0.0,ETH-25SEP20-100-P,238.65,88.96,0.015,250.0,0.019,353.0,94.59,0.17862,-0.04034,-0.08686,0.00055,-0.04522
239.15,SYN.ETH-13MAR20,1583492340171,open,0.15,0.0,0.098,0.172,0.133722,68.85,None,0.0,ETH-13MAR20-270-P,238.65,0.0,0.0,0.0,0.0,0.0,0.0,0.06095,-0.30516,-0.0462,0.00822,-0.8919
251.77,SYN.ETH-25SEP20,1583492340172,open,1.01,0.0,0.901,1.0885,0.991041,91.79,None,0.0,ETH-25SEP20-480-P,238.65,0.0,0.0,0.0,0.0,0.0,0.0,0.62521,-0.14144,-2.4028,0.00193,-0.72598
251.77,SYN.ETH-25SEP20,1583492340176,open,0.58,0.0,0.4895,0.6535,0.569816,87.79,None,0.0,ETH-25SEP20-360-P,238.65,17.23,0.43,1.0,1.1,1.0,291.05,0.73107,-0.15818,-1.61845,0.00236,-0.58671
251.77,SYN.ETH-25SEP20,1583492340174,open,0.06,731.0,0.027,0.1105,0.063287,93.9,0.051,0.0,ETH-25SEP20-560-C,238.65,91.9,0.059,295.0,0.0675,340.0,95.82,0.54729,-0.12666,0.21121,0.00165,0.21422
251.77,SYN.ETH-25SEP20,1583492340172,open,0.76,5.0,0.755,0.7755,0.764774,97.56,0.769,0.0,ETH-25SEP20-60-C,238.65,0.0,0.023,20.0,0.7905,3.0,159.92,0.04898,-0.01178,0.31552,0.00014,0.99024
239.15,SYN.ETH-13MAR20,1583492340172,open,0.31,0.0,0.259,0.337,0.296457,74.31,None,0.0,ETH-13MAR20-310-P,238.65,0.0,0.0,0.0,0.0,0.0,0.0,0.00585,-0.03162,-0.05812,0.00073,-0.99367
251.77,SYN.ETH-25SEP20,1583492340172,open,0.14,872.0,0.0865,0.1965,0.139996,87.81,0.13,0.0,ETH-25SEP20-360-C,238.65,85.74,0.134,489.0,0.1455,279.0,89.7,0.7311,-0.15822,0.38255,0.00236,0.41336
251.77,SYN.ETH-25SEP20,1583492340172,open,0.49,17.0,0.4565,0.525,0.49069,87.09,0.49,0.0,ETH-25SEP20-140-C,238.65,59.46,0.458,120.0,0.0,0.0,0.0,0.3521,-0.07558,0.55931,0.00115,0.89037
239.15,SYN.ETH-13MAR20,1583492340171,open,0.32,1.0,0.3105,0.3505,0.330979,89.36,0.274,0.0,ETH-13MAR20-160-C,238.65,0.0,0.3135,21.0,0.3355,21.0,181.28,0.0005,-0.00323,0.03012,5e-05,0.99958
251.77,SYN.ETH-25SEP20,1583492340172,open,0.38,176.0,0.3385,0.4295,0.384762,85.53,0.397,0.0,ETH-25SEP20-180-C,238.65,80.82,0.375,376.0,0.3865,256.0,86.37,0.52398,-0.11045,0.58243,0.00174,0.80096
251.77,SYN.ETH-25SEP20,1583492340174,open,1.31,0.0,1.1925,1.3925,1.287451,93.86,None,0.0,ETH-25SEP20-560-P,238.65,0.0,0.0,0.0,0.0,0.0,0.0,0.54701,-0.12654,-2.90154,0.00165,-0.78597
251.77,SYN.ETH-25SEP20,1583492340173,open,0.26,414.0,0.208,0.3175,0.263921,83.93,0.255,0.0,ETH-25SEP20-240-C,238.65,81.42,0.257,482.0,0.27,262.0,86.13,0.69416,-0.14358,0.54238,0.00235,0.6515
251.77,SYN.ETH-25SEP20,1583492340173,open,0.17,534.0,0.114,0.2275,0.170279,86.43,0.167,0.0,ETH-25SEP20-320-C,238.65,84.48,0.1645,275.0,0.176,275.0,88.35,0.74789,-0.15931,0.43351,0.00246,0.48007
251.77,SYN.ETH-25SEP20,1583492340172,open,1.16,0.0,1.0455,1.239,1.137872,92.74,None,0.0,ETH-25SEP20-520-P,238.65,0.0,0.0,0.0,0.0,0.0,0.0,0.58473,-0.13365,-2.6546,0.00179,-0.75908
241.97,SYN.ETH-24APR20,1583492340171,open,0.3,0.0,0.2375,0.345,0.289631,84.94,None,0.0,ETH-24APR20-300-P,238.65,0.0,0.0,0.0,0.0,0.0,0.0,0.30595,-0.26584,-0.32198,0.00459,-0.70409
251.77,SYN.ETH-25SEP20,1583492340173,open,0.05,1705.0,0.019,0.0925,0.049386,96.03,0.048,0.0,ETH-25SEP20-640-C,238.65,94.22,0.046,300.0,0.0525,298.0,97.64,0.47906,-0.11338,0.17198,0.00142,0.17228
251.77,SYN.ETH-25SEP20,1583492340173,open,0.18,606.0,0.1195,0.228,0.172181,83.93,0.187,0.0,ETH-25SEP20-220-P,238.65,83.09,0.17,250.0,0.183,255.0,88.12,0.65125,-0.13472,-0.65881,0.0022,-0.2986
239.15,SYN.ETH-13MAR20,1583492340172,open,0.0,340.0,0.0005,0.013,0.002474,71.8,0.002,0.0,ETH-13MAR20-280-C,238.65,65.05,0.0015,300.0,0.0035,300.0,77.47,0.03933,-0.20533,0.00261,0.00508,0.06045
239.15,SYN.ETH-13MAR20,1583492340172,open,0.0,228.0,0.0005,0.0105,0.000555,74.92,0.001,0.0,ETH-13MAR20-300-C,238.65,0.0,0.0,0.0,0.001,5.0,81.64,0.01289,-0.07023,0.00068,0.0016,0.01565
239.15,SYN.ETH-13MAR20,1583492340172,open,0.0,786.0,0.0005,0.0105,0.000189,82.38,0.001,0.0,ETH-13MAR20-180-P,238.65,0.0,0.0,0.0,0.0005,5.0,92.96,0.00482,-0.0289,-0.00024,0.00054,-0.00509
251.77,SYN.ETH-25SEP20,1583492340171,open,0.01,500.0,0.0005,0.019,0.00838,94.78,0.008,0.0,ETH-25SEP20-80-P,238.65,91.35,0.007,250.0,0.01,356.0,98.44,0.10632,-0.02484,-0.04543,0.00032,-0.02408
251.77,SYN.ETH-25SEP20,1583492340173,open,0.33,545.0,0.2545,0.3935,0.322941,85.25,0.324,0.0,ETH-25SEP20-280-P,238.65,84.25,0.32,250.0,0.372,19.0,102.07,0.74039,-0.15556,-1.06788,0.00247,-0.44016
251.77,SYN.ETH-25SEP20,1583492340175,open,1.61,0.0,1.491,1.7035,1.591288,95.97,None,0.0,ETH-25SEP20-640-P,238.65,0.0,0.0,0.0,0.0,0.0,0.0,0.47864,-0.11322,-3.38548,0.00142,-0.82795
251.77,SYN.ETH-25SEP20,1583492340172,open,0.08,1017.0,0.0415,0.136,0.084615,91.82,0.076,0.0,ETH-25SEP20-480-C,238.65,89.95,0.08,500.0,0.089,290.0,93.58,0.62537,-0.14152,0.26525,0.00193,0.27416
239.15,SYN.ETH-13MAR20,1583492340171,open,0.19,0.0,0.1375,0.2125,0.173269,71.7,None,0.0,ETH-13MAR20-280-P,238.65,0.0,0.0,0.0,0.0,0.0,0.0,0.03919,-0.20433,-0.05014,0.00507,-0.93982
239.15,SYN.ETH-13MAR20,1583492340171,open,0.0,262.0,0.0005,0.019,0.004741,68.91,0.0045,0.0,ETH-13MAR20-270-C,238.65,65.9,0.004,300.0,0.0055,300.0,71.79,0.06104,-0.30587,0.00467,0.00822,0.10831
239.15,SYN.ETH-13MAR20,1583492340172,open,0.0,310.0,0.0005,0.0105,0.00022,75.02,0.0005,0.0,ETH-13MAR20-310-C,238.65,0.0,0.0,0.0,0.0005,5.0,82.87,0.00622,-0.03392,0.0003,0.00077,0.00678
239.15,SYN.ETH-13MAR20,1583492340172,open,0.0,42.0,0.0005,0.0105,3.5e-05,82.54,0.001,0.0,ETH-13MAR20-170-P,238.65,0.0,0.0,0.0,0.001,59.0,120.61,0.00118,-0.00708,-5e-05,0.00013,-0.00107
251.77,SYN.ETH-25SEP20,1583492340173,open,0.07,388.0,0.0335,0.122,0.072577,92.77,0.062,0.0,ETH-25SEP20-520-C,238.65,90.78,0.068,493.0,0.077,293.0,94.66,0.58495,-0.13375,0.2358,0.00179,0.24108
251.77,SYN.ETH-25SEP20,1583492340173,open,0.0,678.0,0.0005,0.013,0.003077,97.51,0.0045,0.0,ETH-25SEP20-60-P,238.65,91.21,0.002,550.0,0.0045,300.0,104.02,0.04888,-0.01175,-0.01793,0.00014,-0.00974
251.77,SYN.ETH-25SEP20,1583492340172,open,0.33,298.0,0.29,0.3895,0.34098,85.46,0.3425,0.0,ETH-25SEP20-200-C,238.65,80.8,0.33,477.0,0.3425,257.0,86.1,0.59431,-0.12517,0.57477,0.00197,0.75171
251.77,SYN.ETH-25SEP20,1583492340172,open,0.11,499.0,0.066,0.171,0.115803,88.82,0.114,0.0,ETH-25SEP20-400-C,238.65,86.36,0.109,532.0,0.122,283.0,91.04,0.6998,-0.15319,0.33673,0.00224,0.35643
239.15,SYN.ETH-13MAR20,1583492340172,open,0.27,0.0,0.218,0.295,0.254978,74.59,None,0.0,ETH-13MAR20-300-P,238.65,0.0,0.0,0.0,0.0,0.0,0.0,0.01262,-0.06847,-0.05585,0.00157,-0.98473
251.77,SYN.ETH-25SEP20,1583492340174,open,0.14,502.0,0.0885,0.186,0.135324,85.45,0.156,0.0,ETH-25SEP20-200-P,238.65,83.19,0.13,250.0,0.141,267.0,87.85,0.59431,-0.12515,-0.53683,0.00197,-0.24829
251.77,SYN.ETH-25SEP20,1583492340173,open,0.3,502.0,0.2445,0.3495,0.298402,83.95,0.27,0.0,ETH-25SEP20-220-C,238.65,81.47,0.292,480.0,0.304,260.0,86.11,0.65124,-0.13474,0.56397,0.0022,0.70141
251.77,SYN.ETH-25SEP20,1583492340172,open,0.43,164.0,0.3935,0.474,0.434289,85.83,0.429,0.0,ETH-25SEP20-160-C,238.65,67.53,0.404,120.0,0.0,0.0,0.0,0.44128,-0.09334,0.57912,0.00146,0.84812
251.77,SYN.ETH-25SEP20,1583492340173,open,2.4,0.0,2.25,2.497,2.36579,100.34,None,0.0,ETH-25SEP20-840-P,238.65,0.0,0.0,0.0,0.0,0.0,0.0,0.34859,-0.08621,-4.55878,0.00099,-0.89188
251.77,SYN.ETH-25SEP20,1583492340172,open,0.03,2.0,0.009,0.0645,0.029544,100.44,0.031,0.0,ETH-25SEP20-840-C,238.65,98.56,0.027,200.0,0.032,300.0,102.17,0.34941,-0.08649,0.11044,0.00099,0.10847
239.15,SYN.ETH-13MAR20,1583492340172,open,0.0,1288.0,0.0005,0.012,0.002299,80.88,0.0025,0.0,ETH-13MAR20-200-P,238.65,74.34,0.0015,600.0,0.0035,312.0,88.7,0.03269,-0.19228,-0.00226,0.00375,-0.04786
239.15,SYN.ETH-13MAR20,1583492340172,open,0.03,406.0,0.01,0.062,0.03409,65.36,0.031,0.0,ETH-13MAR20-240-C,238.65,60.63,0.0315,180.0,0.0365,262.0,69.76,0.13094,-0.62235,0.02108,0.0186,0.50212
251.77,SYN.ETH-25SEP20,1583492340172,open,0.69,1.0,0.676,0.7075,0.690642,94.81,0.684,0.0,ETH-25SEP20-80-C,238.65,0.0,0.62,1.0,0.0,0.0,0.0,0.10641,-0.02486,0.39918,0.00032,0.97589
251.77,SYN.ETH-25SEP20,1583492340172,open,0.1,1077.0,0.0605,0.144,0.099672,85.52,0.113,0.0,ETH-25SEP20-180-P,238.65,83.27,0.095,240.0,0.1045,278.0,87.83,0.52396,-0.11043,-0.418,0.00174,-0.19903
251.77,SYN.ETH-25SEP20,1583492340172,open,0.05,628.0,0.023,0.077,0.046731,87.08,0.044,0.0,ETH-25SEP20-140-P,238.65,85.11,0.044,230.0,0.05,296.0,89.39,0.35205,-0.07555,-0.21878,0.00115,-0.10961
239.15,SYN.ETH-13MAR20,1583492340172,open,0.16,0.0,0.1385,0.1935,0.166018,80.97,None,0.0,ETH-13MAR20-200-C,238.65,0.0,0.1635,3.0,0.183,18.0,148.02,0.03278,-0.193,0.03541,0.00376,0.95198
239.15,SYN.ETH-13MAR20,1583492340172,open,0.01,332.0,0.0005,0.028,0.009348,66.69,0.012,0.0,ETH-13MAR20-260-C,238.65,64.4,0.0085,240.0,0.01,307.0,68.4,0.08988,-0.43589,0.00827,0.01251,0.19284
239.15,SYN.ETH-13MAR20,1583492340172,open,0.11,0.0,0.061,0.1335,0.096514,66.65,None,0.0,ETH-13MAR20-260-P,238.65,0.0,0.081,16.0,0.134,16.0,146.02,0.08984,-0.43541,-0.04072,0.01251,-0.80732
239.15,SYN.ETH-13MAR20,1583492340172,open,0.0,559.0,0.0005,0.0105,0.000773,82.3,0.001,0.0,ETH-13MAR20-190-P,238.65,77.2,0.0005,300.0,0.0015,5.0,91.81,0.01464,-0.08764,-0.00085,0.00165,-0.01817
251.77,SYN.ETH-25SEP20,1583492340175,open,0.05,327.0,0.0225,0.101,0.055617,94.95,0.0495,0.0,ETH-25SEP20-600-C,238.65,93.4,0.0525,297.0,0.0595,297.0,96.84,0.51166,-0.11974,0.19001,0.00153,0.1914
251.77,SYN.ETH-25SEP20,1583492340174,open,0.03,182.0,0.0075,0.0605,0.026783,101.0,0.029,0.0,ETH-25SEP20-880-C,238.65,98.8,0.024,500.0,0.0295,300.0,103.04,0.3278,-0.0816,0.10152,0.00092,0.09933
239.15,SYN.ETH-13MAR20,1583492340198,open,0.2,0.0,0.181,0.231,0.206306,82.48,None,0.0,ETH-13MAR20-190-C,238.65,0.0,0.2055,1.0,0.222,19.0,165.8,0.01478,-0.08862,0.03493,0.00166,0.98164
9318.83,SYN.BTC-24APR20,1583492341293,open,0.06,125.4,0.033,0.085,0.05581409,57.99,0.054,0.0,BTC-24APR20-10000-C,9162.81,57.07,0.0545,32.0,0.0565,0.1,58.47,13.26008,-7.86636,4.42549,0.0002,0.41046
240.19,ETH-27MAR20,1583492341306,open,0.44,0.0,0.376,0.4715,0.421228,89.86,None,0.0,ETH-27MAR20-340-P,238.65,0.0,0.0,0.0,0.0,0.0,0.0,0.07332,-0.1578,-0.18623,0.00247,-0.93444
240.19,ETH-27MAR20,1583492341306,open,0.6,0.0,0.5365,0.638,0.584734,97.21,None,0.0,ETH-27MAR20-380-P,238.65,0.0,0.0,0.0,0.0,0.0,0.0,0.04087,-0.09516,-0.21335,0.00127,-0.96834
240.19,ETH-27MAR20,1583492341306,open,0.0,10.0,0.0005,0.0125,0.002587,96.82,0.0065,0.0,ETH-27MAR20-380-C,238.65,89.19,0.0015,650.0,0.004,357.0,104.15,0.04023,-0.0933,0.00391,0.00126,0.03107
240.19,ETH-27MAR20,1583492341306,open,0.28,0.0,0.2195,0.31,0.263093,82.12,None,0.0,ETH-27MAR20-300-P,238.65,0.0,0.0,0.0,0.4055,1.0,249.24,0.13427,-0.26409,-0.15283,0.00496,-0.84943
9223.58,BTC-27MAR20,1583492341487,open,0.03,390.3,0.0235,0.0705,0.03552254,50.69,0.035,0.0,BTC-27MAR20-9500-C,9162.81,49.07,0.034,49.6,0.037,43.6,52.27,8.65398,-10.50756,2.06738,0.00035,0.42742
9182.83,SYN.BTC-13MAR20,1583492341655,open,0.01,381.9,0.0005,0.023,0.00390136,48.54,0.0035,0.0,BTC-13MAR20-8500-P,9162.81,47.02,0.0035,60.7,0.0045,2.5,50.71,2.46767,-8.71072,-0.20812,0.00032,-0.11641
9182.83,SYN.BTC-13MAR20,1583492341657,open,0.02,284.3,0.011,0.053,0.02124653,45.01,0.021,0.0,BTC-13MAR20-9250-C,9162.81,42.73,0.02,0.3,0.021,17.0,44.56,5.00901,-16.39554,0.76814,0.0007,0.4653
241.97,SYN.ETH-24APR20,1583492341733,open,0.42,40.0,0.406,0.4505,0.427826,94.83,0.415,0.0,ETH-24APR20-140-C,238.65,51.74,0.4215,25.0,0.438,25.0,119.64,0.07635,-0.07407,0.17242,0.00103,0.95997
241.97,SYN.ETH-24APR20,1583492341733,open,0.01,649.0,0.0005,0.0175,0.006407,94.83,0.0075,0.0,ETH-24APR20-140-P,238.65,91.84,0.0055,590.0,0.0075,1.0,98.15,0.07635,-0.07407,-0.01505,0.00103,-0.04003
241.97,SYN.ETH-24APR20,1583492341733,open,0.08,234.0,0.0395,0.1095,0.07239,80.71,0.073,0.0,ETH-24APR20-220-P,238.65,78.5,0.0695,527.0,0.075,192.0,82.7,0.31631,-0.26116,-0.12688,0.005,-0.31918
241.97,SYN.ETH-24APR20,1583492341733,open,0.27,0.0,0.2475,0.312,0.280028,84.49,None,0.0,ETH-24APR20-180-C,238.65,42.1,0.2575,23.0,0.299,23.0,106.47,0.19045,-0.1646,0.19014,0.00288,0.86684
241.97,SYN.ETH-24APR20,1583492341733,open,0.02,338.0,0.0085,0.0465,0.023917,84.49,0.03,0.0,ETH-24APR20-180-P,238.65,82.67,0.0225,240.0,0.0255,595.0,86.48,0.19045,-0.1646,-0.0509,0.00288,-0.13316
9533.09,BTC-26JUN20,1583492341806,open,0.16,1099.8,0.1325,0.207,0.167132,64.34,0.1605,0.0,BTC-26JUN20-9000-C,9162.81,61.4,0.161,40.4,0.166,0.5,63.8,19.87534,-5.71503,13.6108,0.00011,0.63294
9766.08,BTC-25SEP20,1583492341840,open,2.72,0.0,2.6185,2.797,2.69969812,91.58,None,0.0,BTC-25SEP20-36000-P,9162.81,0.0,0.0005,1.0,0.0,0.0,0.0,8.47835,-1.91366,-197.66386,2e-05,-0.94171
9223.58,BTC-27MAR20,1583492341864,open,2.7,0.0,2.614,2.761,2.68619633,0.0,None,0.0,BTC-27MAR20-34000-P,9162.81,0.0,0.0005,1.0,0.0,0.0,0.0,0.0,0.0,-19.44585,0.0,-1.0
9223.58,BTC-27MAR20,1583492341864,open,0.01,1922.4,0.0005,0.027,0.00783242,53.22,0.008,0.0,BTC-27MAR20-8000-P,9162.81,51.42,0.007,69.7,0.0085,30.0,54.6,4.37654,-5.5782,-0.66704,0.00017,-0.11861
9223.58,BTC-27MAR20,1583492341871,open,2.49,0.0,2.4015,2.54,2.46936136,0.0,None,0.0,BTC-27MAR20-32000-P,9162.81,0.0,0.0005,1.0,0.0,0.0,0.0,0.0,0.0,-18.30198,0.0,-1.0
9223.58,BTC-27MAR20,1583492341887,open,0.01,1113.7,0.0005,0.023,0.00781037,59.0,0.007,0.0,BTC-27MAR20-11000-C,9162.81,57.26,0.007,55.0,0.0085,55.0,60.42,4.39852,-6.21583,0.58898,0.00015,0.11946
9766.08,BTC-25SEP20,1583492341932,open,0.23,152.2,0.189,0.276,0.22911584,66.24,0.205,0.0,BTC-25SEP20-9000-C,9162.81,64.19,0.2235,20.6,0.2305,15.7,66.75,26.67952,-4.3557,23.38696,8e-05,0.65996
9165.36,SYN.BTC-7MAR20,1583492342085,open,0.0,34.7,0.0005,0.0105,0.00027865,63.41,0.0005,0.0,BTC-7MAR20-9750-C,9162.73,0.0,0.0,0.0,0.0005,0.2,69.99,0.25453,-2.55395,0.00524,0.0002,0.02411
9182.83,SYN.BTC-13MAR20,1583492342086,open,0.23,0.0,0.2015,0.2535,0.22583664,70.91,None,0.0,BTC-13MAR20-11250-P,9162.73,0.0,0.0005,0.1,0.0,0.0,0.0,0.63104,-3.25419,-2.08448,6e-05,-0.97919
9165.36,SYN.BTC-7MAR20,1583492342086,open,0.0,66.0,0.0005,0.0105,9.045e-05,63.67,0.0005,0.0,BTC-7MAR20-9875-C,9162.73,0.0,0.0,0.0,0.0005,30.5,81.58,0.10659,-0.82899,0.00191,8e-05,0.00876
9203.2,SYN.BTC-20MAR20,1583492342086,open,0.0,21.5,0.0005,0.012,0.00249346,66.31,0.002,0.0,BTC-20MAR20-11500-C,9162.73,63.64,0.002,30.0,0.003,30.0,68.76,1.80931,-4.32336,0.16133,8e-05,0.0486
9165.36,SYN.BTC-7MAR20,1583492342086,open,0.07,0.0,0.043,0.087,0.06406665,63.41,None,0.0,BTC-7MAR20-9750-P,9162.73,0.0,0.0535,4.0,0.0845,4.0,226.82,0.25447,-8.06737,-0.22868,0.0002,-0.9759
9318.81,SYN.BTC-24APR20,1583492342086,open,0.07,186.7,0.041,0.096,0.06495212,56.49,0.065,0.0,BTC-24APR20-9000-P,9162.73,55.11,0.063,34.2,0.066,19.3,57.24,13.11096,-7.57725,-5.71336,0.0002,-0.39291
9318.81,SYN.BTC-24APR20,1583492342086,open,0.01,112.6,0.0025,0.0305,0.01237837,68.15,0.0115,0.0,BTC-24APR20-13000-C,9162.73,66.88,0.0115,75.9,0.013,0.1,69.03,6.54085,-4.56029,1.25684,8e-05,0.1131
9182.83,SYN.BTC-13MAR20,1583492342085,open,0.0,240.4,0.0005,0.0105,5.42e-06,64.98,0.0005,0.0,BTC-13MAR20-6750-P,9162.73,0.0,0.0,0.0,0.0005,2.1,99.78,0.01117,-0.04982,-0.00042,0.0,-0.00024
9165.36,SYN.BTC-7MAR20,1583492342086,open,0.0,34.5,0.0005,0.0105,0.00055288,57.1,0.0005,0.0,BTC-7MAR20-8750-P,9162.73,55.97,0.0005,9.0,0.001,30.0,64.92,0.44247,-5.06736,-0.01051,0.00038,-0.04724
9203.2,SYN.BTC-20MAR20,1583492342086,open,0.23,0.0,0.1995,0.255,0.22540644,63.46,None,0.0,BTC-20MAR20-11250-P,9162.73,0.0,0.209,6.0,0.252,6.1,122.83,2.11613,-4.83872,-4.08003,0.0001,-0.94077
9165.36,SYN.BTC-7MAR20,1583492342086,open,0.08,0.0,0.0565,0.1005,0.07751675,63.66,None,0.0,BTC-7MAR20-9875-P,9162.73,0.0,0.0675,4.0,0.098,4.0,246.83,0.1065,-3.38999,-0.23501,8e-05,-0.99125
9203.2,SYN.BTC-20MAR20,1583492342087,open,0.26,0.0,0.226,0.282,0.25205665,66.3,None,0.0,BTC-20MAR20-11500-P,9162.73,0.0,0.236,6.0,0.2785,6.1,129.16,1.80856,-4.32098,-4.21055,8e-05,-0.95142
9203.2,SYN.BTC-20MAR20,1583492342086,open,0.0,39.5,0.0005,0.013,0.00300766,63.46,0.003,0.0,BTC-20MAR20-11250-C,9162.73,61.14,0.0025,30.0,0.0035,41.0,65.52,2.1168,-4.84085,0.1968,0.0001,0.05926
9165.36,SYN.BTC-7MAR20,1583492342086,open,0.03,0.0,0.005,0.0465,0.02467226,45.27,None,0.0,BTC-7MAR20-9375-P,9162.73,39.07,0.024,6.0,0.0265,6.0,59.03,1.0768,-24.37574,-0.19089,0.00118,-0.84345
9182.83,SYN.BTC-13MAR20,1583492342086,open,0.26,0.0,0.25,0.2795,0.26493808,65.41,None,0.0,BTC-13MAR20-6750-C,9162.73,0.0,0.2515,8.0,0.272,8.0,161.24,0.01206,-0.05737,1.27108,0.0,0.99974
9182.83,SYN.BTC-13MAR20,1583492342086,open,0.0,353.3,0.0005,0.0105,0.0007244,70.93,0.001,0.0,BTC-13MAR20-11250-C,9162.73,67.26,0.0005,56.0,0.001,20.0,74.53,0.63154,-3.25737,0.03477,6e-05,0.02083
9203.2,SYN.BTC-20MAR20,1583492342086,open,0.03,18.7,0.023,0.07,0.03431188,47.21,0.0335,0.0,BTC-20MAR20-9250-C,9162.73,45.52,0.033,4.0,0.036,18.0,49.38,7.15834,-12.17634,1.6166,0.00047,0.49637
238.71,SYN.ETH-7MAR20,1583492342131,open,0.01,80.0,0.0005,0.019,0.002142,67.68,0.004,0.0,ETH-7MAR20-230-P,238.65,54.79,0.001,433.0,0.0035,150.0,79.72,0.02443,-0.5115,-0.00074,0.02641,-0.12772
239.67,SYN.ETH-20MAR20,1583492342141,open,0.02,13.0,0.007,0.052,0.026099,72.94,0.026,0.0,ETH-20MAR20-260-C,238.65,71.35,0.025,240.0,0.0295,561.0,77.87,0.1644,-0.43209,0.02569,0.01032,0.30804
241.97,SYN.ETH-24APR20,1583492342142,open,0.12,340.0,0.0815,0.1595,0.120766,80.54,0.115,0.0,ETH-24APR20-240-C,238.65,79.29,0.119,144.0,0.1255,332.0,83.81,0.34787,-0.28661,0.14539,0.00551,0.56951
241.97,SYN.ETH-24APR20,1583492342144,open,0.01,539.0,0.003,0.0335,0.013625,93.39,0.015,0.0,ETH-24APR20-400-C,238.65,92.4,0.013,240.0,0.0155,591.0,96.3,0.15176,-0.14499,0.02696,0.00207,0.09682
238.71,SYN.ETH-7MAR20,1583492342297,open,0.05,91.0,0.0285,0.086,0.057903,66.99,0.049,0.0,ETH-7MAR20-225-C,238.65,0.0,0.032,11.0,0.069,11.0,171.41,0.00891,-0.29832,0.0052,0.00973,0.9656
238.71,SYN.ETH-7MAR20,1583492342297,open,0.0,40.0,0.0005,0.0105,7.5e-05,68.06,0.001,0.0,ETH-7MAR20-220-P,238.65,0.0,0.0,0.0,0.0025,337.0,125.12,0.00223,-0.01792,-4e-05,0.0024,-0.00684
238.71,SYN.ETH-7MAR20,1583492342297,open,0.0,22.0,0.0005,0.0105,0.0,68.11,0.001,0.0,ETH-7MAR20-205-P,238.65,0.0,0.0,0.0,0.0005,6.0,151.17,0.0,0.0,0.0,0.0,0.0
238.71,SYN.ETH-7MAR20,1583492342297,open,0.0,235.0,0.0005,0.0105,0.0,68.11,0.0005,0.0,ETH-7MAR20-210-P,238.65,0.0,0.0,0.0,0.0005,1.0,130.42,3e-05,-0.00011,0.0,3e-05,-6e-05
238.71,SYN.ETH-7MAR20,1583492342297,open,0.0,42.0,0.0005,0.0105,7e-06,68.1,0.0015,0.0,ETH-7MAR20-215-P,238.65,0.0,0.0,0.0,0.0005,5.0,109.77,0.00032,-0.00177,0.0,0.00035,-0.00081
238.71,SYN.ETH-7MAR20,1583492342301,open,0.01,60.0,0.0005,0.0355,0.01051,66.48,0.008,0.0,ETH-7MAR20-240-C,238.65,53.45,0.008,93.0,0.0125,303.0,76.76,0.04613,-1.53359,0.00247,0.05076,0.44092
238.71,SYN.ETH-7MAR20,1583492342301,open,0.0,45.0,0.0005,0.0105,0.000489,67.97,0.0005,0.0,ETH-7MAR20-225-P,238.65,0.0,0.0,0.0,0.0015,160.0,86.22,0.00934,-0.11665,-0.00021,0.01005,-0.03643
238.71,SYN.ETH-7MAR20,1583492342301,open,0.0,31.0,0.0005,0.016,0.001471,70.34,0.0025,0.0,ETH-7MAR20-250-C,238.65,55.29,0.0005,150.0,0.0025,33.0,81.49,0.01943,-0.35124,0.00052,0.0202,0.09285
238.71,SYN.ETH-7MAR20,1583492342301,open,0.07,0.0,0.05,0.1055,0.078435,63.11,None,0.0,ETH-7MAR20-220-C,238.65,0.0,0.0535,11.0,0.0875,11.0,188.08,0.00137,-0.04319,0.00526,0.00159,0.99605
238.71,SYN.ETH-7MAR20,1583492342301,open,0.03,1.0,0.0005,0.045,0.015935,66.69,0.0245,0.0,ETH-7MAR20-240-P,238.65,51.45,0.013,90.0,0.0185,90.0,79.93,0.04614,-1.53854,-0.00329,0.0506,-0.55885
238.71,SYN.ETH-7MAR20,1583492342301,open,0.03,9.0,0.0085,0.0675,0.03861,67.34,0.0245,0.0,ETH-7MAR20-230-C,238.65,0.0,0.036,30.0,0.041,30.0,87.6,0.02425,-0.81642,0.00478,0.02634,0.87368
239.67,SYN.ETH-20MAR20,1583492342310,open,0.2,0.0,0.1845,0.239,0.211872,81.93,None,0.0,ETH-20MAR20-190-C,238.65,0.0,0.187,10.0,0.224,10.0,118.13,0.05751,-0.16978,0.06611,0.00321,0.93745
239.67,SYN.ETH-20MAR20,1583492342310,open,0.0,10.0,0.0005,0.0125,0.002642,86.25,0.0035,0.0,ETH-20MAR20-180-P,238.65,81.86,0.002,300.0,0.0035,301.0,91.28,0.03779,-0.11745,-0.00361,0.00201,-0.037
239.67,SYN.ETH-20MAR20,1583492342310,open,0.01,1.0,0.0005,0.023,0.007809,77.62,0.011,0.0,ETH-20MAR20-200-P,238.65,75.23,0.007,300.0,0.009,300.0,80.96,0.08308,-0.23237,-0.00999,0.0049,-0.10179
239.67,SYN.ETH-20MAR20,1583492342310,open,0.01,0.0,0.0005,0.0165,0.004628,81.98,None,0.0,ETH-20MAR20-190-P,238.65,79.27,0.004,300.0,0.0055,310.0,85.46,0.05757,-0.17008,-0.00613,0.00322,-0.06264
239.67,SYN.ETH-20MAR20,1583492342310,open,0.24,0.0,0.2265,0.277,0.25161,86.19,None,0.0,ETH-20MAR20-180-C,238.65,0.0,0.2295,10.0,0.2615,10.0,125.32,0.03771,-0.1171,0.06483,0.002,0.9631
239.67,SYN.ETH-20MAR20,1583492342310,open,0.17,0.0,0.1435,0.2025,0.173329,77.59,None,0.0,ETH-20MAR20-200-C,238.65,0.0,0.1455,10.0,0.193,10.0,121.25,0.08303,-0.23213,0.06605,0.0049,0.89829
239.67,SYN.ETH-20MAR20,1583492342310,open,0.29,0.0,0.269,0.3155,0.292136,90.34,None,0.0,ETH-20MAR20-170-C,238.65,0.0,0.272,10.0,0.3,10.0,132.69,0.02336,-0.07605,0.0626,0.00118,0.97923
239.67,SYN.ETH-20MAR20,1583492342316,open,0.0,0.0,0.0005,0.011,0.001444,90.44,None,0.0,ETH-20MAR20-170-P,238.65,77.44,0.0005,300.0,0.0025,300.0,99.48,0.02346,-0.07646,-0.00203,0.00119,-0.02087
239.67,SYN.ETH-20MAR20,1583492342316,open,0.03,15.0,0.0055,0.047,0.022162,71.8,0.023,0.0,ETH-20MAR20-220-P,238.65,69.08,0.0205,240.0,0.0245,240.0,75.56,0.14776,-0.38231,-0.02459,0.00942,-0.24768
239.67,SYN.ETH-20MAR20,1583492342316,open,0.12,0.0,0.073,0.151,0.110923,72.98,None,0.0,ETH-20MAR20-260-P,238.65,0.0,0.083,9.0,0.1495,9.0,125.57,0.16444,-0.43242,-0.07314,0.01032,-0.69181
239.67,SYN.ETH-20MAR20,1583492342316,open,0.0,0.0,0.0005,0.0105,0.000591,91.53,None,0.0,ETH-20MAR20-160-P,238.65,0.0,0.0,0.0,0.002,6.0,109.91,0.01169,-0.03855,-0.0009,0.00058,-0.0093
239.67,SYN.ETH-20MAR20,1583492342316,open,0.1,0.0,0.071,0.136,0.104235,71.78,None,0.0,ETH-20MAR20-220-C,238.65,68.12,0.102,71.0,0.1085,60.0,78.59,0.14775,-0.38215,0.05905,0.00943,0.75237
239.67,SYN.ETH-20MAR20,1583492342316,open,0.02,50.0,0.0025,0.033,0.013134,73.97,0.0155,0.0,ETH-20MAR20-210-P,238.65,71.56,0.012,531.0,0.0145,240.0,76.79,0.11437,-0.30485,-0.01591,0.00708,-0.16145
239.67,SYN.ETH-20MAR20,1583492342316,open,0.04,0.0,0.013,0.0665,0.036809,71.75,None,0.0,ETH-20MAR20-230-P,238.65,68.57,0.0345,240.0,0.039,243.0,74.76,0.17445,-0.45106,-0.03595,0.01113,-0.35777
239.67,SYN.ETH-20MAR20,1583492342319,open,0.06,251.0,0.0265,0.091,0.056483,71.75,0.0585,0.0,ETH-20MAR20-240-P,238.65,68.55,0.054,180.0,0.0595,196.0,75.63,0.18609,-0.4811,-0.04852,0.01188,-0.47599
239.67,SYN.ETH-20MAR20,1583492342319,open,0.0,0.0,0.0005,0.015,0.003763,88.04,None,0.0,ETH-20MAR20-320-C,238.65,84.3,0.003,300.0,0.005,300.0,93.3,0.052,-0.16498,0.00467,0.0027,0.05502
239.67,SYN.ETH-20MAR20,1583492342319,open,0.01,10.0,0.0005,0.026,0.008807,79.07,0.007,0.0,ETH-20MAR20-290-C,238.65,76.99,0.008,300.0,0.0105,306.0,83.17,0.09521,-0.27125,0.01042,0.00551,0.12316
239.67,SYN.ETH-20MAR20,1583492342319,open,0.23,0.0,0.1785,0.2625,0.218803,79.11,None,0.0,ETH-20MAR20-290-P,238.65,0.0,0.202,6.0,0.257,6.0,146.29,0.09528,-0.27162,-0.09981,0.00552,-0.87669
239.67,SYN.ETH-20MAR20,1583492342319,open,0.05,206.0,0.0255,0.086,0.055107,71.73,0.0465,0.0,ETH-20MAR20-240-C,238.65,69.01,0.053,180.0,0.0585,210.0,76.1,0.18609,-0.48098,0.04272,0.01188,0.524
239.67,SYN.ETH-20MAR20,1583492342319,open,0.09,0.0,0.0465,0.1195,0.081612,72.46,None,0.0,ETH-20MAR20-250-P,238.65,68.34,0.0785,191.0,0.085,207.0,76.92,0.18165,-0.47429,-0.06121,0.01148,-0.59015
239.67,SYN.ETH-20MAR20,1583492342319,open,0.07,10.0,0.0445,0.109,0.077158,71.74,0.066,0.0,ETH-20MAR20-230-C,238.65,68.08,0.0745,189.0,0.081,192.0,77.0,0.17445,-0.45093,0.05149,0.01114,0.64225
239.67,SYN.ETH-20MAR20,1583492342319,open,0.01,27.0,0.0005,0.02,0.00596,80.35,0.006,0.0,ETH-20MAR20-300-C,238.65,78.84,0.0055,300.0,0.008,300.0,86.45,0.07447,-0.21562,0.00745,0.00424,0.08775
239.67,SYN.ETH-20MAR20,1583492342322,open,0.01,17.0,0.002,0.0315,0.012091,75.96,0.012,0.0,ETH-20MAR20-280-C,238.65,75.77,0.012,240.0,0.013,2.0,77.81,0.11579,-0.31691,0.01389,0.00698,0.16453
239.67,SYN.ETH-20MAR20,1583492342322,open,0.33,0.0,0.312,0.354,0.333007,91.34,None,0.0,ETH-20MAR20-160-C,238.65,0.0,0.315,10.0,0.3395,10.0,141.35,0.01156,-0.03806,0.05994,0.00058,0.99082
239.67,SYN.ETH-20MAR20,1583492342324,open,0.35,0.0,0.2975,0.385,0.33893,88.13,None,0.0,ETH-20MAR20-320-P,238.65,0.0,0.3245,5.0,0.377,5.0,172.8,0.05215,-0.1656,-0.11696,0.00271,-0.94478
240.19,ETH-27MAR20,1583492342460,open,0.01,10330.0,0.0005,0.026,0.009351,87.38,0.01,0.0,ETH-27MAR20-320-C,238.65,84.1,0.008,510.0,0.011,664.0,91.1,0.10251,-0.21454,0.01277,0.00356,0.10232
251.77,SYN.ETH-25SEP20,1583492342712,open,0.03,166.0,0.01,0.0685,0.032116,99.44,0.034,0.0,ETH-25SEP20-800-C,238.65,98.67,0.031,10.0,0.033,9.0,100.03,0.36939,-0.09052,0.11914,0.00105,0.11725
240.18,ETH-27MAR20,1583492342714,open,1.02,0.0,0.9405,1.065,0.999663,121.44,None,0.0,ETH-27MAR20-480-P,238.65,0.0,0.004,50.0,0.0,0.0,0.0,0.01869,-0.05437,-0.27296,0.00047,-0.98742
245.98,ETH-26JUN20,1583492342716,open,1.32,0.0,1.2195,1.392,1.300366,99.21,None,0.0,ETH-26JUN20-560-P,238.65,0.0,0.01,50.0,0.0,0.0,0.0,0.25715,-0.11402,-1.65094,0.0014,-0.88936
245.98,ETH-26JUN20,1583492342716,open,0.02,1216.0,0.0065,0.0525,0.023758,99.21,0.0195,0.0,ETH-26JUN20-560-C,238.65,96.49,0.021,610.0,0.0265,351.0,101.77,0.25715,-0.11402,0.06551,0.0014,0.11064
251.77,SYN.ETH-25SEP20,1583492342716,open,0.04,33.0,0.0125,0.0755,0.037136,96.44,0.04,0.0,ETH-25SEP20-720-C,238.65,95.74,0.036,500.0,0.038,2.0,96.97,0.4081,-0.097,0.13733,0.0012,0.13527
251.77,SYN.ETH-25SEP20,1583492342716,open,2.08,0.0,1.945,2.1765,2.053487,98.25,None,0.0,ETH-25SEP20-760-P,238.65,0.0,0.0,0.0,0.0,0.0,0.0,0.39005,-0.09444,-4.09574,0.00113,-0.8733
245.98,ETH-26JUN20,1583492342718,open,0.05,1781.0,0.0175,0.083,0.045389,94.17,0.0465,0.0,ETH-26JUN20-440-C,238.65,91.93,0.042,605.0,0.0485,340.0,96.18,0.37706,-0.1587,0.11383,0.00216,0.19637
240.18,ETH-27MAR20,1583492342718,open,0.0,12994.0,0.0005,0.0105,0.000116,122.85,0.0005,0.0,ETH-27MAR20-600-C,238.65,0.0,0.0,0.0,0.001,350.0,150.81,0.00279,-0.00821,0.00019,7e-05,0.00149
240.18,ETH-27MAR20,1583492342718,open,0.07,4719.0,0.04,0.1055,0.072416,75.64,0.067,0.0,ETH-27MAR20-240-C,238.65,72.57,0.0695,487.0,0.0755,37.0,78.89,0.22813,-0.41329,0.06391,0.00914,0.53768
240.18,ETH-27MAR20,1583492342718,open,0.66,36.0,0.657,0.6765,0.666931,134.61,0.637,0.0,ETH-27MAR20-80-C,238.65,0.0,0.0005,100.0,0.0,0.0,0.0,0.00038,-0.00124,0.04573,1e-05,0.99983
245.98,ETH-26JUN20,1583492342718,open,0.01,1120.0,0.003,0.0365,0.014047,103.49,0.013,0.0,ETH-26JUN20-680-C,238.65,102.03,0.013,310.0,0.015,5.0,104.78,0.17952,-0.08304,0.04094,0.00094,0.06835
251.77,SYN.ETH-25SEP20,1583492342718,open,1.77,0.0,1.6415,1.859,1.743686,96.29,None,0.0,ETH-25SEP20-680-P,238.65,0.0,0.0,0.0,0.0,0.0,0.0,0.44275,-0.10506,-3.62591,0.00131,-0.84736
251.77,SYN.ETH-25SEP20,1583492342718,open,0.72,0.0,0.6205,0.793,0.704538,88.81,None,0.0,ETH-25SEP20-400-P,238.65,0.0,0.0,0.0,0.0,0.0,0.0,0.69978,-0.15317,-1.88658,0.00224,-0.6436
240.18,ETH-27MAR20,1583492342727,open,0.0,8797.0,0.0005,0.0125,0.00294,96.4,0.003,0.0,ETH-27MAR20-160-P,238.65,93.59,0.0025,350.0,0.0035,1.0,99.65,0.03935,-0.09085,-0.00456,0.00124,-0.03025
240.18,ETH-27MAR20,1583492342856,open,0.58,1117.0,0.571,0.596,0.583698,118.89,0.567,0.0,ETH-27MAR20-100-C,238.65,0.0,0.1,1.0,0.0,0.0,0.0,0.00127,-0.00361,0.0571,3e-05,0.99937
251.77,SYN.ETH-25SEP20,1583492342856,open,0.22,189.0,0.1585,0.2785,0.217148,83.92,0.218,0.0,ETH-25SEP20-240-P,238.65,83.14,0.215,250.0,0.2305,225.0,88.77,0.69417,-0.14357,-0.79158,0.00235,-0.34851
245.98,ETH-26JUN20,1583492342866,open,0.45,471.0,0.4255,0.4825,0.453439,88.62,0.543,0.0,ETH-26JUN20-140-C,238.65,44.08,0.4315,27.0,0.4705,27.0,106.94,0.2056,-0.08143,0.35052,0.00125,0.91835
245.98,ETH-26JUN20,1583492342866,open,0.13,583.0,0.082,0.175,0.126806,84.28,0.124,0.0,ETH-26JUN20-220-P,238.65,81.85,0.122,258.0,0.135,286.0,88.43,0.4859,-0.18303,-0.33557,0.00311,-0.31828
240.18,ETH-27MAR20,1583492342876,open,0.0,2324.0,0.0005,0.0105,1e-06,115.06,0.0005,0.0,ETH-27MAR20-80-P,238.65,0.0,0.0,0.0,0.0005,253.0,183.94,4e-05,-0.00012,0.0,0.0,-2e-05
251.77,SYN.ETH-25SEP20,1583492342883,open,1.46,0.0,1.3415,1.547,1.438746,94.96,None,0.0,ETH-25SEP20-600-P,238.65,0.0,0.0,0.0,0.0,0.0,0.0,0.51167,-0.11974,-3.14493,0.00153,-0.8086
238.79,SYN.ETH-8MAR20,1583492343020,open,0.0,0.0935,0.1465,0.120628,68.91,None,0.0,ETH-8MAR20-210-C,238.65,0.0,0.097,2.0,0.1285,2.0,165.85,0.00218,-0.03996,0.01074,0.00108,0.99567
239.67,SYN.ETH-20MAR20,1583492343026,open,0.39,0.0,0.3375,0.427,0.379836,91.1,None,0.0,ETH-20MAR20-330-P,238.65,0.0,0.3655,5.0,0.418,5.0,181.67,0.04309,-0.14145,-0.12176,0.00217,-0.95652
241.97,SYN.ETH-24APR20,1583492343032,open,0.35,1.0,0.3245,0.379,0.351392,88.81,0.3545,0.0,ETH-24APR20-160-C,238.65,44.53,0.339,24.0,0.3655,24.0,111.74,0.1261,-0.11456,0.18567,0.00181,0.92441
241.97,SYN.ETH-24APR20,1583492343032,open,0.21,30.0,0.179,0.2525,0.216516,81.88,0.2,0.0,ETH-24APR20-200-C,238.65,75.7,0.21,428.0,0.2225,278.0,87.39,0.25944,-0.21731,0.18386,0.00404,0.78396
239.16,SYN.ETH-13MAR20,1583492343034,open,0.37,0.0,0.3535,0.3915,0.37278,0.0,0.323,0.0,ETH-13MAR20-150-C,238.65,0.0,0.3565,22.0,0.377,22.0,202.42,0.0,0.0,0.02826,0.0,1.0
241.97,SYN.ETH-24APR20,1583492343034,open,0.06,19.0,0.0345,0.103,0.066895,83.49,0.065,0.0,ETH-24APR20-280-C,238.65,81.39,0.064,518.0,0.07,217.0,85.73,0.33507,-0.28619,0.09905,0.00512,0.37259
241.97,SYN.ETH-24APR20,1583492343034,open,0.12,8.0,0.072,0.156,0.112618,80.52,0.115,0.0,ETH-24APR20-240-P,238.65,78.0,0.109,440.0,0.1155,144.0,82.53,0.34787,-0.28655,-0.17598,0.00551,-0.4305
241.97,SYN.ETH-24APR20,1583492343036,open,0.01,130.0,0.003,0.029,0.012627,88.81,0.031,0.0,ETH-24APR20-160-P,238.65,86.6,0.0115,590.0,0.014,265.0,91.38,0.1261,-0.11456,-0.02858,0.00181,-0.07559
241.97,SYN.ETH-24APR20,1583492343036,open,0.04,201.0,0.014,0.068,0.037371,86.45,0.03,0.0,ETH-24APR20-320-C,238.65,84.77,0.0355,532.0,0.0395,200.0,88.34,0.27154,-0.24016,0.06375,0.00401,0.23413
241.97,SYN.ETH-24APR20,1583492343036,open,0.02,641.0,0.0065,0.047,0.022222,90.21,0.02,0.0,ETH-24APR20-360-C,238.65,88.15,0.0205,589.0,0.024,247.0,92.26,0.20602,-0.19012,0.04125,0.00291,0.14953
241.97,SYN.ETH-24APR20,1583492343036,open,0.68,0.0,0.61,0.73,0.666712,93.41,None,0.0,ETH-24APR20-400-P,238.65,0.0,0.0,0.0,0.0,0.0,0.0,0.15181,-0.14506,-0.50865,0.00207,-0.90314
9533.01,BTC-26JUN20,1583492343092,open,0.09,144.9,0.059,0.131,0.09043927,65.81,0.086,0.0,BTC-26JUN20-11000-C,9163.17,65.38,0.0895,4.0,0.0915,0.1,66.3,20.59319,-6.05695,9.52938,0.00011,0.41657
9223.5,BTC-27MAR20,1583492343092,open,0.01,210.5,0.0005,0.018,0.00552969,63.52,0.005,0.0,BTC-27MAR20-11500-C,9163.17,62.06,0.005,30.0,0.006,55.0,64.77,3.4143,-5.19485,0.41607,0.00011,0.0844
9533.01,BTC-26JUN20,1583492343092,open,0.25,0.0,0.202,0.295,0.24431366,65.81,None,0.0,BTC-26JUN20-11000-P,9163.17,0.0,0.12,8.5,0.3655,6.1,120.94,20.593,-6.05644,-24.18676,0.00011,-0.58345
9223.5,BTC-27MAR20,1583492343092,open,0.16,0.0,0.1255,0.186,0.15068512,55.45,None,0.0,BTC-27MAR20-10500-P,9163.17,0.0,0.0795,7.0,0.18,0.1,93.68,5.81079,-7.7179,-5.11466,0.00022,-0.81887
9223.5,BTC-27MAR20,1583492343092,open,0.26,0.0,0.2245,0.2845,0.25233407,63.5,None,0.0,BTC-27MAR20-11500-P,9163.17,0.0,0.151,5.0,0.3515,5.0,193.64,3.41099,-5.18745,-6.16172,0.00011,-0.91571
9533.01,BTC-26JUN20,1583492343092,open,0.42,0.0,0.371,0.4695,0.41556525,68.97,None,0.0,BTC-26JUN20-13000-P,9163.17,0.0,0.0005,0.1,2.0,0.1,500.0,17.35837,-5.35071,-33.55573,9e-05,-0.73284
9223.5,BTC-27MAR20,1583492343092,open,0.01,591.6,0.0025,0.034,0.0122985,55.47,0.0125,0.0,BTC-27MAR20-10500-C,9163.17,54.19,0.0115,24.0,0.013,28.0,56.57,5.81235,-7.72216,0.89103,0.00022,0.18121
9533.01,BTC-26JUN20,1583492343092,open,0.05,98.4,0.027,0.088,0.05189551,68.98,0.053,0.0,BTC-26JUN20-13000-C,9163.17,68.49,0.051,4.0,0.0525,5.0,69.31,17.35949,-5.3516,6.29102,9e-05,0.2672
9766.0,BTC-25SEP20,1583492343092,open,0.18,373.1,0.1445,0.235,0.1856213,66.24,0.185,0.0,BTC-25SEP20-10000-C,9163.17,65.35,0.183,22.3,0.1895,16.4,67.58,28.47716,-4.64926,21.346,8e-05,0.57887
9223.5,BTC-27MAR20,1583492343092,open,0.96,0.0,0.9135,0.9955,0.95224068,111.14,1.23,0.0,BTC-27MAR20-18000-P,9163.17,0.0,0.0125,1.0,2.0,0.1,500.0,0.51489,-1.3706,-10.25324,1e-05,-0.99141
9766.0,BTC-25SEP20,1583492343092,open,0.53,102.9,0.469,0.591,0.52404478,70.53,0.53,0.0,BTC-25SEP20-14000-P,9163.17,61.42,0.5,0.1,2.0,0.2,500.0,26.57174,-4.61876,-64.46187,7e-05,-0.6635
9223.5,BTC-27MAR20,1583492343092,open,0.07,77.2,0.0485,0.105,0.06548924,50.69,0.067,0.0,BTC-27MAR20-9500-P,9163.17,47.49,0.0625,26.3,0.0665,4.0,51.76,8.65372,-10.50555,-3.36623,0.00035,-0.57263
9533.01,BTC-26JUN20,1583492343092,open,0.02,651.6,0.006,0.044,0.01854593,78.32,0.018,0.0,BTC-26JUN20-18000-C,9163.17,77.27,0.0175,37.0,0.0195,27.5,79.25,9.64992,-3.3776,2.5496,4e-05,0.1058
9223.5,BTC-27MAR20,1583492343092,open,0.19,10.3,0.172,0.212,0.19030443,56.96,0.174,0.0,BTC-27MAR20-7500-C,9163.17,41.86,0.1875,0.1,0.201,18.5,83.86,2.49938,-3.40977,3.97437,9e-05,0.9437
9223.5,BTC-27MAR20,1583492343092,open,0.0,221.1,0.0005,0.0105,5e-08,111.85,0.0005,0.0,BTC-27MAR20-34000-C,9163.17,0.0,0.0,0.0,0.0005,58.0,189.64,0.00011,-0.00031,1e-05,0.0,0.0
9533.01,BTC-26JUN20,1583492343092,open,0.01,3073.1,0.0005,0.021,0.00550186,101.41,0.005,0.0,BTC-26JUN20-32000-C,9163.17,100.05,0.005,51.0,0.006,24.1,102.69,3.6224,-1.64178,0.72505,1e-05,0.03032
9223.5,BTC-27MAR20,1583492343093,open,0.0,154.1,0.0005,0.0105,5.1e-07,111.75,0.0005,0.0,BTC-27MAR20-30000-C,9163.17,0.0,0.0,0.0,0.0005,58.0,174.02,0.00093,-0.00248,5e-05,0.0,1e-05
9223.5,BTC-27MAR20,1583492343092,open,0.0,1494.9,0.0005,0.014,0.00343609,56.93,0.004,0.0,BTC-27MAR20-7500-P,9163.17,55.26,0.003,84.2,0.004,30.0,58.93,2.49614,-3.40343,-0.31462,9e-05,-0.05621
9223.5,BTC-27MAR20,1583492343093,open,0.06,1730.9,0.0455,0.097,0.05995312,49.73,0.06,0.0,BTC-27MAR20-9000-C,9163.17,48.15,0.0585,28.0,0.0615,12.4,51.41,8.49471,-10.11843,2.87405,0.00035,0.60477
9533.01,BTC-26JUN20,1583492343093,open,0.68,34.7,0.677,0.6965,0.68674465,95.29,0.708,0.0,BTC-26JUN20-3000-C,9163.17,0.0,0.0,0.0,0.0,0.0,0.0,1.03345,-0.44012,8.94751,0.0,0.99296
9223.5,BTC-27MAR20,1583492343093,open,3.36,1.4,3.252,3.425,3.33670151,0.0,3.0435,0.0,BTC-27MAR20-40000-P,9163.17,0.0,0.0005,1.0,4.0,0.1,500.0,0.0,0.0,-22.87747,0.0,-1.0
9766.44,BTC-25SEP20,1583492343093,open,0.28,104.8,0.245,0.325,0.28175523,66.24,0.2965,0.0,BTC-25SEP20-8000-C,9163.17,63.42,0.275,15.1,0.2825,20.1,66.55,23.5022,-3.83657,25.00862,7e-05,0.74245
9223.5,BTC-27MAR20,1583492343093,open,0.14,927.0,0.122,0.168,0.14049212,53.23,0.14,0.0,BTC-27MAR20-8000-C,9163.17,52.18,0.14,0.2,0.141,0.2,54.29,4.37865,-5.58273,3.90797,0.00017,0.8813
9766.44,BTC-25SEP20,1583492343093,open,0.02,446.2,0.0055,0.032,0.01522095,67.73,0.016,0.0,BTC-25SEP20-5000-P,9163.17,66.27,0.014,36.0,0.0165,6.0,69.2,8.3583,-1.39516,-3.93324,2e-05,-0.05724
9278.54,SYN.BTC-25SEP20,1583492343093,open,2.46,0.0,2.387,2.56,2.46517253,91.19,None,0.0,BTC-25SEP20-32000-P,9163.17,0.0,0.0005,1.0,0.0,0.0,0.0,9.21586,-2.07124,-175.13333,2e-05,-0.9307
9533.01,BTC-26JUN20,1583492343093,open,0.04,976.2,0.019,0.0745,0.04059029,70.81,0.0405,0.0,BTC-26JUN20-14000-C,9163.17,69.82,0.039,53.6,0.042,25.3,71.67,15.48035,-4.89879,5.13781,8e-05,0.21643
9223.5,BTC-27MAR20,1583492343093,open,0.46,29.5,0.447,0.4685,0.45791432,73.39,0.456,0.0,BTC-27MAR20-5000-C,9163.17,0.0,0.0005,0.1,1.0,0.1,500.0,0.01469,-0.02583,2.85872,0.0,0.99983
9766.44,BTC-25SEP20,1583492343093,open,0.15,272.4,0.112,0.2035,0.15304758,67.25,0.153,0.0,BTC-25SEP20-11000-C,9163.17,66.9,0.152,4.0,0.1555,0.1,68.07,29.04529,-4.81385,19.12496,8e-05,0.50536
9766.44,BTC-25SEP20,1583492343093,open,0.09,523.3,0.055,0.139,0.09051451,70.53,0.091,0.0,BTC-25SEP20-14000-C,9163.17,69.79,0.0885,27.2,0.0925,4.0,71.26,26.57409,-4.61926,13.35532,7e-05,0.33654
9533.01,BTC-26JUN20,1583492343093,open,0.48,14.3,0.4675,0.5005,0.48221032,72.89,0.518,0.0,BTC-26JUN20-5000-C,9163.17,0.0,0.0,0.0,1.0,0.1,500.0,4.15954,-1.35497,14.08193,2e-05,0.96415
9766.44,BTC-25SEP20,1583492343093,open,0.04,315.4,0.018,0.08,0.04075703,77.12,0.04,0.0,BTC-25SEP20-20000-C,9163.17,76.72,0.04,2.3,0.0415,0.2,77.52,18.33859,-3.48576,6.94819,4e-05,0.16875
9223.5,BTC-27MAR20,1583492343093,open,0.04,1233.1,0.0245,0.0725,0.03571096,49.72,0.0365,0.0,BTC-27MAR20-9000-P,9163.17,47.86,0.034,58.7,0.037,47.3,51.12,8.49463,-10.116,-2.27325,0.00035,-0.39522
9766.44,BTC-25SEP20,1583492343093,open,0.42,1.5,0.3935,0.448,0.41809301,66.23,0.3975,0.0,BTC-25SEP20-6000-C,9163.17,44.17,0.3935,5.0,0.4385,5.0,79.83,13.57344,-2.21559,25.68853,4e-05,0.89132
9223.5,BTC-27MAR20,1583492343093,open,0.29,3.0,0.2815,0.3115,0.29599772,67.45,0.3,0.0,BTC-27MAR20-6500-C,9163.17,0.0,0.295,0.1,0.3055,21.0,112.55,0.69973,-1.13035,3.64935,2e-05,0.98778
9223.5,BTC-27MAR20,1583492343093,open,0.0,2156.2,0.0005,0.0105,0.00072648,94.61,0.0015,0.0,BTC-27MAR20-16000-C,9163.17,90.62,0.0005,72.9,0.001,30.0,98.39,0.59476,-1.34777,0.04963,1e-05,0.01013
9533.01,BTC-26JUN20,1583492343093,open,0.17,858.8,0.132,0.2175,0.170592,64.33,0.1725,0.0,BTC-26JUN20-10000-P,9163.17,63.84,0.1695,4.0,0.1735,0.1,65.65,21.0351,-6.04819,-19.08375,0.00012,-0.48252
9223.5,BTC-27MAR20,1583492343093,open,1.62,0.0,1.5515,1.655,1.60203895,0.0,None,0.0,BTC-27MAR20-24000-P,9163.17,0.0,0.0005,0.1,0.0,0.0,0.0,0.0,0.0,-13.72648,0.0,-1.0
9533.01,BTC-26JUN20,1583492343093,open,0.29,126.8,0.272,0.3285,0.29812075,64.47,0.2655,0.0,BTC-26JUN20-7000-C,9163.17,61.2,0.294,0.5,0.3205,6.0,80.73,12.21264,-3.51908,16.17513,7e-05,0.85169
9223.5,BTC-27MAR20,1583492343093,open,0.0,467.5,0.0005,0.0105,2.217e-05,67.35,0.0005,0.0,BTC-27MAR20-5500-P,9163.17,0.0,0.0,0.0,0.001,25.5,100.0,0.03925,-0.06332,-0.00276,0.0,-0.0005
9223.5,BTC-27MAR20,1583492343093,open,0.0,428.4,0.0005,0.0105,2e-08,111.9,0.0005,0.0,BTC-27MAR20-36000-C,9163.17,0.0,0.0,0.0,0.0005,58.0,196.69,4e-05,-0.00011,0.0,0.0,0.0
9766.44,BTC-25SEP20,1583492343093,open,0.07,426.5,0.0365,0.113,0.06725428,72.89,0.068,0.0,BTC-25SEP20-16000-C,9163.17,72.17,0.0655,5.0,0.069,4.1,73.61,23.71963,-4.26124,10.58169,6e-05,0.26219
9533.01,BTC-26JUN20,1583492343093,open,0.07,764.2,0.0395,0.107,0.06806328,67.4,0.067,0.0,BTC-26JUN20-12000-C,9163.17,66.62,0.0665,4.0,0.0695,23.1,68.11,19.19436,-5.78183,7.75666,0.0001,0.33353
9533.01,BTC-26JUN20,1583492343093,open,1.75,0.0,1.676,1.8055,1.73507948,92.33,None,0.0,BTC-26JUN20-26000-P,9163.17,0.0,0.0005,0.1,0.0,0.0,0.0,4.90279,-2.02311,-78.6353,2e-05,-0.95611
9223.5,BTC-27MAR20,1583492343093,open,0.0,2380.1,0.0005,0.0115,0.00174391,84.34,0.0025,0.0,BTC-27MAR20-14000-C,9163.17,82.48,0.0015,30.0,0.002,55.0,86.12,1.26893,-2.56336,0.12022,3e-05,0.02453
9766.44,BTC-25SEP20,1583492343093,open,0.6,710.1,0.585,0.6135,0.59740727,72.61,0.588,0.0,BTC-25SEP20-4000-C,9163.17,0.0,0.586,6.0,0.6065,6.0,87.87,4.60119,-0.82337,20.36445,1e-05,0.97255
9533.01,BTC-26JUN20,1583492343093,open,0.33,142.3,0.283,0.3795,0.32683458,67.39,0.408,0.0,BTC-26JUN20-12000-P,9163.17,0.0,0.25,0.7,0.6,0.6,193.73,19.19374,-5.7811,-29.02482,0.0001,-0.6665
9766.44,BTC-25SEP20,1583492343093,open,0.5,1.0,0.4855,0.5255,0.50324586,67.71,0.581,0.0,BTC-25SEP20-5000-C,9163.17,0.0,0.4865,5.0,0.5185,5.0,82.95,8.35395,-1.39401,23.86097,2e-05,0.9428
9223.5,BTC-27MAR20,1583492343093,open,1.83,0.0,1.764,1.876,1.81886441,0.0,None,0.0,BTC-27MAR20-26000-P,9163.17,0.0,0.001,1.0,0.0,0.0,0.0,0.0,0.0,-14.87036,0.0,-1.0
9533.01,BTC-26JUN20,1583492343093,open,0.07,581.5,0.0395,0.0995,0.06480149,64.33,0.0645,0.0,BTC-26JUN20-8000-P,9163.17,62.46,0.0615,4.0,0.064,19.3,63.88,16.81875,-4.83587,-9.2372,9e-05,-0.25133
9278.54,SYN.BTC-25SEP20,1583492343093,open,0.02,347.6,0.005,0.0445,0.01635407,91.19,0.0145,0.0,BTC-25SEP20-32000-C,9163.17,90.32,0.0155,6.0,0.0175,26.0,92.32,9.21586,-2.07124,2.73029,2e-05,0.0693
9533.01,BTC-26JUN20,1583492343093,open,0.12,928.5,0.0875,0.1625,0.12161638,64.34,0.12,0.0,BTC-26JUN20-10000-C,9163.17,63.83,0.1205,4.0,0.1225,0.1,64.74,21.03508,-6.04865,11.56709,0.00012,0.51748
9223.5,BTC-27MAR20,1583492343093,open,1.18,5.3,1.126,1.2145,1.16856193,110.41,0.907,0.0,BTC-27MAR20-20000-P,9163.17,0.0,0.0005,1.0,2.0,0.1,500.0,0.17501,-0.4628,-11.42621,0.0,-0.99744
9223.5,BTC-27MAR20,1583492343093,open,0.0,2617.2,0.0005,0.0145,0.00400973,67.62,0.0035,0.0,BTC-27MAR20-12000-C,9163.17,65.79,0.0035,40.0,0.0045,55.0,69.27,2.66211,-4.31161,0.30068,8e-05,0.06101
9533.01,BTC-26JUN20,1583492343093,open,0.92,1.0,0.859,0.965,0.90670205,78.3,0.9,0.0,BTC-26JUN20-18000-P,9163.17,0.0,0.001,2.0,2.0,0.1,500.0,9.64484,-3.37497,-52.62364,4e-05,-0.89427
9278.54,SYN.BTC-25SEP20,1583492343094,open,0.03,114.4,0.01,0.0625,0.02772448,84.25,0.0295,0.0,BTC-25SEP20-24000-C,9163.17,83.74,0.027,16.0,0.0285,0.1,84.78,13.44828,-2.79228,4.51422,3e-05,0.11526
9766.44,BTC-25SEP20,1583492343093,open,0.15,477.6,0.111,0.2005,0.15067151,66.25,0.151,0.0,BTC-25SEP20-9000-P,9163.17,65.09,0.1475,4.0,0.1505,4.9,66.19,26.6796,-4.35612,-26.63646,8e-05,-0.34001
9766.44,BTC-25SEP20,1583492343094,open,0.9,2.1,0.8365,0.967,0.89473377,75.12,0.888,0.0,BTC-25SEP20-18000-P,9163.17,0.0,0.12,1.0,2.0,1.0,500.0,20.89444,-3.86825,-91.53751,5e-05,-0.79153
9223.5,BTC-27MAR20,1583492343094,open,0.0,1337.7,0.0005,0.012,0.00248711,76.19,0.0035,0.0,BTC-27MAR20-13000-C,9163.17,73.47,0.002,61.0,0.003,57.0,78.72,1.76518,-3.22106,0.17957,5e-05,0.03653
9223.5,BTC-27MAR20,1583492343093,open,0.24,568.8,0.2265,0.2605,0.24279196,62.96,0.238,0.0,BTC-27MAR20-7000-C,9163.17,0.0,0.241,0.1,0.2545,21.0,101.5,1.42732,-2.1523,3.8455,5e-05,0.97176
9223.5,BTC-27MAR20,1583492343094,open,0.0,268.8,0.0005,0.0105,1.6e-07,111.8,0.0005,0.0,BTC-27MAR20-32000-C,9163.17,0.0,0.0,0.0,0.0005,25.3,182.11,0.00032,-0.00087,2e-05,0.0,0.0
9533.01,BTC-26JUN20,1583492343093,open,0.01,387.6,0.0005,0.0225,0.00647157,94.87,0.0075,0.0,BTC-26JUN20-28000-C,9163.17,92.57,0.0055,78.0,0.0075,24.0,97.07,4.25081,-1.80224,0.88669,2e-05,0.03682
9533.01,BTC-26JUN20,1583492343093,open,0.0,838.8,0.0005,0.0125,0.00296135,81.46,0.0035,0.0,BTC-26JUN20-4000-P,9163.17,79.24,0.0025,44.0,0.0035,15.0,83.8,2.08224,-0.75809,-0.54622,1e-05,-0.01573
9223.5,BTC-27MAR20,1583492343094,open,0.0,898.4,0.0005,0.0105,0.0,111.94,0.0005,0.0,BTC-27MAR20-40000-C,9163.17,0.0,0.0,0.0,0.0005,25.1,209.54,1e-05,-1e-05,0.0,0.0,0.0
9223.5,BTC-27MAR20,1583492343094,open,0.0,1389.6,0.0005,0.0105,0.0,67.36,0.0005,0.0,BTC-27MAR20-4000-P,9163.17,0.0,0.0,0.0,0.0005,34.9,141.98,1e-05,-1e-05,0.0,0.0,0.0
9533.45,BTC-26JUN20,1583492343094,open,0.38,72.7,0.366,0.41,0.38579163,67.49,0.44,0.0,BTC-26JUN20-6000-C,9163.17,44.83,0.373,6.1,0.402,6.0,84.86,7.61688,-2.29752,15.69989,4e-05,0.92308
9223.5,BTC-27MAR20,1583492343094,open,0.42,3.0,0.3825,0.446,0.41191666,76.12,0.33,0.0,BTC-27MAR20-13000-P,9163.17,0.0,0.15,0.2,0.6,0.1,323.0,1.75929,-3.2073,-7.25632,5e-05,-0.96362
9533.45,BTC-26JUN20,1583492343094,open,0.01,1641.5,0.0005,0.028,0.00898219,88.91,0.01,0.0,BTC-26JUN20-24000-C,9163.17,87.17,0.008,44.0,0.01,39.0,90.59,5.58168,-2.2179,1.2453,2e-05,0.0516
9766.44,BTC-25SEP20,1583492343094,open,0.34,15.4,0.313,0.382,0.34456777,66.23,0.315,0.0,BTC-25SEP20-7000-C,9163.17,62.56,0.3375,5.0,0.3685,5.0,78.18,19.00128,-3.10174,25.89343,5e-05,0.82157
9533.45,BTC-26JUN20,1583492343094,open,2.38,0.0,2.2925,2.4435,2.36222385,101.72,None,0.0,BTC-26JUN20-32000-P,9163.17,0.0,0.0005,0.1,0.0,0.0,0.0,3.67387,-1.67019,-97.34605,1e-05,-0.96917
9223.5,BTC-27MAR20,1583492343094,open,0.35,32.8,0.3365,0.363,0.34964501,67.61,0.3395,0.0,BTC-27MAR20-6000-C,9163.17,0.0,0.338,12.0,0.358,12.0,126.67,0.20599,-0.33355,3.4146,1e-05,0.99693
9223.5,BTC-27MAR20,1583492343094,open,0.64,2.0,0.595,0.665,0.6275109,91.07,0.4565,0.0,BTC-27MAR20-15000-P,9163.17,0.0,0.0005,0.1,1.0,0.1,500.0,0.92257,-2.01241,-8.4967,2e-05,-0.98316
9223.5,BTC-27MAR20,1583492343094,open,0.0,848.3,0.0005,0.0105,0.000725,111.51,0.0005,0.0,BTC-27MAR20-18000-C,9163.17,107.03,0.0005,26.0,0.001,55.6,115.8,0.52591,-1.40467,0.04262,1e-05,0.0088
9766.44,BTC-25SEP20,1583492343094,open,0.28,285.5,0.2305,0.339,0.27939279,67.26,0.2835,0.0,BTC-25SEP20-11000-P,9163.17,66.46,0.277,3.8,0.2805,0.1,67.63,29.04525,-4.81479,-42.01572,8e-05,-0.4946
9533.45,BTC-26JUN20,1583492343094,open,1.33,0.0,1.2665,1.3825,1.31875571,85.74,None,0.0,BTC-26JUN20-22000-P,9163.17,0.0,0.001,2.0,0.0,0.0,0.0,6.58946,-2.52508,-65.89413,3e-05,-0.93628
9766.44,BTC-25SEP20,1583492343094,open,0.36,273.0,0.304,0.4185,0.35601307,68.34,0.389,0.0,BTC-25SEP20-12000-P,9163.17,22.16,0.238,0.1,2.0,0.2,500.0,28.72505,-4.83787,-49.69384,8e-05,-0.55943
9766.44,BTC-25SEP20,1583492343094,open,0.1,242.3,0.068,0.144,0.10091538,66.25,0.099,0.0,BTC-25SEP20-8000-P,9163.17,63.99,0.0955,4.0,0.0995,8.9,65.66,23.50263,-3.83732,-19.45933,7e-05,-0.25756
9766.44,BTC-25SEP20,1583492343094,open,0.05,179.9,0.025,0.094,0.05162342,75.09,0.051,0.0,BTC-25SEP20-18000-C,9163.17,74.56,0.0505,4.9,0.053,4.0,75.73,20.88515,-3.86499,8.50573,5e-05,0.20831
9533.45,BTC-26JUN20,1583492343094,open,0.03,546.7,0.0105,0.0555,0.02631973,74.48,0.0285,0.0,BTC-26JUN20-16000-C,9163.17,73.43,0.025,36.0,0.0275,27.6,75.4,12.13962,-4.04098,3.52563,6e-05,0.14697
9223.5,BTC-27MAR20,1583492343094,open,0.0,707.3,0.0005,0.0105,2e-06,67.36,0.001,0.0,BTC-27MAR20-5000-P,9163.17,0.0,0.0,0.0,0.001,58.0,116.48,0.00471,-0.00759,-0.00028,0.0,-5e-05
9223.5,BTC-27MAR20,1583492343094,open,0.02,1332.3,0.0075,0.0465,0.01711271,50.35,0.017,0.0,BTC-27MAR20-8500-P,9163.17,48.81,0.016,57.3,0.018,24.0,51.57,6.69923,-8.07926,-1.30401,0.00027,-0.23008
9223.5,BTC-27MAR20,1583492343094,open,0.09,181.1,0.0785,0.1295,0.09556364,50.37,0.091,0.0,BTC-27MAR20-8500-C,9163.17,47.49,0.0935,3.9,0.097,4.0,52.33,6.70007,-8.08248,3.55713,0.00027,0.76987
9766.44,BTC-25SEP20,1583492343094,open,0.03,267.8,0.0165,0.058,0.03246312,66.25,0.033,0.0,BTC-25SEP20-6000-P,9163.17,64.45,0.03,25.8,0.033,6.0,66.63,13.57632,-2.21658,-7.66379,4e-05,-0.10872
9223.5,BTC-27MAR20,1583492343094,open,0.0,587.1,0.0005,0.0105,0.00071174,67.35,0.001,0.0,BTC-27MAR20-6500-P,9163.17,64.2,0.0005,49.5,0.001,30.2,70.75,0.69482,-1.12075,-0.06768,2e-05,-0.01212
9223.5,BTC-27MAR20,1583492343094,open,0.0,1718.8,0.0005,0.0115,0.0017163,62.92,0.002,0.0,BTC-27MAR20-7000-P,9163.17,61.46,0.0015,0.3,0.002,30.0,64.67,1.42405,-2.14592,-0.15761,5e-05,-0.02816
9533.45,BTC-26JUN20,1583492343094,open,0.01,532.4,0.0005,0.0175,0.00669813,72.88,0.0065,0.0,BTC-26JUN20-5000-P,9163.17,71.23,0.006,56.0,0.0075,24.0,74.66,4.15771,-1.35422,-1.24278,2e-05,-0.03583
9223.5,BTC-27MAR20,1583492343094,open,2.27,0.0,2.189,2.3185,2.25253369,0.0,None,0.0,BTC-27MAR20-30000-P,9163.17,0.0,0.0005,1.0,0.0,0.0,0.0,0.0,0.0,-17.15811,0.0,-1.0
9223.5,BTC-27MAR20,1583492343094,open,0.56,53.6,0.5565,0.576,0.56632985,95.62,0.5975,0.0,BTC-27MAR20-4000-C,9163.17,0.0,0.0005,0.1,0.0,0.0,0.0,0.00727,-0.01666,2.28729,0.0,0.99992
9223.5,BTC-27MAR20,1583492343095,open,0.0,242.0,0.0005,0.0105,1.63e-06,111.71,0.0005,0.0,BTC-27MAR20-28000-C,9163.17,0.0,0.0,0.0,0.0005,58.0,165.29,0.00269,-0.00721,0.00014,0.0,3e-05
9223.5,BTC-27MAR20,1583492343094,open,0.0,329.6,0.0005,0.0105,1.804e-05,111.66,0.0005,0.0,BTC-27MAR20-24000-C,9163.17,0.0,0.0,0.0,0.001,25.0,156.43,0.02309,-0.06175,0.0014,0.0,0.00028
9766.44,BTC-25SEP20,1583492343095,open,0.13,438.1,0.0875,0.1775,0.12727284,68.32,0.1265,0.0,BTC-25SEP20-12000-C,9163.17,67.72,0.1255,21.4,0.129,0.1,68.91,28.72445,-4.83674,17.00434,8e-05,0.44052
9223.5,BTC-27MAR20,1583492343095,open,0.02,2098.0,0.011,0.0495,0.02060132,52.63,0.02,0.0,BTC-27MAR20-10000-C,9163.17,51.25,0.0195,66.8,0.0215,24.5,53.73,7.44048,-9.3783,1.37464,0.00029,0.28118
9533.45,BTC-26JUN20,1583492343095,open,0.01,1510.4,0.004,0.037,0.01402542,82.16,0.0125,0.0,BTC-26JUN20-20000-C,9163.17,80.89,0.013,38.0,0.015,24.0,83.31,7.88575,-2.89549,1.94326,3e-05,0.08053
9223.5,BTC-27MAR20,1583492343095,open,2.92,0.1,2.827,2.9825,2.90303137,0.0,2.64,0.0,BTC-27MAR20-36000-P,9163.17,0.0,0.0005,1.0,4.0,0.1,500.0,0.0,0.0,-20.58973,0.0,-1.0
9533.45,BTC-26JUN20,1583492343094,open,1.12,0.1,1.062,1.173,1.11198093,82.25,1.85,0.0,BTC-26JUN20-20000-P,9163.17,0.0,0.001,2.0,2.0,0.1,500.0,7.90959,-2.90762,-59.35138,3e-05,-0.91915
9223.5,BTC-27MAR20,1583492343095,open,0.74,21.2,0.701,0.774,0.73540708,94.32,0.501,0.0,BTC-27MAR20-16000-P,9163.17,0.0,0.0055,0.1,1.0,0.1,460.08,0.58387,-1.31897,-9.10238,1e-05,-0.99008
9533.45,BTC-26JUN20,1583492343095,open,1.54,0.0,1.471,1.593,1.52652888,89.07,None,0.0,BTC-26JUN20-24000-P,9163.17,0.0,0.0005,0.1,0.0,0.0,0.0,5.6168,-2.23591,-72.30764,2e-05,-0.94799
9533.45,BTC-26JUN20,1583492343095,open,0.11,718.6,0.078,0.153,0.11120789,64.34,0.1115,0.0,BTC-26JUN20-9000-P,9163.17,62.81,0.108,4.0,0.1115,34.7,64.49,19.87536,-5.71563,-13.97421,0.00011,-0.36702
9766.44,BTC-25SEP20,1583492343095,open,0.06,314.2,0.0365,0.096,0.06133315,66.25,0.0595,0.0,BTC-25SEP20-7000-P,9163.17,64.52,0.058,4.0,0.06,4.9,65.56,19.00274,-3.10258,-13.01678,5e-05,-0.17846
9766.44,BTC-25SEP20,1583492343095,open,0.01,286.7,0.0035,0.039,0.01348099,91.59,0.0145,0.0,BTC-25SEP20-36000-C,9163.17,90.44,0.0125,7.0,0.0145,26.0,92.74,8.48295,-1.91493,2.43424,2e-05,0.05832
9223.94,BTC-27MAR20,1583492343095,open,0.0,37.2,0.0005,0.0105,1e-07,67.37,0.0005,0.0,BTC-27MAR20-4500-P,9163.17,0.0,0.0,0.0,0.0005,25.3,123.27,0.0003,-0.00048,-2e-05,0.0,0.0
9533.45,BTC-26JUN20,1583492343095,open,0.22,256.9,0.194,0.262,0.22561989,64.33,0.199,0.0,BTC-26JUN20-8000-C,9163.17,61.12,0.22,17.3,0.2255,0.1,64.26,16.81755,-4.83482,15.28561,9e-05,0.74873
9533.45,BTC-26JUN20,1583492343095,open,0.01,1128.4,0.0005,0.0255,0.00774279,92.38,0.0075,0.0,BTC-26JUN20-26000-C,9163.17,90.9,0.007,20.0,0.0085,24.0,93.81,4.91428,-2.029,1.05985,2e-05,0.04401
9223.94,BTC-27MAR20,1583492343095,open,0.0,1421.1,0.0005,0.0105,0.00015164,67.36,0.0005,0.0,BTC-27MAR20-6000-P,9163.17,0.0,0.0,0.0,0.001,58.5,84.86,0.2005,-0.32347,-0.01651,1e-05,-0.00298
9278.54,SYN.BTC-25SEP20,1583492343095,open,2.04,0.0,1.9665,2.1265,2.0384451,87.91,None,0.0,BTC-25SEP20-28000-P,9163.17,0.0,0.0005,1.0,0.0,0.0,0.0,10.98091,-2.37903,-152.1977,3e-05,-0.9127
9223.94,BTC-27MAR20,1583492343095,open,0.51,38.8,0.5025,0.522,0.51212118,0.0,0.5475,0.0,BTC-27MAR20-4500-C,9163.17,0.0,0.0005,0.1,1.0,0.1,500.0,0.0,0.0,2.57372,0.0,1.0
9223.94,BTC-27MAR20,1583492343095,open,0.0,374.5,0.0005,0.0105,6.147e-05,111.63,0.001,0.0,BTC-27MAR20-22000-C,9163.17,0.0,0.0,0.0,0.0005,20.0,134.05,0.06718,-0.17962,0.00441,0.0,0.0009
9278.54,SYN.BTC-25SEP20,1583492343095,open,0.02,209.8,0.0065,0.052,0.02072895,87.91,0.018,0.0,BTC-25SEP20-28000-C,9163.17,86.85,0.0195,6.0,0.022,20.0,88.96,10.98091,-2.37903,3.43297,3e-05,0.0873
9223.94,BTC-27MAR20,1583492343095,open,2.05,0.0,1.9765,2.0975,2.03569927,146.04,None,0.0,BTC-27MAR20-28000-P,9163.17,0.0,0.0005,1.0,0.0,0.0,0.0,0.09642,-0.33726,-16.00785,0.0,-0.99867
9766.44,BTC-25SEP20,1583492343095,open,0.71,3.4,0.6485,0.7755,0.7055746,72.92,0.7525,0.0,BTC-25SEP20-16000-P,9163.17,0.0,0.11,1.0,0.7835,0.5,101.89,23.72537,-4.26364,-78.34649,6e-05,-0.73769
9766.44,BTC-25SEP20,1583492343096,open,0.01,963.7,0.0005,0.0175,0.00698742,72.64,0.0075,0.0,BTC-25SEP20-4000-P,9163.17,71.58,0.0065,1.0,0.0075,6.0,73.7,4.60628,-0.82462,-1.87126,1e-05,-0.02748
9223.94,BTC-27MAR20,1583492343095,open,0.0,903.4,0.0005,0.011,0.00124434,91.21,0.001,0.0,BTC-27MAR20-15000-C,9163.17,88.6,0.001,31.0,0.0015,55.0,93.59,0.92977,-2.03109,0.08309,2e-05,0.01699
9533.45,BTC-26JUN20,1583492343096,open,0.52,12.5,0.464,0.564,0.50915888,70.84,0.56,0.0,BTC-26JUN20-14000-P,9163.17,0.0,0.001,5.0,2.0,0.1,500.0,15.48832,-4.90332,-37.76966,8e-05,-0.7834
9223.94,BTC-27MAR20,1583492343096,open,0.31,173.1,0.277,0.3375,0.30502018,67.78,0.325,0.0,BTC-27MAR20-12000-P,9163.17,0.0,0.1,1.0,0.3345,10.1,122.61,2.67968,-4.3501,-6.5601,8e-05,-0.93848
9533.45,BTC-26JUN20,1583492343095,open,0.03,459.7,0.016,0.058,0.03240369,64.47,0.033,0.0,BTC-26JUN20-7000-P,9163.17,64.16,0.032,15.0,0.033,24.0,64.94,12.21162,-3.51881,-5.27966,7e-05,-0.14828
9223.94,BTC-27MAR20,1583492343096,open,0.21,278.8,0.1735,0.2325,0.20040563,59.09,0.23,0.0,BTC-27MAR20-11000-P,9163.17,0.0,0.1,1.0,0.2345,14.7,108.72,4.41029,-6.24173,-5.70019,0.00015,-0.88009
9533.45,BTC-26JUN20,1583492343096,open,0.01,533.1,0.0005,0.021,0.00573611,97.76,0.0065,0.0,BTC-26JUN20-30000-C,9163.17,95.84,0.005,59.0,0.0065,24.0,99.59,3.82114,-1.6695,0.77729,1e-05,0.03234
9766.44,BTC-25SEP20,1583492343096,open,0.21,337.2,0.1645,0.2645,0.20957278,66.25,0.211,0.0,BTC-25SEP20-10000-P,9163.17,65.54,0.2075,4.0,0.2115,0.1,66.91,28.47776,-4.64982,-34.23486,8e-05,-0.42109
9278.54,SYN.BTC-25SEP20,1583492343096,open,1.61,9.0,1.548,1.6965,1.61433832,84.25,1.59,0.0,BTC-25SEP20-24000-P,9163.17,0.0,0.33,1.0,3.0,0.1,500.0,13.44828,-2.79228,-128.8835,3e-05,-0.88474
9533.45,BTC-26JUN20,1583492343096,open,1.96,0.0,1.8815,2.017,1.94360941,95.11,None,0.0,BTC-26JUN20-28000-P,9163.17,0.0,0.0005,0.1,0.0,0.0,0.0,4.29703,-1.82652,-84.9247,2e-05,-0.96269
9533.45,BTC-26JUN20,1583492343096,open,0.0,354.7,0.0005,0.011,0.00143733,95.26,0.0015,0.0,BTC-26JUN20-3000-P,9163.17,90.73,0.001,24.0,0.002,59.0,99.91,1.0319,-0.43933,-0.24731,0.0,-0.00703
9533.45,BTC-26JUN20,1583492343096,open,0.01,939.8,0.0015,0.0315,0.01100923,85.62,0.0115,0.0,BTC-26JUN20-22000-C,9163.17,84.12,0.01,99.0,0.012,39.0,87.03,6.56147,-2.51085,1.53005,3e-05,0.06337
9533.45,BTC-26JUN20,1583492343096,open,0.02,682.7,0.0055,0.0325,0.0151772,67.52,0.016,0.0,BTC-26JUN20-6000-P,9163.17,66.66,0.0145,0.5,0.016,24.0,68.54,7.62167,-2.29994,-2.69316,4e-05,-0.07699
9223.94,BTC-27MAR20,1583492343096,open,0.11,901.0,0.083,0.143,0.1047767,52.66,0.124,0.0,BTC-27MAR20-10000-P,9163.17,47.88,0.101,21.5,0.112,15.0,61.35,7.44444,-9.38938,-4.34338,0.00029,-0.71853
9766.44,BTC-25SEP20,1583492343096,open,1.1,2.5,1.029,1.163,1.08865742,77.16,1.15,0.0,BTC-25SEP20-20000-P,9163.17,0.0,0.22,1.0,2.0,1.0,500.0,18.35187,-3.49,-104.21012,4e-05,-0.83106
9318.81,SYN.BTC-24APR20,1583492343092,open,0.52,0.0,0.4765,0.553,0.51137089,73.01,None,0.0,BTC-24APR20-14000-P,9163.17,0.0,0.001,0.1,1.5,0.1,500.0,5.17756,-3.86686,-17.83302,6e-05,-0.91773
9533.45,BTC-26JUN20,1583492343096,open,0.71,7.0,0.6585,0.7615,0.70468399,74.53,0.79,0.0,BTC-26JUN20-16000-P,9163.17,0.0,0.001,4.0,2.0,0.1,500.0,12.152,-4.0478,-45.51109,6e-05,-0.8528
9223.94,BTC-27MAR20,1583492343096,open,1.4,5.6,1.3385,1.4345,1.3852473,119.86,1.545,0.0,BTC-27MAR20-22000-P,9163.17,0.0,0.0005,1.0,2.0,0.1,500.0,0.13547,-0.38889,-12.57321,0.0,-0.99807
9533.45,BTC-26JUN20,1583492343097,open,2.17,0.0,2.087,2.2295,2.15266958,98.05,None,0.0,BTC-26JUN20-30000-P,9163.17,0.0,0.0005,0.1,0.0,0.0,0.0,3.87206,-1.69684,-91.16352,1e-05,-0.96714
9223.94,BTC-27MAR20,1583492343097,open,0.0,944.4,0.0005,0.0105,0.00021117,111.59,0.0005,0.0,BTC-27MAR20-20000-C,9163.17,0.0,0.0,0.0,0.001,35.0,130.96,0.19159,-0.51205,0.01382,0.0,0.00283
9223.94,BTC-27MAR20,1583492343097,open,0.53,69.6,0.4885,0.5555,0.51959267,84.76,0.59,0.0,BTC-27MAR20-14000-P,9163.17,0.0,0.0005,0.1,0.7,0.1,335.92,1.29651,-2.63204,-7.88385,3e-05,-0.97483
9165.36,SYN.BTC-7MAR20,1583492343092,open,0.0,36.2,0.0005,0.0105,6.15e-06,58.49,0.001,0.0,BTC-7MAR20-8375-P,9163.17,0.0,0.0,0.0,0.0005,30.0,96.85,0.01208,-0.05637,-0.00017,1e-05,-0.00078
9223.94,BTC-27MAR20,1583492343097,open,0.4,22.5,0.392,0.4155,0.40372571,50.58,0.3695,0.0,BTC-27MAR20-5500-C,9163.17,0.0,0.0,0.0,1.0,0.1,500.0,0.00073,-0.00088,3.14561,0.0,0.99999
9203.2,SYN.BTC-20MAR20,1583492343092,open,0.01,33.4,0.0005,0.018,0.00476896,58.08,0.005,0.0,BTC-20MAR20-10750-C,9163.17,55.64,0.004,50.0,0.0055,32.8,60.24,3.01468,-6.30975,0.31299,0.00016,0.09423
9533.45,BTC-26JUN20,1583492343097,open,0.58,21.6,0.573,0.5965,0.5833711,81.4,0.612,0.0,BTC-26JUN20-4000-C,9163.17,0.0,0.0005,0.1,1.0,0.1,500.0,2.07583,-0.75516,11.71621,1e-05,0.98432
9223.94,BTC-27MAR20,1583492343097,open,0.0,527.6,0.0005,0.0105,5.37e-06,111.68,0.0005,0.0,BTC-27MAR20-26000-C,9163.17,0.0,0.0,0.0,0.0005,58.0,155.82,0.00788,-0.02108,0.00044,0.0,9e-05
9318.81,SYN.BTC-24APR20,1583492343093,open,0.13,13.6,0.098,0.165,0.12890189,57.98,0.13,0.0,BTC-24APR20-10000-P,9163.17,54.88,0.1245,25.4,0.1315,0.1,59.81,13.25987,-7.86533,-8.96529,0.0002,-0.58956
9165.36,SYN.BTC-7MAR20,1583492343092,open,0.0,29.4,0.0005,0.0145,0.00179919,45.28,0.002,0.0,BTC-7MAR20-9375-C,9163.17,37.75,0.001,59.0,0.0025,34.0,50.9,1.07682,-16.49022,0.03403,0.00118,0.15656
9203.2,SYN.BTC-20MAR20,1583492343093,open,0.01,92.0,0.0005,0.019,0.00342605,51.36,0.0045,0.0,BTC-20MAR20-8000-P,9163.17,49.74,0.003,49.9,0.004,30.0,53.39,2.50449,-4.63482,-0.26958,0.00015,-0.07363
9203.2,SYN.BTC-20MAR20,1583492343092,open,0.16,0.0,0.142,0.182,0.15983487,53.21,None,0.0,BTC-20MAR20-7750-C,9163.17,0.0,0.141,9.0,0.174,9.0,94.83,1.664,-3.19077,2.78623,0.0001,0.95621
9182.83,SYN.BTC-13MAR20,1583492343092,open,0.0,150.7,0.0005,0.0115,0.00176253,58.99,0.001,0.0,BTC-13MAR20-10500-C,9163.17,57.15,0.0015,55.0,0.002,20.0,60.54,1.36477,-5.85494,0.08891,0.00015,0.05316
9318.81,SYN.BTC-24APR20,1583492343092,open,0.02,206.3,0.007,0.0405,0.01909917,64.22,0.0205,0.0,BTC-24APR20-12000-C,9163.17,63.02,0.018,59.8,0.02,24.3,65.19,8.59362,-5.646,1.86937,0.00012,0.16891
9203.2,SYN.BTC-20MAR20,1583492343092,open,0.21,0.0,0.173,0.2285,0.19898585,60.78,None,0.0,BTC-20MAR20-11000-P,9163.17,0.0,0.182,6.0,0.226,6.1,116.88,2.51767,-5.5141,-3.93546,0.00013,-0.92587
9203.2,SYN.BTC-20MAR20,1583492343092,open,0.01,127.6,0.0015,0.0375,0.01124478,50.2,0.0115,0.0,BTC-20MAR20-10000-C,9163.17,49.76,0.011,25.5,0.0115,11.3,50.65,5.20063,-9.40727,0.70245,0.00032,0.21202
9318.81,SYN.BTC-24APR20,1583492343092,open,1.16,0.0,1.105,1.201,1.14938525,98.45,None,0.0,BTC-24APR20-20000-P,9163.17,0.0,0.001,0.1,0.0,0.0,0.0,2.07315,-2.08794,-26.494,2e-05,-0.97379
9182.83,SYN.BTC-13MAR20,1583492343093,open,0.0,195.4,0.0005,0.0105,0.0008993,64.97,0.0005,0.0,BTC-13MAR20-7750-P,9163.17,59.22,0.0005,61.5,0.0015,55.0,71.18,0.75554,-3.56973,-0.04613,7e-05,-0.02577
9203.2,SYN.BTC-20MAR20,1583492343092,open,0.01,48.9,0.0005,0.027,0.00564308,48.91,0.005,0.0,BTC-20MAR20-8250-P,9163.17,47.19,0.005,87.0,0.0065,30.0,51.1,3.50887,-6.18448,-0.4263,0.00022,-0.1162
9203.2,SYN.BTC-20MAR20,1583492343092,open,0.0,38.6,0.0005,0.0145,0.00375149,60.79,0.0035,0.0,BTC-20MAR20-11000-C,9163.17,57.88,0.003,50.0,0.0045,56.0,63.4,2.51826,-5.51597,0.24633,0.00013,0.07416
9182.83,SYN.BTC-13MAR20,1583492343092,open,0.13,0.0,0.1115,0.1505,0.13023063,59.42,None,0.0,BTC-13MAR20-8000-C,9163.17,0.0,0.1285,0.1,0.141,7.0,105.16,1.12259,-4.85044,1.43247,0.00012,0.95834
9182.83,SYN.BTC-13MAR20,1583492343092,open,0.03,377.2,0.022,0.068,0.03565109,45.05,0.0345,0.0,BTC-13MAR20-9000-C,9163.17,40.84,0.0335,22.0,0.035,12.6,43.78,4.71901,-15.45894,1.04393,0.00066,0.63915
9318.81,SYN.BTC-24APR20,1583492343092,open,0.01,494.1,0.0005,0.0195,0.00599625,83.18,0.005,0.0,BTC-24APR20-16000-C,9163.17,81.88,0.0055,24.0,0.0065,23.0,84.44,3.64097,-3.09832,0.57686,4e-05,0.05222
9203.2,SYN.BTC-20MAR20,1583492343092,open,0.0,38.0,0.0005,0.0105,0.00071514,59.08,0.001,0.0,BTC-20MAR20-7250-P,9163.17,56.1,0.0005,38.0,0.001,30.0,62.24,0.74287,-1.58139,-0.06073,4e-05,-0.01664
9318.81,SYN.BTC-24APR20,1583492343092,open,0.0,152.9,0.0005,0.0115,0.0019582,109.67,0.0015,0.0,BTC-24APR20-24000-C,9163.17,106.15,0.0015,49.0,0.0025,49.5,113.15,1.32939,-1.49144,0.16917,1e-05,0.01551
9182.83,SYN.BTC-13MAR20,1583492343093,open,0.01,309.1,0.0005,0.0335,0.00835003,47.18,0.008,0.0,BTC-13MAR20-8750-P,9163.17,46.31,0.008,11.7,0.009,47.5,48.77,3.7149,-12.74445,-0.39201,0.0005,-0.21827
9182.83,SYN.BTC-13MAR20,1583492343092,open,0.0,354.0,0.0005,0.0105,0.00093302,66.91,0.0005,0.0,BTC-13MAR20-11000-C,9163.17,60.9,0.0005,76.9,0.0015,48.0,72.52,0.79553,-3.87067,0.0458,7e-05,0.02741
9203.2,SYN.BTC-20MAR20,1583492343092,open,0.02,76.5,0.007,0.0465,0.0166564,49.29,0.0175,0.0,BTC-20MAR20-9750-C,9163.17,47.54,0.0155,52.0,0.0175,0.4,50.54,6.14511,-10.91358,0.95732,0.00039,0.29028
9182.83,SYN.BTC-13MAR20,1583492343092,open,0.1,8.4,0.0845,0.127,0.10373715,53.02,0.0735,0.0,BTC-13MAR20-8250-C,9163.17,0.0,0.095,21.0,0.1155,7.0,94.01,1.61205,-6.21594,1.43666,0.00019,0.93426
9182.83,SYN.BTC-13MAR20,1583492343092,open,0.23,2.0,0.2225,0.253,0.23773344,65.1,0.2345,0.0,BTC-13MAR20-7000-C,9163.17,0.0,0.2235,7.0,0.2455,7.0,149.76,0.04348,-0.20583,1.31681,0.0,0.99897
9203.2,SYN.BTC-20MAR20,1583492343092,open,0.13,0.0,0.116,0.1595,0.1341647,51.36,None,0.0,BTC-20MAR20-8000-C,9163.17,0.0,0.113,9.0,0.1505,9.0,90.17,2.50493,-4.63606,2.7716,0.00015,0.92636
9203.2,SYN.BTC-20MAR20,1583492343092,open,0.08,0.1,0.0695,0.1185,0.08615291,47.71,0.0835,0.0,BTC-20MAR20-8500-C,9163.17,0.0,0.0625,10.0,0.088,0.1,51.18,4.77017,-8.20025,2.55424,0.00031,0.81622
9203.2,SYN.BTC-20MAR20,1583492343092,open,0.13,0.0,0.099,0.156,0.12206356,52.9,None,0.0,BTC-20MAR20-10250-P,9163.17,0.0,0.102,7.0,0.152,7.1,101.26,4.37306,-8.33628,-3.36454,0.00026,-0.8396
9203.2,SYN.BTC-20MAR20,1583492343092,open,0.15,0.0,0.1225,0.179,0.14719759,55.63,None,0.0,BTC-20MAR20-10500-P,9163.17,0.0,0.128,7.0,0.1755,7.0,105.55,3.64789,-7.31216,-3.58407,0.0002,-0.87722
9203.2,SYN.BTC-20MAR20,1583492343093,open,0.01,18.6,0.0005,0.0235,0.00629206,55.63,0.007,0.0,BTC-20MAR20-10500-C,9163.17,53.58,0.0055,36.2,0.007,30.0,57.38,3.64829,-7.31352,0.40763,0.0002,0.1228
9165.36,SYN.BTC-7MAR20,1583492343092,open,0.02,2.0,0.0005,0.035,0.01420867,45.0,0.02,0.0,BTC-7MAR20-9250-P,9163.17,38.18,0.013,0.5,0.0155,18.0,52.09,1.64927,-37.10973,-0.14773,0.00182,-0.65764
9203.2,SYN.BTC-20MAR20,1583492343092,open,0.24,0.0,0.224,0.257,0.24010681,66.53,None,0.0,BTC-20MAR20-7000-C,9163.17,0.0,0.225,9.0,0.2495,9.0,113.84,0.67328,-1.6141,2.60669,3e-05,0.98516
9203.2,SYN.BTC-20MAR20,1583492343092,open,0.01,27.6,0.0005,0.0295,0.00832245,52.91,0.007,0.0,BTC-20MAR20-10250-C,9163.17,51.14,0.0075,38.0,0.009,24.0,54.31,4.37336,-8.3374,0.53211,0.00026,0.16041
9318.81,SYN.BTC-24APR20,1583492343092,open,0.41,0.0,0.3735,0.448,0.40740271,68.15,None,0.0,BTC-24APR20-13000-P,9163.17,0.0,0.2575,5.0,0.508,5.0,155.01,6.54012,-4.55949,-16.15113,8e-05,-0.88692
9165.36,SYN.BTC-7MAR20,1583492343092,open,0.03,0.6,0.0125,0.0535,0.03306754,53.76,0.03,0.0,BTC-7MAR20-8875-C,9163.17,0.0,0.031,6.0,0.0335,6.0,58.24,0.83461,-22.43342,0.18881,0.00077,0.89173
9318.81,SYN.BTC-24APR20,1583492343092,open,0.0,246.4,0.0005,0.0135,0.00319397,98.47,0.0035,0.0,BTC-24APR20-20000-C,9163.17,95.1,0.0025,52.0,0.004,54.0,101.83,2.07509,-2.09034,0.28751,2e-05,0.02623
9182.83,SYN.BTC-13MAR20,1583492343092,open,0.15,0.0,0.1215,0.1725,0.14520063,58.99,None,0.0,BTC-13MAR20-10500-P,9163.17,0.0,0.0005,0.1,0.0,0.0,0.0,1.36441,-5.85286,-1.88906,0.00015,-0.94686
9182.83,SYN.BTC-13MAR20,1583492343092,open,0.0,541.1,0.0005,0.022,0.00405674,51.4,0.0035,0.0,BTC-13MAR20-10000-C,9163.17,49.31,0.0035,56.5,0.0045,2.1,52.97,2.5264,-9.44264,0.20117,0.00031,0.12035
9182.83,SYN.BTC-13MAR20,1583492343092,open,0.21,0.0,0.1945,0.2265,0.21058201,65.02,None,0.0,BTC-13MAR20-7250-C,9163.17,0.0,0.1955,7.0,0.2195,7.0,140.18,0.13389,-0.63308,1.35942,1e-05,0.99646
9182.83,SYN.BTC-13MAR20,1583492343093,open,0.21,0.0,0.1745,0.226,0.19882055,66.9,None,0.0,BTC-13MAR20-11000-P,9163.17,0.0,0.0005,0.1,0.0,0.0,0.0,0.79506,-3.86784,-2.02636,7e-05,-0.97261
9203.2,SYN.BTC-20MAR20,1583492343092,open,0.04,4.2,0.027,0.077,0.03939532,47.2,0.0425,0.0,BTC-20MAR20-9250-P,9163.17,45.41,0.038,4.0,0.0405,18.0,48.62,7.15834,-12.17586,-1.89985,0.00047,-0.50363
9182.83,SYN.BTC-13MAR20,1583492343092,open,0.15,0.5,0.139,0.176,0.15693309,64.98,0.1435,0.0,BTC-13MAR20-7750-C,9163.17,0.0,0.1395,7.0,0.1675,7.0,118.6,0.75585,-3.57162,1.41375,7e-05,0.97422
9203.2,SYN.BTC-20MAR20,1583492343092,open,0.02,466.2,0.007,0.048,0.01656365,47.41,0.0155,0.0,BTC-20MAR20-8750-P,9163.17,45.77,0.0155,2.8,0.0175,24.0,48.84,6.00607,-10.26013,-1.02619,0.00039,-0.27675
9165.36,SYN.BTC-7MAR20,1583492343092,open,0.0,37.0,0.0005,0.0115,0.00098222,52.64,0.002,0.0,BTC-7MAR20-9500-C,9163.17,45.2,0.0005,67.6,0.0015,30.0,58.82,0.69313,-9.00239,0.01828,0.00065,0.08412
9318.81,SYN.BTC-24APR20,1583492343092,open,1.59,0.0,1.5255,1.6365,1.57738775,109.63,None,0.0,BTC-24APR20-24000-P,9163.17,0.0,0.001,0.1,0.0,0.0,0.0,1.32679,-1.488,-31.96865,1e-05,-0.98452
9203.2,SYN.BTC-20MAR20,1583492343093,open,0.08,0.0,0.0575,0.1135,0.07606868,49.28,None,0.0,BTC-20MAR20-9750-P,9163.17,21.25,0.061,9.0,0.0945,9.1,75.23,6.14501,-10.9129,-2.74923,0.00039,-0.70973
9203.2,SYN.BTC-20MAR20,1583492343092,open,0.0,99.7,0.0005,0.013,0.00193181,53.21,0.0025,0.0,BTC-20MAR20-7750-P,9163.17,50.65,0.0015,80.4,0.0025,30.0,56.13,1.66342,-3.18926,-0.15991,0.0001,-0.04377
9318.81,SYN.BTC-24APR20,1583492343092,open,0.0,131.7,0.0005,0.013,0.00345312,69.56,0.0035,0.0,BTC-24APR20-6000-P,9163.17,67.75,0.003,25.3,0.004,29.0,71.58,2.42635,-1.72668,-0.43822,3e-05,-0.03166
9165.36,SYN.BTC-7MAR20,1583492343092,open,0.01,67.6,0.0005,0.03,0.01115082,45.0,0.008,0.0,BTC-7MAR20-9125-C,9163.17,33.67,0.009,38.5,0.0115,18.0,46.83,1.75146,-39.40809,0.12589,0.00193,0.58365
9165.36,SYN.BTC-7MAR20,1583492343093,open,0.07,0.1,0.054,0.091,0.07262844,57.94,0.065,0.0,BTC-7MAR20-8500-C,9163.17,0.0,0.0555,5.0,0.0725,0.1,0.0,0.05072,-1.46914,0.20309,4e-05,0.99621
9203.2,SYN.BTC-20MAR20,1583492343093,open,0.21,0.0,0.1965,0.2305,0.21294704,59.09,None,0.0,BTC-20MAR20-7250-C,9163.17,0.0,0.197,9.0,0.224,9.0,107.44,0.74363,-1.58339,2.69533,4e-05,0.98334
9203.2,SYN.BTC-20MAR20,1583492343092,open,0.02,37.0,0.0145,0.0575,0.02411751,48.21,0.0245,0.0,BTC-20MAR20-9500-C,9163.17,46.71,0.023,4.0,0.025,0.5,49.4,6.86257,-11.92254,1.26492,0.00044,0.38566
9318.81,SYN.BTC-24APR20,1583492343093,open,0.36,1.0,0.3445,0.377,0.35959573,69.57,0.346,0.0,BTC-24APR20-6000-C,9163.17,0.0,0.356,7.2,0.3705,7.0,96.65,2.4269,-1.7272,7.59602,3e-05,0.96833
9165.36,SYN.BTC-7MAR20,1583492343093,open,0.05,0.0,0.04,0.0785,0.05910523,57.39,None,0.0,BTC-7MAR20-8625-C,9163.17,0.0,0.0415,5.0,0.07,5.0,170.54,0.16797,-4.82017,0.20364,0.00015,0.98521
9165.36,SYN.BTC-7MAR20,1583492343092,open,0.02,35.5,0.0025,0.0405,0.02056353,45.11,0.0025,0.0,BTC-7MAR20-9000-C,9163.17,32.16,0.019,0.5,0.0215,6.0,51.61,1.2637,-28.50005,0.17099,0.00139,0.79818
9318.81,SYN.BTC-24APR20,1583492343092,open,0.0,902.5,0.0005,0.011,0.00121369,117.44,0.0015,0.0,BTC-24APR20-28000-C,9163.17,114.98,0.001,25.0,0.0015,24.0,120.28,0.86965,-1.04478,0.1035,1e-05,0.00951
9318.81,SYN.BTC-24APR20,1583492343092,open,2.02,0.0,1.946,2.0725,2.00588149,117.37,None,0.0,BTC-24APR20-28000-P,9163.17,0.0,0.001,0.1,0.0,0.0,0.0,0.86631,-1.04016,-37.39063,1e-05,-0.99053
9165.36,SYN.BTC-7MAR20,1583492343092,open,0.0,38.9,0.0005,0.0165,0.00252168,45.1,0.0035,0.0,BTC-7MAR20-9000-P,9163.17,41.2,0.002,24.1,0.003,9.5,48.49,1.26369,-23.11209,-0.04493,0.00139,-0.20182
9182.83,SYN.BTC-13MAR20,1583492343092,open,0.01,214.3,0.002,0.0405,0.01178837,45.63,0.0105,0.0,BTC-13MAR20-9500-C,9163.17,43.98,0.011,24.0,0.0125,3.4,47.11,4.41295,-14.64412,0.50673,0.00061,0.30473
9165.36,SYN.BTC-7MAR20,1583492343092,open,0.0,50.1,0.0005,0.0105,0.00075876,62.98,0.002,0.0,BTC-7MAR20-9625-C,9163.17,57.91,0.0005,0.2,0.001,31.0,66.91,0.52151,-6.95434,0.01261,0.00041,0.05811
9203.2,SYN.BTC-20MAR20,1583492343093,open,0.05,4.1,0.035,0.0845,0.04854919,47.4,0.0465,0.0,BTC-20MAR20-9000-C,9163.17,43.98,0.046,46.1,0.05,12.0,49.34,6.86825,-11.7318,1.97567,0.00045,0.61324
9165.36,SYN.BTC-7MAR20,1583492343093,open,0.01,58.4,0.0005,0.025,0.00674728,45.0,0.008,0.0,BTC-7MAR20-9125-P,9163.17,38.45,0.0055,0.5,0.0075,18.0,48.93,1.75146,-39.4076,-0.09304,0.00193,-0.41635
9182.83,SYN.BTC-13MAR20,1583492343093,open,0.13,0.0,0.0955,0.1475,0.11893093,55.68,None,0.0,BTC-13MAR20-10250-P,9163.17,0.0,0.0005,0.1,0.0,0.0,0.0,1.88617,-7.63769,-1.79594,0.00021,-0.91929
9318.81,SYN.BTC-24APR20,1583492343093,open,0.01,800.3,0.0005,0.0225,0.00916886,61.1,0.009,0.0,BTC-24APR20-7000-P,9163.17,59.87,0.0085,49.0,0.01,25.0,62.57,5.16629,-3.22908,-1.13799,7e-05,-0.08203
9182.83,SYN.BTC-13MAR20,1583492343093,open,0.0,119.0,0.0005,0.0105,2.55e-05,64.98,0.0005,0.0,BTC-13MAR20-7000-P,9163.17,0.0,0.0,0.0,0.0005,30.0,89.28,0.04275,-0.20204,-0.00179,0.0,-0.00101
9203.2,SYN.BTC-20MAR20,1583492343092,open,0.06,0.0,0.0505,0.1005,0.06580905,47.41,None,0.0,BTC-20MAR20-8750-C,9163.17,37.35,0.0595,34.3,0.0695,24.3,52.98,6.00615,-10.26073,2.30014,0.00039,0.72325
9165.36,SYN.BTC-7MAR20,1583492343093,open,0.0,42.3,0.0005,0.0105,3.335e-05,57.92,0.0005,0.0,BTC-7MAR20-8500-P,9163.17,0.0,0.0,0.0,0.0005,30.5,83.37,0.05061,-0.30571,-0.00084,4e-05,-0.00378
9182.83,SYN.BTC-13MAR20,1583492343093,open,0.0,137.3,0.0005,0.0105,9.879e-05,64.98,0.0005,0.0,BTC-13MAR20-7250-P,9163.17,0.0,0.0,0.0,0.0005,4.2,79.04,0.13332,-0.63001,-0.00627,1e-05,-0.00353
9203.2,SYN.BTC-20MAR20,1583492343092,open,0.06,0.0,0.0405,0.0945,0.05636536,48.21,None,0.0,BTC-20MAR20-9500-P,9163.17,42.99,0.0525,32.8,0.0635,32.8,57.69,6.86254,-11.92198,-2.34658,0.00044,-0.61434
9165.36,SYN.BTC-7MAR20,1583492343092,open,0.04,0.0,0.0165,0.06,0.0374936,52.64,None,0.0,BTC-7MAR20-9500-P,9163.17,0.0,0.0255,5.0,0.059,5.0,191.0,0.6931,-18.24236,-0.20964,0.00065,-0.91589
9182.83,SYN.BTC-13MAR20,1583492343093,open,0.0,192.6,0.0005,0.0105,0.00032195,64.98,0.0005,0.0,BTC-13MAR20-7500-P,9163.17,0.0,0.0,0.0,0.001,30.6,76.83,0.3453,-1.6316,-0.01841,3e-05,-0.01032
9182.83,SYN.BTC-13MAR20,1583492343093,open,0.01,377.1,0.0005,0.03,0.00660598,47.76,0.006,0.0,BTC-13MAR20-9750-C,9163.17,46.1,0.006,72.5,0.007,5.0,48.81,3.40932,-11.84123,0.31555,0.00045,0.18903
9165.36,SYN.BTC-7MAR20,1583492343092,open,0.0,77.1,0.0005,0.0105,9.3e-07,59.07,0.0005,0.0,BTC-7MAR20-8250-P,9163.17,0.0,0.0,0.0,0.0005,49.0,110.29,0.00229,-0.00848,-3e-05,0.0,-0.00013
9182.83,SYN.BTC-13MAR20,1583492343093,open,0.05,153.9,0.038,0.0855,0.05548495,47.18,0.053,0.0,BTC-13MAR20-8750-C,9163.17,33.4,0.0505,22.8,0.0555,1.0,47.21,3.71498,-12.74518,1.25625,0.0005,0.78172
9203.2,SYN.BTC-20MAR20,1583492343092,open,0.18,0.0,0.1475,0.2035,0.1728389,58.08,None,0.0,BTC-20MAR20-10750-P,9163.17,0.0,0.155,6.0,0.2005,6.0,111.18,3.01418,-6.30813,-3.77376,0.00016,-0.90579
9165.36,SYN.BTC-7MAR20,1583492343093,open,0.06,0.0,0.03,0.0745,0.05090845,62.98,None,0.0,BTC-7MAR20-9625-P,9163.17,0.0,0.0395,4.0,0.0715,4.0,208.4,0.52147,-16.42026,-0.21831,0.00041,-0.9419
9165.36,SYN.BTC-7MAR20,1583492343092,open,0.0,52.8,0.0005,0.0215,0.0049739,45.0,0.005,0.0,BTC-7MAR20-9250-C,9163.17,36.65,0.0035,44.6,0.005,3.1,45.15,1.64928,-37.1103,0.07419,0.00182,0.34237
9182.83,SYN.BTC-13MAR20,1583492343093,open,0.0,81.0,0.0005,0.011,0.00145253,64.63,0.0005,0.0,BTC-13MAR20-10750-C,9163.17,60.51,0.001,55.0,0.002,30.0,68.7,1.12192,-5.27278,0.0695,0.00011,0.04163
9182.83,SYN.BTC-13MAR20,1583492343092,open,0.03,66.0,0.016,0.0625,0.02855998,45.01,0.0285,0.0,BTC-13MAR20-9250-P,9163.17,42.15,0.027,22.0,0.03,48.0,47.65,5.009,-16.3945,-0.97434,0.0007,-0.5347
9165.36,SYN.BTC-7MAR20,1583492343093,open,0.04,0.0,0.026,0.066,0.04587135,57.1,None,0.0,BTC-7MAR20-8750-C,9163.17,0.0,0.027,5.0,0.058,5.0,157.48,0.44251,-12.63413,0.19942,0.00038,0.95275
9203.2,SYN.BTC-20MAR20,1583492343092,open,0.01,226.0,0.0005,0.0365,0.00974309,47.7,0.01,0.0,BTC-20MAR20-8500-P,9163.17,46.25,0.009,58.0,0.0105,24.0,49.15,4.76998,-8.19949,-0.67704,0.00031,-0.18377
9318.81,SYN.BTC-24APR20,1583492343093,open,0.03,110.3,0.014,0.056,0.03091148,60.02,0.031,0.0,BTC-24APR20-11000-C,9163.17,58.82,0.0295,57.4,0.032,0.2,60.93,11.0466,-6.78257,2.85048,0.00016,0.25934
9165.36,SYN.BTC-7MAR20,1583492343092,open,0.09,0.0,0.082,0.1175,0.09987262,59.44,None,0.0,BTC-7MAR20-8250-C,9163.17,0.0,0.0835,5.0,0.1085,5.0,217.63,0.00248,-0.07357,0.1979,0.0,0.99986
9318.81,SYN.BTC-24APR20,1583492343093,open,0.22,0.0,0.1785,0.2495,0.21131669,60.02,None,0.0,BTC-24APR20-11000-P,9163.17,0.0,0.1065,7.0,0.3545,3.5,162.43,11.04638,-6.7822,-11.87927,0.00016,-0.74067
9203.2,SYN.BTC-20MAR20,1583492343092,open,0.0,55.6,0.0005,0.011,0.00132974,57.32,0.0015,0.0,BTC-20MAR20-7500-P,9163.17,54.59,0.001,38.0,0.0015,30.0,58.57,1.2068,-2.49267,-0.10815,7e-05,-0.02958
9182.83,SYN.BTC-13MAR20,1583492343092,open,0.0,233.3,0.0005,0.015,0.0021528,53.02,0.003,0.0,BTC-13MAR20-8250-P,9163.17,48.96,0.0015,85.9,0.003,30.0,57.46,1.6118,-6.21454,-0.11741,0.00019,-0.06572
9165.36,SYN.BTC-7MAR20,1583492343093,open,0.08,0.0,0.068,0.104,0.08623954,58.56,None,0.0,BTC-7MAR20-8375-C,9163.17,0.0,0.0695,5.0,0.0955,5.0,201.78,0.01222,-0.35791,0.20075,1e-05,0.99921
9182.83,SYN.BTC-13MAR20,1583492343093,open,0.18,0.0,0.148,0.1995,0.17211534,64.62,None,0.0,BTC-13MAR20-10750-P,9163.17,0.0,0.0005,0.1,0.0,0.0,0.0,1.12154,-5.27041,-1.95556,0.00011,-0.95838
9318.81,SYN.BTC-24APR20,1583492343092,open,0.01,247.6,0.0005,0.025,0.00903699,73.01,0.008,0.0,BTC-24APR20-14000-C,9163.17,72.03,0.0085,24.0,0.0095,0.1,73.83,5.17852,-3.86789,0.91403,6e-05,0.08229
9182.83,SYN.BTC-13MAR20,1583492343093,open,0.0,350.8,0.0005,0.011,0.00142156,59.41,0.001,0.0,BTC-13MAR20-8000-P,9163.17,55.62,0.001,66.2,0.002,36.9,63.7,1.12231,-4.84881,-0.07451,0.00012,-0.04165
9318.81,SYN.BTC-24APR20,1583492343092,open,0.73,0.0,0.6855,0.768,0.72294928,83.17,None,0.0,BTC-24APR20-16000-P,9163.17,0.0,0.001,0.1,1.5,0.1,500.0,3.63968,-3.09687,-20.84834,4e-05,-0.9478
9318.81,SYN.BTC-24APR20,1583492343093,open,0.17,21.6,0.143,0.196,0.16811147,57.49,0.157,0.0,BTC-24APR20-8000-C,9163.17,53.94,0.1645,21.9,0.172,26.5,61.19,9.63575,-5.66701,7.84607,0.00014,0.79688
9182.83,SYN.BTC-13MAR20,1583492343093,open,0.02,366.4,0.006,0.047,0.01574089,45.05,0.016,0.0,BTC-13MAR20-9000-P,9163.17,43.6,0.015,5.0,0.017,53.7,47.49,4.71899,-15.45842,-0.65144,0.00066,-0.36085
9203.2,SYN.BTC-20MAR20,1583492343092,open,0.0,0.5,0.0005,0.0105,0.0007105,66.52,0.0005,0.0,BTC-20MAR20-7000-P,9163.17,63.3,0.0005,28.0,0.001,45.5,70.05,0.6726,-1.61211,-0.05434,3e-05,-0.01482
9203.2,SYN.BTC-20MAR20,1583492343093,open,0.11,0.0,0.0915,0.138,0.10921731,48.92,None,0.0,BTC-20MAR20-8250-C,9163.17,0.0,0.0955,9.0,0.123,9.0,77.18,3.50918,-6.18547,2.70993,0.00022,0.88378
9182.83,SYN.BTC-13MAR20,1583492343092,open,0.18,0.0,0.167,0.201,0.18358045,64.99,None,0.0,BTC-13MAR20-7500-C,9163.17,0.0,0.1675,7.0,0.193,7.0,127.81,0.34573,-1.63403,1.39438,3e-05,0.98966
9203.2,SYN.BTC-20MAR20,1583492343092,open,0.18,0.0,0.169,0.206,0.18639722,57.33,None,0.0,BTC-20MAR20-7500-C,9163.17,0.0,0.169,9.0,0.1985,9.0,100.36,1.20743,-2.49437,2.74295,7e-05,0.9704
9165.36,SYN.BTC-7MAR20,1583492343092,open,0.0,11.0,0.0005,0.0105,0.00014846,57.39,0.0005,0.0,BTC-7MAR20-8625-P,9163.17,0.0,0.0,0.0,0.001,31.5,80.15,0.1679,-1.36067,-0.00328,0.00015,-0.01478
9182.83,SYN.BTC-13MAR20,1583492343093,open,0.05,0.5,0.03,0.081,0.0463276,45.63,0.0575,0.0,BTC-13MAR20-9500-P,9163.17,42.84,0.045,1.0,0.0505,1.0,54.12,4.41291,-14.64348,-1.28285,0.00061,-0.69528
9203.2,SYN.BTC-20MAR20,1583492343093,open,0.1,0.0,0.077,0.134,0.09782147,50.2,None,0.0,BTC-20MAR20-10000-P,9163.17,0.0,0.0765,8.0,0.129,8.0,96.57,5.20042,-9.40637,-3.09915,0.00032,-0.78799
9165.36,SYN.BTC-7MAR20,1583492343092,open,0.0,127.0,0.0005,0.0135,0.00138738,53.76,0.0015,0.0,BTC-7MAR20-8875-P,9163.17,49.2,0.001,0.2,0.002,51.0,59.98,0.83458,-12.71583,-0.02411,0.00077,-0.10827
9182.83,SYN.BTC-13MAR20,1583492343093,open,0.07,40.9,0.0595,0.1055,0.07826296,48.55,0.074,0.0,BTC-13MAR20-8500-C,9163.17,0.0,0.0675,7.0,0.091,7.0,83.98,2.46834,-8.71478,1.39298,0.00032,0.88354
9203.2,SYN.BTC-20MAR20,1583492343092,open,0.03,257.5,0.0165,0.0615,0.02646821,47.4,0.028,0.0,BTC-20MAR20-9000-P,9163.17,46.1,0.0255,4.0,0.0275,24.0,48.78,6.86823,-11.7313,-1.44572,0.00045,-0.38675
9182.83,SYN.BTC-13MAR20,1583492343093,open,0.0,161.1,0.0005,0.0155,0.00271755,55.69,0.003,0.0,BTC-13MAR20-10250-C,9163.17,51.93,0.002,64.6,0.0035,31.1,59.26,1.88644,-7.63934,0.13493,0.00021,0.08072
9182.83,SYN.BTC-13MAR20,1583492343093,open,0.1,0.0,0.071,0.1235,0.09304541,51.39,None,0.0,BTC-13MAR20-10000-P,9163.17,0.0,0.0765,6.0,0.1195,6.0,114.95,2.5262,-9.44134,-1.6826,0.00031,-0.87966
9182.83,SYN.BTC-13MAR20,1583492343092,open,0.08,0.0,0.0485,0.1015,0.06836992,47.76,None,0.0,BTC-13MAR20-9750-P,9163.17,0.0,0.0605,6.0,0.0915,6.0,97.91,3.4092,-11.84028,-1.52112,0.00045,-0.81099
9318.81,SYN.BTC-24APR20,1583492343093,open,0.1,60.1,0.0725,0.1295,0.09916604,56.5,0.098,0.0,BTC-24APR20-9000-C,9163.17,55.31,0.0975,23.3,0.1005,4.0,57.44,13.11097,-7.57744,6.33815,0.0002,0.60709
9318.81,SYN.BTC-24APR20,1583492343092,open,0.31,0.0,0.2735,0.3465,0.30681394,64.22,None,0.0,BTC-24APR20-12000-P,9163.17,0.0,0.1575,5.0,0.408,5.0,144.26,8.59316,-5.64544,-14.19949,0.00012,-0.83111
9318.81,SYN.BTC-24APR20,1583492343093,open,0.03,345.9,0.012,0.049,0.02658799,57.49,0.026,0.0,BTC-24APR20-8000-P,9163.17,56.92,0.026,8.3,0.0275,19.3,58.37,9.6356,-5.66674,-2.86632,0.00014,-0.20311
239.15,SYN.ETH-13MAR20,1583492343134,open,0.0,262.0,0.0005,0.019,0.004739,68.91,0.0045,0.0,ETH-13MAR20-270-C,238.65,65.9,0.004,300.0,0.006,301.0,73.59,0.06104,-0.30587,0.00467,0.00822,0.10831
245.98,ETH-26JUN20,1583492343193,open,0.6,1.0,0.5835,0.6185,0.600107,97.55,0.38,0.0,ETH-26JUN20-100-C,238.64,0.0,0.593,1.0,0.0,0.0,0.0,0.08329,-0.03631,0.2816,0.00046,0.97361
245.98,ETH-26JUN20,1583492343193,open,1.48,0.0,1.3755,1.555,1.459475,101.3,None,0.0,ETH-26JUN20-600-P,238.64,0.0,0.01,50.0,0.0,0.0,0.0,0.2305,-0.10436,-1.78256,0.00123,-0.90482
240.18,ETH-27MAR20,1583492343193,open,0.02,4717.0,0.004,0.0355,0.015662,79.87,0.016,0.0,ETH-27MAR20-200-P,238.64,78.65,0.015,345.0,0.0165,300.0,81.38,0.13149,-0.25153,-0.0222,0.00499,-0.14595
240.18,ETH-27MAR20,1583492343193,open,1.36,0.0,1.264,1.405,1.331742,117.62,None,0.0,ETH-27MAR20-560-P,238.64,0.0,0.02,50.0,0.0,0.0,0.0,0.00374,-0.01054,-0.32002,0.0001,-0.99794
245.98,ETH-26JUN20,1583492343193,open,0.85,0.0,0.76,0.9155,0.834147,94.17,None,0.0,ETH-26JUN20-440-P,238.64,0.0,0.01,50.0,0.0,0.0,0.0,0.37704,-0.15869,-1.23482,0.00216,-0.80365
240.18,ETH-27MAR20,1583492343193,open,1.19,0.0,1.102,1.2345,1.165515,120.42,None,0.0,ETH-27MAR20-520-P,238.64,0.0,0.006,50.0,0.0,0.0,0.0,0.00914,-0.02637,-0.29671,0.00023,-0.99443
240.18,ETH-27MAR20,1583492343193,open,0.12,2363.0,0.0845,0.1525,0.119284,76.0,0.1115,0.0,ETH-27MAR20-220-C,238.64,72.54,0.1165,274.0,0.124,83.0,81.78,0.19438,-0.35383,0.0821,0.00775,0.71692
240.18,ETH-27MAR20,1583492343193,open,0.68,5.0,0.6175,0.722,0.667006,98.15,0.42,0.0,ETH-27MAR20-400-P,238.64,0.0,0.0,0.0,0.79,1.0,299.3,0.02769,-0.0651,-0.22626,0.00086,-0.9801
240.18,ETH-27MAR20,1583492343194,open,0.2,1462.0,0.1475,0.236,0.190744,80.36,0.261,0.0,ETH-27MAR20-280-P,238.64,0.0,0.159,15.0,0.2305,15.0,127.82,0.17909,-0.34468,-0.13042,0.00675,-0.75871
245.97,ETH-26JUN20,1583492343194,open,0.55,1.0,0.47,0.614,0.539858,90.27,1.827,0.0,ETH-26JUN20-360-P,238.64,0.0,0.015,2.0,1.3,1.0,500.0,0.47647,-0.19223,-0.93156,0.00285,-0.69576
240.18,ETH-27MAR20,1583492343194,open,0.35,1499.0,0.297,0.3905,0.34163,87.26,0.41,0.0,ETH-27MAR20-320-P,238.64,0.0,0.311,11.0,0.3815,11.0,149.81,0.10223,-0.21365,-0.17029,0.00355,-0.89806
240.18,ETH-27MAR20,1583492343194,open,0.45,112.0,0.4425,0.4775,0.459661,115.45,0.5185,0.0,ETH-27MAR20-130-C,238.64,0.0,0.4585,1.0,0.464,25.0,153.75,0.0141,-0.03899,0.07297,0.00037,0.9909
240.18,ETH-27MAR20,1583492343195,open,0.01,3440.0,0.0005,0.02,0.006909,87.41,0.007,0.0,ETH-27MAR20-180-P,238.64,86.1,0.0065,350.0,0.0075,369.0,89.23,0.07615,-0.15942,-0.01041,0.00264,-0.06886
240.17,ETH-27MAR20,1583492343195,open,0.85,0.0,0.779,0.891,0.832413,95.37,None,0.0,ETH-27MAR20-440-P,238.64,0.0,0.003,50.0,1.026,1.0,399.46,0.00909,-0.02076,-0.25094,0.00029,-0.99447
245.97,ETH-26JUN20,1583492343196,open,0.33,2755.0,0.288,0.3675,0.328304,84.92,0.319,0.0,ETH-26JUN20-180-C,238.64,80.94,0.3225,20.0,0.352,27.0,100.53,0.36259,-0.13761,0.36749,0.0023,0.81574
239.16,SYN.ETH-13MAR20,1583492343193,open,0.07,0.0,0.031,0.099,0.063734,65.57,None,0.0,ETH-13MAR20-250-P,238.64,61.02,0.0615,180.0,0.0675,180.0,73.08,0.11846,-0.56481,-0.03318,0.01677,-0.67283
239.16,SYN.ETH-13MAR20,1583492343193,open,0.24,0.0,0.2245,0.27,0.247525,81.35,None,0.0,ETH-13MAR20-180-C,238.64,0.0,0.247,1.0,0.2545,19.0,151.79,0.00445,-0.02631,0.03369,0.00051,0.99535
239.16,SYN.ETH-13MAR20,1583492343193,open,0.01,775.0,0.0005,0.0285,0.00937,68.84,0.011,0.0,ETH-13MAR20-220-P,238.64,64.89,0.008,249.0,0.011,529.0,73.32,0.0849,-0.42502,-0.00835,0.01145,-0.17594
241.97,SYN.ETH-24APR20,1583492343192,open,0.09,13.0,0.0535,0.1285,0.090222,82.19,0.0835,0.0,ETH-24APR20-260-C,238.64,80.31,0.0875,462.0,0.094,487.0,84.78,0.35186,-0.29583,0.12134,0.00546,0.46471
241.97,SYN.ETH-24APR20,1583492343192,open,0.05,474.0,0.022,0.0835,0.049859,84.97,0.0485,0.0,ETH-24APR20-300-C,238.64,83.1,0.0475,334.0,0.0525,211.0,87.05,0.306,-0.266,0.07976,0.00459,0.29603
239.16,SYN.ETH-13MAR20,1583492343193,open,0.12,1.0,0.0965,0.155,0.126302,73.42,0.1005,0.0,ETH-13MAR20-210-C,238.64,0.0,0.1215,1.0,0.1455,18.0,132.25,0.05331,-0.28465,0.03531,0.00674,0.90998
251.77,SYN.ETH-25SEP20,1583492343193,open,1.92,0.0,1.792,2.015,1.896889,96.44,None,0.0,ETH-25SEP20-720-P,238.64,0.0,0.0,0.0,0.0,0.0,0.0,0.4081,-0.097,-3.86461,0.0012,-0.86473
241.97,SYN.ETH-24APR20,1583492343193,open,0.17,2.0,0.118,0.2135,0.164729,82.19,0.17,0.0,ETH-24APR20-260-P,238.64,78.24,0.159,359.0,0.166,144.0,83.06,0.35186,-0.29583,-0.22682,0.00546,-0.53529
239.16,SYN.ETH-13MAR20,1583492343193,open,0.08,30.0,0.0575,0.1195,0.089447,68.77,0.08,0.0,ETH-13MAR20-220-C,238.64,59.97,0.0865,97.0,0.0925,60.0,77.02,0.08483,-0.42422,0.03311,0.01145,0.82428
251.77,SYN.ETH-25SEP20,1583492343194,open,2.55,0.0,2.403,2.657,2.522032,101.0,None,0.0,ETH-25SEP20-880-P,238.64,0.0,0.0,0.0,0.0,0.0,0.0,0.32777,-0.08159,-4.78974,0.00092,-0.90068
239.16,SYN.ETH-13MAR20,1583492343193,open,0.28,1.0,0.2675,0.31,0.289186,77.15,0.2795,0.0,ETH-13MAR20-170-C,238.64,0.0,0.2705,20.0,0.295,20.0,167.34,0.00061,-0.00343,0.032,7e-05,0.99947
251.77,SYN.ETH-25SEP20,1583492343193,open,0.04,30.0,0.0155,0.0835,0.042809,96.29,0.045,0.0,ETH-25SEP20-680-C,238.64,95.25,0.041,500.0,0.0445,4.0,97.24,0.44275,-0.10506,0.15369,0.00131,0.15264
239.16,SYN.ETH-13MAR20,1583492343193,open,0.02,479.0,0.0035,0.045,0.019611,66.17,0.021,0.0,ETH-13MAR20-230-P,238.64,61.83,0.0175,253.0,0.0215,265.0,70.01,0.11696,-0.56281,-0.01518,0.01641,-0.31729
239.16,SYN.ETH-13MAR20,1583492343193,open,0.01,495.0,0.0005,0.018,0.00441,73.53,0.005,0.0,ETH-13MAR20-210-P,238.64,69.25,0.0035,600.0,0.006,600.0,80.17,0.05345,-0.28579,-0.00427,0.00675,-0.09033
239.16,SYN.ETH-13MAR20,1583492343193,open,0.05,201.0,0.0275,0.088,0.057873,66.11,0.054,0.0,ETH-13MAR20-230-C,238.64,60.19,0.055,209.0,0.061,393.0,72.46,0.11695,-0.56226,0.02815,0.01642,0.68283
239.16,SYN.ETH-13MAR20,1583492343193,open,0.0,233.0,0.0005,0.011,0.00131,74.67,0.001,0.0,ETH-13MAR20-290-C,238.64,64.37,0.0005,856.0,0.0025,600.0,84.12,0.02456,-0.13336,0.00146,0.00305,0.03366
239.16,SYN.ETH-13MAR20,1583492343193,open,0.05,32.0,0.012,0.069,0.037638,65.38,0.046,0.0,ETH-13MAR20-240-P,238.64,61.47,0.0355,180.0,0.04,218.0,69.69,0.13095,-0.62256,-0.02412,0.01859,-0.49774
240.17,ETH-27MAR20,1583492343227,open,0.85,0.0,0.779,0.8905,0.832413,95.37,None,0.0,ETH-27MAR20-440-P,238.64,0.0,0.003,50.0,1.027,1.0,400.53,0.00909,-0.02076,-0.25094,0.00029,-0.99447
240.17,ETH-27MAR20,1583492344306,open,0.13,66.0,0.0845,0.167,0.124779,77.17,0.1435,0.0,ETH-27MAR20-260-P,238.64,0.0,0.0,0.0,0.226,25.0,184.52,0.21645,-0.40004,-0.10398,0.0085,-0.63218
240.17,ETH-27MAR20,1583492344306,open,0.04,5374.0,0.017,0.072,0.042289,77.25,0.043,0.0,ETH-27MAR20-260-C,238.64,74.15,0.0395,575.0,0.0455,34.0,80.8,0.21649,-0.40056,0.04475,0.00849,0.36804
240.17,ETH-27MAR20,1583492344306,open,0.01,228.0,0.0005,0.0185,0.005623,89.68,0.0075,0.0,ETH-27MAR20-340-C,238.64,85.75,0.0045,650.0,0.0075,663.0,95.39,0.0729,-0.15658,0.00817,0.00246,0.06508
241.95,SYN.ETH-24APR20,1583492344733,open,0.16,5.0,0.1235,0.2015,0.16319,80.73,0.14,0.0,ETH-24APR20-220-C,238.64,79.44,0.1615,144.0,0.168,310.0,84.41,0.31633,-0.26126,0.16767,0.005,0.68071
238.7,SYN.ETH-7MAR20,1583492345297,open,0.09,0.0,0.072,0.1255,0.09935,80.57,None,0.0,ETH-7MAR20-215-C,238.64,0.0,0.0755,11.0,0.1065,11.0,203.81,0.00132,-0.05323,0.00514,0.0012,0.99621
238.7,SYN.ETH-7MAR20,1583492345297,open,0.11,0.0,0.0935,0.146,0.120289,95.01,None,0.0,ETH-7MAR20-210-C,238.64,0.0,0.097,11.0,0.1265,11.0,224.97,0.00099,-0.04697,0.00502,0.00076,0.99725
238.7,SYN.ETH-7MAR20,1583492345297,open,0.04,1.0,0.0025,0.0625,0.030258,65.88,0.0425,0.0,ETH-7MAR20-245-P,238.64,52.54,0.0285,30.0,0.0335,30.0,86.83,0.03412,-1.12398,-0.00467,0.03789,-0.78543
238.7,SYN.ETH-7MAR20,1583492345297,open,0.13,2.0,0.115,0.166,0.141234,110.76,0.1005,0.0,ETH-7MAR20-205-C,238.64,0.0,0.1185,11.0,0.1475,11.0,255.73,0.00084,-0.04671,0.0049,0.00056,0.99769
238.7,SYN.ETH-7MAR20,1583492345301,open,0.01,6.0,0.0005,0.03,0.006586,66.46,0.01,0.0,ETH-7MAR20-235-P,238.64,54.06,0.0045,120.0,0.0085,120.0,77.37,0.04123,-1.37021,-0.00181,0.04538,-0.30971
238.7,SYN.ETH-7MAR20,1583492345301,open,0.0,11.0,0.0005,0.0235,0.003927,66.19,0.003,0.0,ETH-7MAR20-245-C,238.64,59.49,0.003,120.0,0.0055,147.0,76.68,0.03423,-0.93747,0.00121,0.03783,0.21571
238.7,SYN.ETH-7MAR20,1583492345303,open,0.06,0.0,0.0175,0.082,0.048748,69.83,None,0.0,ETH-7MAR20-250-P,238.64,0.0,0.0285,10.0,0.0785,10.0,257.23,0.01914,-0.6684,-0.00548,0.02005,-0.909
239.66,SYN.ETH-20MAR20,1583492345310,open,0.13,0.0,0.105,0.1675,0.136942,74.07,None,0.0,ETH-20MAR20-210-C,238.64,0.0,0.106,10.0,0.1585,10.0,113.09,0.11455,-0.30574,0.06389,0.00708,0.83815
239.66,SYN.ETH-20MAR20,1583492345316,open,0.02,9.0,0.0035,0.04,0.017543,74.0,0.017,0.0,ETH-20MAR20-270-C,238.64,73.06,0.017,240.0,0.0185,6.0,75.62,0.14027,-0.37403,0.01894,0.00868,0.22538
239.66,SYN.ETH-20MAR20,1583492345316,open,0.16,0.0,0.1045,0.1855,0.144075,73.86,None,0.0,ETH-20MAR20-270-P,238.64,0.0,0.1235,8.0,0.1835,8.0,131.9,0.1401,-0.3729,-0.08374,0.00869,-0.77511
