underlying_price,underlying_index,timestamp,state,settlement_price,open_interest,min_price,max_price,mark_price,mark_iv,last_price,interest_rate,instrument_name,index_price,bid_iv,best_bid_price,best_bid_amount,best_ask_price,best_ask_amount,ask_iv,vega,theta,rho,gamma,delta
7833.01,SYN.BTC-20MAR20,1583924340025,open,0.0,208.8,0.0005,0.0105,0.00012415,87.81,0.0005,0.0,BTC-20MAR20-11500-C,7830.02,0.0,0.0,0.0,0.0005,40.0,101.98,0.11543,-0.57096,0.00569,1e-05,0.00311
7835.36,BTC-27MAR20,1583924340392,open,0.1,1313.9,0.0795,0.1385,0.10686271,62.6,0.104,0.0,BTC-27MAR20-8500-P,7830.02,60.67,0.1055,4.0,0.1085,4.0,64.88,5.57806,-10.99713,-2.7897,0.00033,-0.71171
7897.99,SYN.BTC-24APR20,1583924340506,open,0.0,242.4,0.0005,0.011,0.00122814,125.17,0.002,0.0,BTC-24APR20-24000-C,7830.02,122.4,0.001,0.1,0.0015,33.0,128.02,0.70013,-0.99866,0.07887,1e-05,0.00954
7835.31,BTC-27MAR20,1583924340530,open,0.01,851.2,0.0005,0.0215,0.00681129,69.49,0.0082,0.0,BTC-27MAR20-9500-C,7830.03,67.28,0.006,97.0,0.0075,40.0,71.27,2.95905,-6.47603,0.33258,0.00016,0.1044
8038.85,BTC-26JUN20,1583924340530,open,0.42,0.0,0.3765,0.4775,0.42224909,72.11,None,0.0,BTC-26JUN20-11000-P,7830.03,0.0,0.0005,0.1,2.0,0.1,500.0,14.4195,-4.86423,-27.08995,0.00011,-0.72863
8038.85,BTC-26JUN20,1583924340530,open,0.06,185.3,0.0285,0.0915,0.05390098,72.11,0.054,0.0,BTC-26JUN20-11000-C,7830.03,71.61,0.053,4.0,0.055,48.1,72.72,14.41997,-4.86464,5.11941,0.00011,0.27139
7835.31,BTC-27MAR20,1583924340530,open,0.46,0.0,0.4395,0.5035,0.46914228,87.62,None,0.0,BTC-27MAR20-11500-P,7830.03,0.0,0.35,0.1,0.6,0.1,313.05,0.86729,-2.39322,-4.93082,4e-05,-0.97771
7835.31,BTC-27MAR20,1583924340530,open,0.34,0.1,0.3145,0.3765,0.34303526,79.35,0.1395,0.0,BTC-27MAR20-10500-P,7830.03,0.0,0.2,0.1,1.0,0.1,500.0,1.57305,-3.93106,-4.42069,7e-05,-0.95413
7835.31,BTC-27MAR20,1583924340530,open,0.21,45.6,0.1915,0.252,0.2192651,69.47,0.217,0.0,BTC-27MAR20-9500-P,7830.03,0.0,0.206,8.0,0.224,4.0,80.56,2.95782,-6.47181,-3.79963,0.00016,-0.89566
8038.85,BTC-26JUN20,1583924340530,open,0.03,127.5,0.013,0.063,0.03120725,76.28,0.0325,0.0,BTC-26JUN20-13000-C,7830.03,75.38,0.03,37.6,0.0325,50.2,77.22,10.9657,-3.91309,3.24317,8e-05,0.16899
7835.31,BTC-27MAR20,1583924340530,open,0.0,248.8,0.0005,0.011,0.00143503,87.68,0.002,0.0,BTC-27MAR20-11500-C,7830.03,83.3,0.001,100.1,0.002,40.0,92.24,0.87024,-2.4032,0.07139,4e-05,0.02238
8038.85,BTC-26JUN20,1583924340530,open,0.64,0.0,0.602,0.7055,0.64834593,76.27,None,0.0,BTC-26JUN20-13000-P,7830.03,0.0,0.002,4.0,2.0,0.1,500.0,10.9646,-3.91239,-34.82258,8e-05,-0.83104
7835.31,BTC-27MAR20,1583924340530,open,0.0,835.8,0.0005,0.013,0.00295473,79.38,0.0035,0.0,BTC-27MAR20-10500-C,7830.03,77.01,0.0025,85.0,0.0035,47.0,81.96,1.57516,-3.93802,0.14653,7e-05,0.04595
8038.85,BTC-26JUN20,1583924340531,open,0.63,34.7,0.619,0.64,0.62877889,87.79,0.708,0.0,BTC-26JUN20-3000-C,7830.03,0.0,0.0,0.0,0.0,0.0,0.0,1.19734,-0.49175,8.49377,1e-05,0.98962
8038.85,BTC-26JUN20,1583924340531,open,0.31,827.1,0.2725,0.3705,0.31711335,69.91,0.3065,0.0,BTC-26JUN20-10000-P,7830.03,68.85,0.315,4.0,0.3195,4.0,71.1,16.09595,-5.26416,-22.78731,0.00012,-0.65097
8198.51,BTC-25SEP20,1583924340531,open,0.03,345.5,0.0115,0.0655,0.02981159,83.1,0.031,0.0,BTC-25SEP20-20000-C,7830.03,82.89,0.0295,0.1,0.0305,8.0,83.55,12.40745,-2.60516,4.21868,4e-05,0.12473
8038.85,BTC-26JUN20,1583924340531,open,1.98,0.0,1.929,2.067,1.99219354,98.7,None,0.0,BTC-26JUN20-24000-P,7830.03,0.0,1.69,0.1,3.0,0.1,500.0,3.55344,-1.64076,-69.5502,2e-05,-0.96254
7835.31,BTC-27MAR20,1583924340531,open,0.0,1937.1,0.0005,0.0145,0.00393907,82.62,0.004,0.0,BTC-27MAR20-6000-P,7830.03,80.55,0.0035,40.0,0.0045,40.0,85.1,1.7128,-4.45691,-0.18732,8e-05,-0.05102
7835.31,BTC-27MAR20,1583924340531,open,1.03,21.2,1.002,1.0865,1.04234424,123.53,0.501,0.0,BTC-27MAR20-16000-P,7830.03,0.0,0.0055,0.1,2.0,0.1,500.0,0.19861,-0.77269,-6.94623,1e-05,-0.99588
8198.51,BTC-25SEP20,1583924340531,open,0.18,297.4,0.137,0.232,0.17959594,66.64,0.177,0.0,BTC-25SEP20-8000-P,7830.03,66.08,0.178,6.4,0.181,4.0,67.14,23.05467,-3.88243,-25.04445,9e-05,-0.38388
7835.31,BTC-27MAR20,1583924340531,open,0.0,898.4,0.0005,0.0105,0.0,123.94,0.0005,0.0,BTC-27MAR20-40000-C,7830.03,0.0,0.0,0.0,0.0005,40.1,262.74,0.0,0.0,0.0,0.0,0.0
8038.85,BTC-26JUN20,1583924340531,open,0.14,633.0,0.102,0.183,0.13844271,65.75,0.1325,0.0,BTC-26JUN20-8000-P,7830.03,65.3,0.1375,23.2,0.139,1.0,66.01,17.03859,-5.24087,-13.24065,0.00014,-0.42407
7835.31,BTC-27MAR20,1583924340531,open,0.28,853.2,0.2525,0.3135,0.28053914,74.13,0.31,0.0,BTC-27MAR20-10000-P,7830.03,0.0,0.259,4.0,0.2865,4.0,91.46,2.11431,-4.93606,-4.13666,0.00011,-0.93328
8038.85,BTC-26JUN20,1583924340531,open,0.29,72.7,0.2625,0.3215,0.28975548,66.46,0.44,0.0,BTC-26JUN20-6000-C,7830.03,49.83,0.27,5.0,0.3,5.0,73.99,10.5974,-3.29519,12.94467,8e-05,0.83969
8198.51,BTC-25SEP20,1583924340531,open,0.53,710.2,0.509,0.547,0.52555824,70.45,0.5425,0.0,BTC-25SEP20-4000-C,7830.03,56.45,0.517,4.0,0.5405,4.0,86.89,6.2458,-1.11183,18.85585,2e-05,0.9498
8198.51,BTC-25SEP20,1583924340531,open,0.55,272.7,0.496,0.62,0.55175025,72.39,0.55,0.0,BTC-25SEP20-12000-P,7830.03,0.0,0.238,0.1,1.5,0.2,500.0,21.78077,-3.98422,-54.43531,8e-05,-0.673
8038.85,BTC-26JUN20,1583924340531,open,0.01,387.6,0.0005,0.0195,0.00496923,104.71,0.0055,0.0,BTC-26JUN20-28000-C,7830.03,103.3,0.0045,32.0,0.0055,32.0,106.21,2.75205,-1.34817,0.53001,1e-05,0.02749
8038.85,BTC-26JUN20,1583924340531,open,1.49,0.1,1.442,1.5645,1.49761633,91.3,1.85,0.0,BTC-26JUN20-20000-P,7830.03,0.0,0.001,2.0,3.0,0.1,500.0,4.84165,-2.06803,-57.49479,3e-05,-0.94496
7835.32,BTC-27MAR20,1583924340531,open,0.0,2582.3,0.0005,0.0105,0.00090638,89.79,0.001,0.0,BTC-27MAR20-12000-C,7830.03,83.39,0.0005,128.0,0.0015,40.0,96.26,0.60225,-1.70319,0.04644,3e-05,0.01453
7835.32,BTC-27MAR20,1583924340531,open,0.0,154.1,0.0005,0.0105,1e-08,123.94,0.0005,0.0,BTC-27MAR20-30000-C,7830.03,0.0,0.0,0.0,0.0005,40.0,222.83,2e-05,-7e-05,0.0,0.0,0.0
7835.32,BTC-27MAR20,1583924340531,open,0.53,193.9,0.502,0.567,0.53242505,89.69,0.5345,0.0,BTC-27MAR20-12000-P,7830.03,0.0,0.38,0.1,1.0,0.1,500.0,0.59873,-1.6913,-5.17328,2e-05,-0.98557
7835.32,BTC-27MAR20,1583924340531,open,0.0,2352.3,0.0005,0.016,0.00427359,74.16,0.005,0.0,BTC-27MAR20-10000-C,7830.03,71.14,0.0035,80.2,0.005,40.0,76.74,2.11646,-4.94305,0.21312,0.00011,0.06681
8038.85,BTC-26JUN20,1583924340531,open,0.15,494.4,0.1085,0.1845,0.14328168,65.75,0.148,0.0,BTC-26JUN20-8000-C,7830.03,64.91,0.1415,19.2,0.147,47.7,67.51,17.03856,-5.24109,10.18408,0.00014,0.57594
7835.32,BTC-27MAR20,1583924340531,open,0.01,2009.6,0.0025,0.03,0.01202014,65.82,0.0115,0.0,BTC-27MAR20-9000-C,7830.03,64.84,0.0115,3.9,0.0125,32.0,66.72,4.18762,-8.68144,0.54995,0.00024,0.17339
7835.32,BTC-27MAR20,1583924340531,open,0.0,428.4,0.0005,0.0105,0.0,123.94,0.0005,0.0,BTC-27MAR20-36000-C,7830.03,0.0,0.0,0.0,0.0005,40.0,248.28,0.0,0.0,0.0,0.0,0.0
8198.51,BTC-25SEP20,1583924340531,open,0.13,434.4,0.09,0.181,0.13031211,69.43,0.1355,0.0,BTC-25SEP20-10000-C,7830.03,68.98,0.129,4.0,0.132,4.0,70.01,23.87027,-4.18787,14.081,9e-05,0.44712
8038.85,BTC-26JUN20,1583924340531,open,0.0,350.3,0.0005,0.0115,0.00196428,87.77,0.002,0.0,BTC-26JUN20-3000-P,7830.03,84.38,0.0015,32.0,0.0025,25.0,91.1,1.19644,-0.49129,-0.29027,1e-05,-0.01037
8038.85,BTC-26JUN20,1583924340531,open,0.21,126.8,0.1735,0.2445,0.20642737,65.75,0.204,0.0,BTC-26JUN20-7000-C,7830.03,63.06,0.2015,14.2,0.21,14.2,67.69,14.77851,-4.54592,11.96123,0.00012,0.71458
8038.85,BTC-26JUN20,1583924340531,open,0.51,21.6,0.4945,0.525,0.50791408,76.67,0.612,0.0,BTC-26JUN20-4000-C,7830.03,0.0,0.0005,0.1,1.0,0.1,500.0,2.91007,-1.04385,10.89112,2e-05,0.97061
8198.51,BTC-25SEP20,1583924340531,open,0.02,286.3,0.0045,0.0425,0.01542696,90.85,0.015,0.0,BTC-25SEP20-28000-C,7830.03,89.86,0.0145,28.0,0.0165,8.0,91.96,7.79827,-1.7902,2.27382,2e-05,0.06659
7835.32,BTC-27MAR20,1583924340531,open,0.0,1595.7,0.0005,0.0105,0.00071546,100.81,0.001,0.0,BTC-27MAR20-13000-C,7830.03,96.66,0.0005,52.0,0.001,40.1,105.11,0.45962,-1.45928,0.03381,2e-05,0.01064
8198.51,BTC-25SEP20,1583924340531,open,0.26,17.1,0.2235,0.3065,0.26177082,66.64,0.279,0.0,BTC-25SEP20-7000-C,7830.03,64.74,0.257,10.6,0.2665,10.6,68.53,20.50121,-3.4524,20.13486,8e-05,0.71479
7835.32,BTC-27MAR20,1583924340531,open,0.49,53.6,0.4795,0.4995,0.48951017,97.9,0.5975,0.0,BTC-27MAR20-4000-C,7830.03,0.0,0.4,0.1,0.0,0.0,0.0,0.02049,-0.06317,1.73857,0.0,0.99966
8038.85,BTC-26JUN20,1583924340531,open,0.22,756.0,0.18,0.2725,0.22200672,68.18,0.212,0.0,BTC-26JUN20-9000-P,7830.03,66.78,0.219,4.0,0.222,4.0,68.18,17.22597,-5.49463,-18.1345,0.00013,-0.54841
7835.32,BTC-27MAR20,1583924340531,open,0.18,3.0,0.1565,0.201,0.17749418,72.24,0.3,0.0,BTC-27MAR20-6500-C,7830.03,0.0,0.17,7.1,0.1895,7.0,99.84,2.74405,-6.24291,2.48216,0.00014,0.90583
7835.32,BTC-27MAR20,1583924340531,open,0.24,32.8,0.22,0.259,0.23817975,82.64,0.3395,0.0,BTC-27MAR20-6000-C,7830.03,0.0,0.227,7.0,0.2495,7.0,118.25,1.71368,-4.4602,2.42226,8e-05,0.94894
7835.32,BTC-27MAR20,1583924340531,open,0.0,329.6,0.0005,0.0105,7e-07,123.94,0.0005,0.0,BTC-27MAR20-24000-C,7830.03,0.0,0.0,0.0,0.0005,61.0,190.85,0.00096,-0.00373,4e-05,0.0,1e-05
8038.85,BTC-26JUN20,1583924340531,open,0.01,1127.3,0.0005,0.0215,0.00570703,101.8,0.0055,0.0,BTC-26JUN20-26000-C,7830.03,99.89,0.005,32.0,0.0065,32.0,103.77,3.10362,-1.47814,0.61348,2e-05,0.03177
7835.32,BTC-27MAR20,1583924340531,open,0.0,1066.7,0.0005,0.0115,0.00194813,83.11,0.0025,0.0,BTC-27MAR20-11000-C,7830.03,79.76,0.0015,100.0,0.0025,40.0,86.64,1.13334,-2.96655,0.09799,5e-05,0.0307
8038.85,BTC-26JUN20,1583924340531,open,0.01,569.7,0.005,0.032,0.01466584,69.8,0.014,0.0,BTC-26JUN20-5000-P,7830.03,68.92,0.014,32.0,0.0155,32.0,70.89,6.10035,-1.99215,-2.08912,5e-05,-0.07409
8198.51,BTC-25SEP20,1583924340532,open,0.06,566.0,0.0325,0.107,0.06212525,74.95,0.065,0.0,BTC-25SEP20-14000-C,7830.03,74.46,0.061,10.0,0.0635,4.0,75.54,18.93098,-3.58511,8.07955,7e-05,0.24391
8038.86,BTC-26JUN20,1583924340531,open,0.53,137.7,0.487,0.589,0.5329989,74.03,0.513,0.0,BTC-26JUN20-12000-P,7830.03,0.0,0.055,1.0,0.6,0.5,110.58,12.60311,-4.36468,-31.0968,9e-05,-0.7881
8038.86,BTC-26JUN20,1583924340531,open,0.4,14.3,0.373,0.4165,0.3926902,69.81,0.518,0.0,BTC-26JUN20-5000-C,7830.03,0.0,0.378,0.1,1.0,0.1,500.0,6.1009,-1.99245,12.5511,5e-05,0.9259
8198.51,BTC-25SEP20,1583924340532,open,0.43,1.1,0.3975,0.451,0.42152004,67.04,0.42,0.0,BTC-25SEP20-5000-C,7830.03,53.19,0.405,4.0,0.4315,4.0,74.12,11.04379,-1.8707,21.00478,5e-05,0.89411
8038.86,BTC-26JUN20,1583924340531,open,1.24,1.0,1.2,1.316,1.25195362,87.8,0.9,0.0,BTC-26JUN20-18000-P,7830.03,0.0,0.001,2.0,3.0,0.1,500.0,5.98464,-2.45812,-51.30702,4e-05,-0.92774
7835.32,BTC-27MAR20,1583924340531,open,0.3,22.5,0.2845,0.3185,0.30002632,91.46,0.3695,0.0,BTC-27MAR20-5500-C,7830.03,0.0,0.2,0.1,0.42,0.1,353.75,0.97265,-2.80186,2.29842,4e-05,0.97445
8038.86,BTC-26JUN20,1583924340532,open,0.01,1675.5,0.0005,0.0235,0.00671041,98.74,0.0065,0.0,BTC-26JUN20-24000-C,7830.03,97.08,0.006,33.0,0.0075,32.0,100.46,3.55966,-1.64432,0.72569,2e-05,0.03754
8198.51,BTC-25SEP20,1583924340532,open,0.04,253.7,0.015,0.074,0.03611794,80.21,0.039,0.0,BTC-25SEP20-18000-C,7830.03,79.55,0.035,18.0,0.0375,8.0,81.0,14.07518,-2.85259,5.06203,5e-05,0.15001
7835.32,BTC-27MAR20,1583924340532,open,0.4,300.4,0.377,0.4395,0.40584023,83.06,0.4375,0.0,BTC-27MAR20-11000-P,7830.03,0.0,0.28,0.1,0.5,0.1,252.59,1.13075,-2.95802,-4.68673,5e-05,-0.96938
8038.86,BTC-26JUN20,1583924340532,open,0.0,530.7,0.0005,0.0175,0.00419686,106.77,0.0045,0.0,BTC-26JUN20-30000-C,7830.03,104.29,0.0035,72.0,0.005,32.0,109.31,2.39402,-1.19587,0.44904,1e-05,0.02327
7835.32,BTC-27MAR20,1583924340532,open,0.0,2138.2,0.0005,0.0105,0.00031676,123.94,0.0005,0.0,BTC-27MAR20-16000-C,7830.03,0.0,0.0,0.0,0.0005,37.4,129.84,0.20365,-0.79493,0.01335,1e-05,0.00423
7835.32,BTC-27MAR20,1583924340532,open,0.16,1061.0,0.1325,0.193,0.16065913,65.81,0.1515,0.0,BTC-27MAR20-9000-P,7830.03,62.63,0.159,4.0,0.1635,4.0,70.94,4.18691,-8.67852,-3.36475,0.00024,-0.82666
7835.32,BTC-27MAR20,1583924340532,open,0.0,156.1,0.0005,0.0105,0.00013839,96.8,0.001,0.0,BTC-27MAR20-4500-P,7830.03,0.0,0.0,0.0,0.001,80.0,122.14,0.11299,-0.34448,-0.00797,0.0,-0.0022
7835.32,BTC-27MAR20,1583924340532,open,0.0,847.3,0.0005,0.0105,6.743e-05,123.94,0.0005,0.0,BTC-27MAR20-18000-C,7830.03,0.0,0.0,0.0,0.001,61.6,159.54,0.0553,-0.21586,0.0032,0.0,0.00101
7835.32,BTC-27MAR20,1583924340532,open,0.37,29.5,0.349,0.3775,0.36259241,96.76,0.369,0.0,BTC-27MAR20-5000-C,7830.03,0.0,0.28,0.1,0.52,0.1,474.59,0.43497,-1.32555,2.13824,2e-05,0.99001
8038.86,BTC-26JUN20,1583924340532,open,0.01,846.0,0.0005,0.0155,0.00549517,76.67,0.005,0.0,BTC-26JUN20-4000-P,7830.03,75.26,0.005,32.0,0.006,32.0,78.03,2.90933,-1.0435,-0.82102,2e-05,-0.02938
7835.32,BTC-27MAR20,1583924340532,open,0.65,12.1,0.627,0.697,0.65986067,100.66,0.571,0.0,BTC-27MAR20-13000-P,7830.03,0.0,0.42,0.1,1.0,0.1,500.0,0.4558,-1.44508,-5.62086,2e-05,-0.98946
8038.86,BTC-26JUN20,1583924340532,open,0.01,1162.2,0.0005,0.0255,0.00771262,94.71,0.009,0.0,BTC-26JUN20-22000-C,7830.03,93.24,0.007,57.0,0.0085,32.0,96.23,4.03412,-1.78741,0.84936,2e-05,0.0438
7833.01,SYN.BTC-20MAR20,1583924340530,open,0.0,93.8,0.0005,0.015,0.00351473,80.82,0.004,0.0,BTC-20MAR20-6500-P,7830.03,77.99,0.003,60.0,0.004,40.0,83.3,1.48144,-6.74481,-0.12364,0.00012,-0.06139
7830.65,SYN.BTC-13MAR20,1583924340530,open,0.0,347.2,0.0005,0.0105,0.0,77.21,0.0005,0.0,BTC-13MAR20-11250-C,7830.03,0.0,0.0,0.0,0.0005,20.5,211.06,0.0,0.0,0.0,0.0,0.0
7835.32,BTC-27MAR20,1583924340532,open,0.01,1999.0,0.0045,0.034,0.01495023,65.73,0.015,0.0,BTC-27MAR20-7000-P,7830.03,64.92,0.0145,6.0,0.0155,32.0,66.71,4.38368,-9.07494,-0.68651,0.00025,-0.18649
7835.32,BTC-27MAR20,1583924340532,open,0.0,527.6,0.0005,0.0105,1.6e-07,123.94,0.0005,0.0,BTC-27MAR20-26000-C,7830.03,0.0,0.0,0.0,0.0005,61.0,202.44,0.00025,-0.00097,1e-05,0.0,0.0
7897.99,SYN.BTC-24APR20,1583924340530,open,1.02,0.0,0.987,1.078,1.02899841,97.45,None,0.0,BTC-24APR20-16000-P,7830.03,0.0,0.0005,0.1,2.0,0.1,500.0,1.72758,-1.91854,-19.00316,2e-05,-0.97261
7835.32,BTC-27MAR20,1583924340532,open,0.0,242.0,0.0005,0.0105,4e-08,123.94,0.0005,0.0,BTC-27MAR20-28000-C,7830.03,0.0,0.0,0.0,0.0005,61.0,213.05,7e-05,-0.00026,0.0,0.0,0.0
8038.86,BTC-26JUN20,1583924340532,open,0.01,1564.2,0.0005,0.0295,0.00971376,91.33,0.0105,0.0,BTC-26JUN20-20000-C,7830.03,90.12,0.009,33.0,0.0105,32.0,92.6,4.84621,-2.07055,1.06842,3e-05,0.0551
8198.51,BTC-25SEP20,1583924340532,open,0.06,285.2,0.04,0.1015,0.06563667,66.64,0.062,0.0,BTC-25SEP20-6000-P,7830.03,65.32,0.063,6.4,0.066,6.4,66.83,16.3281,-2.74966,-11.31784,7e-05,-0.189
7830.31,SYN.BTC-12MAR20,1583924340530,open,0.06,0.0,0.039,0.0805,0.05910304,78.48,None,0.0,BTC-12MAR20-7375-C,7830.03,0.0,0.046,2.0,0.072,2.0,187.92,0.44075,-17.29427,0.16599,0.00038,0.94269
7835.32,BTC-27MAR20,1583924340532,open,0.0,943.8,0.0005,0.0105,0.00072519,96.7,0.0015,0.0,BTC-27MAR20-5000-P,7830.03,92.11,0.0005,201.0,0.001,0.1,101.15,0.43366,-1.32077,-0.03638,2e-05,-0.00995
7835.32,BTC-27MAR20,1583924340532,open,0.0,1371.1,0.0005,0.0105,1.639e-05,96.85,0.0005,0.0,BTC-27MAR20-4000-P,7830.03,0.0,0.0,0.0,0.001,43.0,145.42,0.01819,-0.05548,-0.00109,0.0,-0.0003
8038.86,BTC-26JUN20,1583924340532,open,1.73,0.0,1.6855,1.815,1.74440545,94.68,None,0.0,BTC-26JUN20-22000-P,7830.03,0.0,0.001,2.0,3.0,0.1,500.0,4.02974,-1.78496,-63.56993,2e-05,-0.95626
7835.32,BTC-27MAR20,1583924340533,open,0.0,374.5,0.0005,0.0105,3.15e-06,123.94,0.001,0.0,BTC-27MAR20-22000-C,7830.03,0.0,0.0,0.0,0.001,61.0,191.28,0.00372,-0.01452,0.00018,0.0,6e-05
7835.32,BTC-27MAR20,1583924340533,open,0.03,1719.2,0.014,0.0565,0.03169915,61.74,0.035,0.0,BTC-27MAR20-7500-P,7830.03,60.82,0.031,4.0,0.032,50.0,62.13,6.00799,-11.68154,-1.27722,0.00036,-0.34307
8198.51,BTC-25SEP20,1583924340533,open,0.44,293.8,0.3935,0.5135,0.4478653,70.84,0.463,0.0,BTC-25SEP20-11000-P,7830.03,63.47,0.4275,8.0,0.489,8.0,85.22,23.00327,-4.11758,-47.41658,9e-05,-0.61897
8198.51,BTC-25SEP20,1583924340533,open,0.05,494.1,0.0215,0.088,0.04664609,77.77,0.0475,0.0,BTC-25SEP20-16000-C,7830.03,77.19,0.0455,14.0,0.048,6.4,78.45,16.33132,-3.20939,6.33,6e-05,0.18907
8198.51,BTC-25SEP20,1583924340533,open,0.76,103.4,0.712,0.841,0.7697547,74.95,0.7855,0.0,BTC-25SEP20-14000-P,7830.03,0.0,0.08,1.0,2.0,0.2,500.0,18.93118,-3.58519,-67.81786,7e-05,-0.75609
7835.32,BTC-27MAR20,1583924340533,open,0.0,574.2,0.0005,0.0115,0.00197237,91.44,0.002,0.0,BTC-27MAR20-5500-P,7830.03,87.31,0.0015,80.0,0.0025,40.0,95.39,0.9716,-2.79794,-0.09369,4e-05,-0.02552
8198.51,BTC-25SEP20,1583924340533,open,0.09,468.3,0.0525,0.137,0.08806787,72.39,0.0895,0.0,BTC-25SEP20-12000-C,7830.03,71.99,0.087,0.1,0.0895,4.0,72.93,21.78068,-3.98417,10.61965,8e-05,0.327
7897.99,SYN.BTC-24APR20,1583924340530,open,0.0,744.1,0.0005,0.0135,0.00318309,97.53,0.0035,0.0,BTC-24APR20-16000-C,7830.03,94.17,0.0025,52.0,0.004,52.0,100.98,1.73361,-1.92678,0.23095,2e-05,0.02751
7897.99,SYN.BTC-24APR20,1583924340530,open,0.0,1006.5,0.0005,0.0105,0.00061546,130.0,0.0005,0.0,BTC-24APR20-28000-C,7830.03,127.47,0.0005,389.0,0.001,11.0,136.45,0.38915,-0.57651,0.04071,0.0,0.0049
7830.31,SYN.BTC-12MAR20,1583924340530,open,0.0,23.8,0.0005,0.0105,1.616e-05,76.08,0.001,0.0,BTC-12MAR20-8750-C,7830.03,0.0,0.0,0.0,0.0005,40.6,113.42,0.01908,-0.12653,0.00028,2e-05,0.00153
7830.65,SYN.BTC-13MAR20,1583924340530,open,0.0,271.2,0.0005,0.0105,0.0001975,88.86,0.0005,0.0,BTC-13MAR20-6750-P,7830.03,0.0,0.0,0.0,0.001,40.6,113.27,0.13728,-1.54652,-0.00373,5e-05,-0.00906
7835.32,BTC-27MAR20,1583924340533,open,0.0,221.1,0.0005,0.0105,0.0,123.94,0.0005,0.0,BTC-27MAR20-34000-C,7830.03,0.0,0.0,0.0,0.0005,40.0,240.37,0.0,0.0,0.0,0.0,0.0
8198.51,BTC-25SEP20,1583924340533,open,0.34,1.5,0.3015,0.372,0.33379548,66.64,0.3975,0.0,BTC-25SEP20-6000-C,7830.03,54.75,0.311,4.0,0.3425,4.0,70.97,16.32806,-2.74964,21.20974,7e-05,0.811
8198.51,BTC-25SEP20,1583924340533,open,0.02,162.1,0.0065,0.051,0.02027268,86.88,0.022,0.0,BTC-25SEP20-24000-C,7830.03,85.77,0.019,38.0,0.0215,8.0,87.92,9.56212,-2.09928,2.96789,3e-05,0.08705
8038.86,BTC-26JUN20,1583924340533,open,2.97,0.0,2.9035,3.077,2.98461516,110.02,None,0.0,BTC-26JUN20-32000-P,7830.03,0.0,0.0005,0.1,4.0,0.1,500.0,2.24385,-1.15497,-93.28492,1e-05,-0.97845
7830.31,SYN.BTC-12MAR20,1583924340530,open,0.05,1.1,0.033,0.0785,0.05449508,68.68,0.0495,0.0,BTC-12MAR20-8250-P,7830.03,0.0,0.037,2.0,0.07,2.0,185.63,0.47085,-16.16827,-0.18638,0.00047,-0.93764
8038.86,BTC-26JUN20,1583924340533,open,0.03,956.8,0.0095,0.054,0.02493271,78.61,0.027,0.0,BTC-26JUN20-14000-C,7830.03,77.82,0.024,32.0,0.026,57.0,79.5,9.56438,-3.51726,2.64989,6e-05,0.13751
8038.86,BTC-26JUN20,1583924340533,open,0.76,12.5,0.7195,0.8245,0.76646451,78.6,0.56,0.0,BTC-26JUN20-14000-P,7830.03,0.0,0.001,5.0,2.0,0.1,500.0,9.56291,-3.5164,-38.34405,6e-05,-0.86252
7830.65,SYN.BTC-13MAR20,1583924340531,open,0.4,3.0,0.3775,0.434,0.40473961,129.28,0.2135,0.0,BTC-13MAR20-11000-P,7830.03,0.0,0.0,0.0,0.0,0.0,0.0,0.00319,-0.10982,-0.56522,0.0,-0.99985
7833.01,SYN.BTC-20MAR20,1583924340530,open,0.12,7.0,0.092,0.1385,0.11401328,68.71,0.1655,0.0,BTC-20MAR20-7000-C,7830.03,0.0,0.1035,5.0,0.1275,5.0,101.91,2.65237,-10.2665,1.43039,0.00026,0.86498
8038.86,BTC-26JUN20,1583924340533,open,1.0,7.0,0.958,1.068,1.00727004,83.02,0.79,0.0,BTC-26JUN20-16000-P,7830.03,0.0,0.001,4.0,2.0,0.1,500.0,7.38106,-2.86667,-45.00025,5e-05,-0.90449
8038.86,BTC-26JUN20,1583924340534,open,0.0,3122.4,0.0005,0.0175,0.00397105,110.09,0.0045,0.0,BTC-26JUN20-32000-C,7830.03,108.34,0.0035,50.0,0.0045,32.0,111.9,2.25151,-1.15966,0.4159,1e-05,0.02164
7833.01,SYN.BTC-20MAR20,1583924340530,open,0.21,0.0,0.1865,0.2255,0.2045913,87.6,None,0.0,BTC-20MAR20-6250-C,7830.03,0.0,0.1915,5.0,0.2155,5.0,134.46,1.10812,-5.46816,1.43388,8e-05,0.95738
7830.65,SYN.BTC-13MAR20,1583924340530,open,0.05,18.1,0.025,0.0695,0.0465604,64.83,0.042,0.0,BTC-13MAR20-7500-C,7830.03,52.3,0.0445,4.0,0.0485,4.0,74.89,1.42408,-24.61112,0.31499,0.0007,0.82933
7833.01,SYN.BTC-20MAR20,1583924340530,open,0.46,0.0,0.4395,0.4995,0.46826585,87.47,None,0.0,BTC-20MAR20-11500-P,7830.03,0.0,0.0005,0.1,1.0,0.1,500.0,0.112,-0.5519,-2.79095,1e-05,-0.99699
8038.86,BTC-26JUN20,1583924340534,open,0.01,666.8,0.003,0.0355,0.0128413,87.81,0.0135,0.0,BTC-26JUN20-18000-C,7830.03,87.35,0.0125,0.5,0.013,32.0,88.02,5.98752,-2.45972,1.39961,4e-05,0.0723
7830.65,SYN.BTC-13MAR20,1583924340530,open,0.0,211.5,0.0005,0.0175,0.00328392,65.81,0.0035,0.0,BTC-13MAR20-8250-C,7830.03,63.99,0.003,41.0,0.0035,3.6,67.15,1.24683,-21.87212,0.05484,0.0006,0.13957
7835.32,BTC-27MAR20,1583924340534,open,0.0,2383.4,0.0005,0.0105,0.00024466,100.89,0.001,0.0,BTC-27MAR20-14000-C,7830.03,0.0,0.0,0.0,0.0015,61.0,124.25,0.19292,-0.613,0.01275,1e-05,0.00398
8198.51,BTC-25SEP20,1583924340534,open,0.35,341.7,0.298,0.413,0.35004742,69.43,0.346,0.0,BTC-25SEP20-10000-P,7830.03,65.97,0.34,8.0,0.35,4.0,69.42,23.87029,-4.18791,-40.1315,9e-05,-0.55288
7835.32,BTC-27MAR20,1583924340534,open,1.54,5.3,1.5025,1.605,1.55254554,108.73,0.907,0.0,BTC-27MAR20-20000-P,7830.03,0.0,0.001,0.1,2.0,0.1,500.0,0.00203,-0.00694,-8.69892,0.0,-0.99997
7830.31,SYN.BTC-12MAR20,1583924340530,open,0.08,0.0,0.0645,0.1095,0.08567885,74.04,None,0.0,BTC-12MAR20-8500-P,7830.03,0.0,0.0705,2.0,0.1,2.0,220.35,0.12318,-4.56016,-0.20163,0.00011,-0.98761
7833.01,SYN.BTC-20MAR20,1583924340530,open,0.0,226.5,0.0005,0.0105,0.00020391,87.61,0.0005,0.0,BTC-20MAR20-11250-C,7830.03,0.0,0.0,0.0,0.001,40.0,106.11,0.17406,-0.85907,0.00898,1e-05,0.00492
7835.32,BTC-27MAR20,1583924340535,open,0.0,944.3,0.0005,0.0105,1.445e-05,123.94,0.0005,0.0,BTC-27MAR20-20000-C,7830.03,0.0,0.0,0.0,0.001,73.0,176.35,0.01445,-0.05641,0.00075,0.0,0.00024
8198.51,BTC-25SEP20,1583924340535,open,0.01,346.9,0.0005,0.033,0.01019686,97.36,0.01,0.0,BTC-25SEP20-36000-C,7830.03,96.32,0.0095,38.0,0.011,8.0,98.51,5.62458,-1.38376,1.50477,2e-05,0.04405
8198.51,BTC-25SEP20,1583924340536,open,0.03,450.6,0.0155,0.0565,0.0313877,67.04,0.0285,0.0,BTC-25SEP20-5000-P,7830.03,66.0,0.03,8.0,0.0325,8.0,67.86,11.04388,-1.87073,-6.10156,5e-05,-0.10589
7830.31,SYN.BTC-12MAR20,1583924340530,open,0.11,0.0,0.096,0.141,0.11747157,77.41,None,0.0,BTC-12MAR20-8750-P,7830.03,0.0,0.1015,2.0,0.1315,2.0,258.84,0.02219,-0.85878,-0.20959,2e-05,-0.99819
8038.86,BTC-26JUN20,1583924340536,open,0.1,1227.3,0.069,0.144,0.10245056,68.18,0.101,0.0,BTC-26JUN20-9000-C,7830.03,67.51,0.101,4.0,0.104,38.2,68.91,17.22605,-5.4949,8.21849,0.00013,0.4516
7833.01,SYN.BTC-20MAR20,1583924340530,open,0.0,224.2,0.0005,0.012,0.0024944,87.58,0.002,0.0,BTC-20MAR20-6250-P,7830.03,83.87,0.002,60.0,0.003,40.1,90.98,1.10747,-5.46382,-0.08587,8e-05,-0.04259
7835.32,BTC-27MAR20,1583924340536,open,0.0,268.8,0.0005,0.0105,0.0,123.94,0.0005,0.0,BTC-27MAR20-32000-C,7830.03,0.0,0.0,0.0,0.0005,40.3,231.91,0.0,-2e-05,0.0,0.0,0.0
7830.65,SYN.BTC-13MAR20,1583924340530,open,0.05,188.2,0.034,0.0825,0.05683863,65.82,0.052,0.0,BTC-13MAR20-8250-P,7830.03,52.39,0.055,5.0,0.0585,4.0,75.46,1.24719,-21.88348,-0.36909,0.0006,-0.86037
7833.01,SYN.BTC-20MAR20,1583924340531,open,0.3,0.0,0.283,0.3395,0.30946371,81.5,None,0.0,BTC-20MAR20-10250-P,7830.03,0.0,0.2,0.1,0.45,0.1,380.88,0.59303,-2.72284,-2.45598,5e-05,-0.97994
7897.99,SYN.BTC-24APR20,1583924340531,open,0.0,429.7,0.0005,0.017,0.00471556,87.95,0.005,0.0,BTC-24APR20-14000-C,7830.03,85.54,0.004,67.0,0.0055,32.0,90.34,2.46769,-2.47316,0.35653,4e-05,0.04227
7830.31,SYN.BTC-12MAR20,1583924340530,open,0.01,179.8,0.0005,0.02,0.00399105,59.7,0.0035,0.0,BTC-12MAR20-8000-C,7830.03,52.91,0.003,53.0,0.005,32.0,66.21,1.18199,-31.2512,0.04363,0.00135,0.23622
7830.65,SYN.BTC-13MAR20,1583924340531,open,0.21,21.3,0.1895,0.239,0.21318661,79.06,0.2175,0.0,BTC-13MAR20-9500-P,7830.03,0.0,0.195,2.0,0.228,2.0,254.06,0.00737,-0.15539,-0.48805,0.0,-0.99964
7830.65,SYN.BTC-13MAR20,1583924340531,open,0.01,539.8,0.001,0.034,0.01269804,61.04,0.012,0.0,BTC-13MAR20-7750-P,7830.03,56.69,0.0115,32.0,0.0135,1.0,63.93,2.16587,-35.23898,-0.16527,0.00113,-0.39801
7833.01,SYN.BTC-20MAR20,1583924340530,open,0.05,37.4,0.0215,0.068,0.04297141,60.52,0.0385,0.0,BTC-20MAR20-7750-C,7830.03,57.31,0.041,28.0,0.0435,4.0,61.38,4.81093,-16.40123,0.99165,0.00053,0.56359
7833.01,SYN.BTC-20MAR20,1583924340530,open,0.43,0.0,0.4085,0.4675,0.43642949,87.4,None,0.0,BTC-20MAR20-11250-P,7830.03,0.0,0.0005,0.1,1.0,0.1,500.0,0.17107,-0.84222,-2.72685,1e-05,-0.99518
7830.65,SYN.BTC-13MAR20,1583924340530,open,0.14,5.0,0.1205,0.157,0.13819819,88.75,0.256,0.0,BTC-13MAR20-6750-C,7830.03,0.0,0.127,4.0,0.15,4.0,210.43,0.13632,-3.22502,0.34318,5e-05,0.99101
7897.99,SYN.BTC-24APR20,1583924340530,open,0.0,365.4,0.0005,0.0115,0.00162142,111.42,0.002,0.0,BTC-24APR20-20000-C,7830.03,105.32,0.001,53.0,0.0025,52.0,117.69,0.94602,-1.20118,0.11262,1e-05,0.01348
8198.51,BTC-25SEP20,1583924340538,open,0.01,384.6,0.003,0.0375,0.01260682,94.66,0.013,0.0,BTC-25SEP20-32000-C,7830.03,93.9,0.012,1.0,0.0135,8.0,95.74,6.63839,-1.58784,1.84895,2e-05,0.05421
7833.01,SYN.BTC-20MAR20,1583924340530,open,0.0,113.0,0.0005,0.0105,0.00053466,87.17,0.0005,0.0,BTC-20MAR20-10750-C,7830.03,0.0,0.0,0.0,0.001,40.0,94.85,0.3783,-1.85766,0.02162,3e-05,0.01188
7830.65,SYN.BTC-13MAR20,1583924340531,open,0.0,360.6,0.0005,0.015,0.00225646,79.71,0.002,0.0,BTC-13MAR20-7250-P,7830.03,77.33,0.002,0.1,0.0025,40.5,81.86,0.86795,-17.66954,-0.03482,0.00035,-0.08428
7833.01,SYN.BTC-20MAR20,1583924340530,open,0.0,87.3,0.0005,0.0105,0.00090263,81.56,0.0015,0.0,BTC-20MAR20-10250-C,7830.03,75.2,0.0005,77.0,0.0015,40.0,88.18,0.59489,-2.73329,0.03664,5e-05,0.02014
7830.31,SYN.BTC-12MAR20,1583924340530,open,0.0,207.9,0.0005,0.0105,0.00015074,73.82,0.0005,0.0,BTC-12MAR20-8500-C,7830.03,0.0,0.0,0.0,0.0005,2.5,88.26,0.12134,-1.18036,0.00226,0.00011,0.01218
7833.01,SYN.BTC-20MAR20,1583924340530,open,0.15,313.5,0.1285,0.184,0.15416232,68.4,0.1595,0.0,BTC-20MAR20-9000-P,7830.03,0.0,0.137,4.0,0.172,4.0,112.76,2.23468,-8.61089,-1.99669,0.00022,-0.89411
7830.31,SYN.BTC-12MAR20,1583924340530,open,0.0,2.9,0.0005,0.0105,5.37e-05,75.4,0.0005,0.0,BTC-12MAR20-8625-C,7830.03,0.0,0.0,0.0,0.0005,0.6,101.06,0.05227,-0.42052,0.00087,5e-05,0.00468
7830.65,SYN.BTC-13MAR20,1583924340531,open,0.0,628.9,0.0005,0.0105,7.777e-05,74.06,0.0005,0.0,BTC-13MAR20-9000-C,7830.03,0.0,0.0,0.0,0.001,61.0,104.7,0.07725,-0.60899,0.00187,3e-05,0.00473
7833.01,SYN.BTC-20MAR20,1583924340530,open,0.07,172.4,0.0465,0.1005,0.07159057,61.7,0.0715,0.0,BTC-20MAR20-8250-P,7830.03,57.87,0.0695,4.0,0.0725,4.0,63.34,4.31964,-15.01383,-1.44736,0.00047,-0.68828
7833.01,SYN.BTC-20MAR20,1583924340531,open,0.27,0.0,0.252,0.3085,0.27807725,80.86,None,0.0,BTC-20MAR20-10000-P,7830.03,0.0,0.2595,3.0,0.297,3.0,150.52,0.84203,-3.83577,-2.37637,7e-05,-0.96952
7830.65,SYN.BTC-13MAR20,1583924340531,open,0.14,354.4,0.127,0.174,0.14941018,74.33,0.115,0.0,BTC-13MAR20-9000-P,7830.03,0.0,0.1315,3.0,0.1645,3.0,208.51,0.07918,-1.56886,-0.46058,3e-05,-0.99514
7830.65,SYN.BTC-13MAR20,1583924340531,open,0.0,238.9,0.0005,0.0105,0.0,76.68,0.0005,0.0,BTC-13MAR20-10500-C,7830.03,0.0,0.0,0.0,0.0005,23.4,176.16,0.0,0.0,0.0,0.0,0.0
7830.65,SYN.BTC-13MAR20,1583924340531,open,0.0,377.7,0.0005,0.0105,0.00093613,88.63,0.002,0.0,BTC-13MAR20-7000-P,7830.03,79.54,0.0005,60.0,0.0015,41.5,97.24,0.4459,-7.33054,-0.01494,0.00016,-0.0362
7835.32,BTC-27MAR20,1583924340539,open,0.0,882.1,0.0005,0.0105,0.00068481,123.94,0.0005,0.0,BTC-27MAR20-15000-C,7830.03,119.7,0.0005,0.1,0.001,55.5,129.57,0.38094,-1.48696,0.02691,1e-05,0.00858
7833.01,SYN.BTC-20MAR20,1583924340530,open,0.37,0.0,0.346,0.4035,0.37292798,87.07,None,0.0,BTC-20MAR20-10750-P,7830.03,0.0,0.0005,0.1,1.0,0.1,500.0,0.37609,-1.84479,-2.5926,3e-05,-0.9882
7830.65,SYN.BTC-13MAR20,1583924340531,open,0.37,0.0,0.346,0.402,0.37281371,120.97,None,0.0,BTC-13MAR20-10750-P,7830.03,0.0,0.0,0.0,0.0,0.0,0.0,0.00331,-0.10667,-0.55237,0.0,-0.99985
7830.65,SYN.BTC-13MAR20,1583924340531,open,0.43,3.0,0.4085,0.4665,0.43666551,137.38,0.241,0.0,BTC-13MAR20-11250-P,7830.03,0.0,0.0,0.0,0.0,0.0,0.0,0.00308,-0.11294,-0.57807,0.0,-0.99986
7830.65,SYN.BTC-13MAR20,1583924340531,open,0.0,344.0,0.0005,0.0105,0.0,77.07,0.001,0.0,BTC-13MAR20-11000-C,7830.03,0.0,0.0,0.0,0.0005,20.6,199.8,0.0,0.0,0.0,0.0,0.0
7897.99,SYN.BTC-24APR20,1583924340531,open,0.4,0.0,0.3715,0.447,0.40610073,73.1,None,0.0,BTC-24APR20-11000-P,7830.03,0.0,0.0005,0.1,1.0,0.1,500.0,5.44337,-4.5348,-12.22031,0.0001,-0.88107
7830.65,SYN.BTC-13MAR20,1583924340531,open,0.0,412.0,0.0005,0.02,0.00433741,64.84,0.0045,0.0,BTC-13MAR20-7500-P,7830.03,60.08,0.0035,52.7,0.005,32.0,68.41,1.42432,-24.61975,-0.07044,0.0007,-0.17071
7897.99,SYN.BTC-24APR20,1583924340531,open,0.52,0.0,0.493,0.5705,0.52829794,78.41,None,0.0,BTC-24APR20-12000-P,7830.03,0.0,0.001,10.0,1.5,0.1,500.0,4.08358,-3.64864,-13.74697,7e-05,-0.91967
7830.31,SYN.BTC-12MAR20,1583924340530,open,0.1,0.0,0.08,0.125,0.10154546,75.91,None,0.0,BTC-12MAR20-8625-P,7830.03,0.0,0.086,2.0,0.1155,2.0,238.41,0.05469,-2.07571,-0.20601,5e-05,-0.99508
7830.65,SYN.BTC-13MAR20,1583924340531,open,0.11,0.1,0.088,0.128,0.10701093,88.6,0.118,0.0,BTC-13MAR20-7000-C,7830.03,0.0,0.095,4.0,0.119,4.0,179.87,0.44533,-10.51755,0.3448,0.00016,0.96386
7833.01,SYN.BTC-20MAR20,1583924340531,open,0.0,51.4,0.0005,0.0185,0.00503982,74.23,0.0055,0.0,BTC-20MAR20-6750-P,7830.03,72.04,0.0045,60.0,0.0055,40.0,76.02,1.97669,-8.26625,-0.18023,0.00018,-0.08958
7830.31,SYN.BTC-12MAR20,1583924340530,open,0.0,23.7,0.0005,0.0105,0.00037279,71.28,0.0005,0.0,BTC-12MAR20-8375-C,7830.03,0.0,0.0,0.0,0.001,1.6,85.63,0.24753,-2.91904,0.00522,0.00024,0.02815
7830.65,SYN.BTC-13MAR20,1583924340531,open,0.0,633.4,0.0005,0.0105,1.439e-05,74.47,0.0005,0.0,BTC-13MAR20-9250-C,7830.03,0.0,0.0,0.0,0.0005,40.5,108.92,0.0187,-0.11269,0.00039,1e-05,0.00099
7833.01,SYN.BTC-20MAR20,1583924340530,open,0.18,0.0,0.1545,0.196,0.17369551,80.83,None,0.0,BTC-20MAR20-6500-C,7830.03,0.0,0.1625,5.0,0.1865,5.0,125.91,1.48202,-6.74868,1.4569,0.00012,0.93857
7833.01,SYN.BTC-20MAR20,1583924340530,open,0.01,359.1,0.0005,0.024,0.00783448,66.03,0.0075,0.0,BTC-20MAR20-8750-C,7830.03,63.72,0.007,45.0,0.0085,56.0,67.81,2.88555,-10.7333,0.27648,0.00029,0.15299
7830.65,SYN.BTC-13MAR20,1583924340531,open,0.0,581.3,0.0005,0.0105,5e-08,76.07,0.0005,0.0,BTC-13MAR20-10000-C,7830.03,0.0,0.0,0.0,0.0005,71.4,150.84,0.00011,-0.00036,0.0,0.0,0.0
7830.65,SYN.BTC-13MAR20,1583924340531,open,0.08,332.9,0.0645,0.113,0.08689447,73.55,0.0865,0.0,BTC-13MAR20-8500-P,7830.03,0.0,0.082,4.0,0.088,4.0,84.2,0.6956,-13.63855,-0.41198,0.0003,-0.93689
7833.01,SYN.BTC-20MAR20,1583924340530,open,0.03,214.4,0.011,0.0525,0.02870921,61.15,0.03,0.0,BTC-20MAR20-8000-C,7830.03,58.36,0.027,28.0,0.0295,20.0,62.44,4.80013,-16.5356,0.76648,0.00053,0.43111
7835.32,BTC-27MAR20,1583924340540,open,0.43,38.8,0.414,0.438,0.42581889,97.0,0.5475,0.0,BTC-27MAR20-4500-C,7830.03,0.0,0.32,0.1,0.0,0.0,0.0,0.11477,-0.35065,1.94917,0.0,0.99776
7897.99,SYN.BTC-24APR20,1583924340531,open,0.02,591.3,0.009,0.0465,0.02273763,68.82,0.021,0.0,BTC-24APR20-10000-C,7830.03,67.5,0.0215,41.6,0.024,45.6,70.14,7.48411,-5.86932,1.60913,0.00015,0.19223
7833.01,SYN.BTC-20MAR20,1583924340531,open,0.15,0.0,0.1225,0.1665,0.14330447,74.25,None,0.0,BTC-20MAR20-6750-C,7830.03,0.0,0.132,5.0,0.157,5.0,114.51,1.97719,-8.26959,1.4611,0.00018,0.91039
7833.01,SYN.BTC-20MAR20,1583924340530,open,0.0,262.1,0.0005,0.0155,0.00355373,71.21,0.004,0.0,BTC-20MAR20-9250-C,7830.03,68.58,0.003,60.0,0.004,40.0,73.18,1.72327,-6.91301,0.13546,0.00016,0.07467
7830.31,SYN.BTC-12MAR20,1583924340530,open,0.01,47.7,0.0005,0.028,0.00876,58.11,0.008,0.0,BTC-12MAR20-7875-C,7830.03,51.53,0.0075,25.0,0.01,25.0,64.55,1.50394,-43.69482,0.07845,0.00176,0.42634
7830.65,SYN.BTC-13MAR20,1583924340532,open,0.08,0.0,0.056,0.099,0.07640535,79.69,None,0.0,BTC-13MAR20-7250-C,7830.03,0.0,0.062,4.0,0.0895,4.0,154.6,0.86757,-18.43035,0.33777,0.00035,0.91577
7830.31,SYN.BTC-12MAR20,1583924340530,open,0.07,0.0,0.049,0.094,0.06993725,71.38,None,0.0,BTC-12MAR20-8375-P,7830.03,0.0,0.0555,2.0,0.085,2.0,203.99,0.24889,-8.88354,-0.19568,0.00024,-0.97166
7830.65,SYN.BTC-13MAR20,1583924340531,open,0.0,518.3,0.0005,0.0105,0.00036144,73.74,0.0005,0.0,BTC-13MAR20-8750-C,7830.03,0.0,0.0,0.0,0.001,40.5,87.17,0.26095,-2.83032,0.00753,0.00011,0.01906
7830.65,SYN.BTC-13MAR20,1583924340531,open,0.0,199.0,0.0005,0.0105,1e-08,76.41,0.0005,0.0,BTC-13MAR20-10250-C,7830.03,0.0,0.0,0.0,0.0005,33.5,163.73,1e-05,-4e-05,0.0,0.0,0.0
7830.65,SYN.BTC-13MAR20,1583924340531,open,0.11,391.3,0.0955,0.143,0.11776795,73.82,0.117,0.0,BTC-13MAR20-8750-P,7830.03,0.0,0.1,3.0,0.133,3.0,184.24,0.26216,-5.15887,-0.44209,0.00011,-0.98083
7897.99,SYN.BTC-24APR20,1583924340531,open,0.77,0.0,0.739,0.8225,0.77730396,87.9,None,0.0,BTC-24APR20-14000-P,7830.03,0.0,0.0005,0.1,1.5,0.1,500.0,2.46296,-2.46707,-16.47331,4e-05,-0.95783
7830.65,SYN.BTC-13MAR20,1583924340530,open,0.0,385.1,0.0005,0.0105,2.4e-06,75.05,0.0005,0.0,BTC-13MAR20-9500-C,7830.03,0.0,0.0,0.0,0.0005,20.5,123.5,0.0039,-0.01876,7e-05,0.0,0.00018
7830.65,SYN.BTC-13MAR20,1583924340531,open,0.0,715.2,0.0005,0.0105,3.5e-07,75.62,0.0005,0.0,BTC-13MAR20-9750-C,7830.03,0.0,0.0,0.0,0.001,33.5,152.03,0.0007,-0.00278,1e-05,0.0,3e-05
7833.01,SYN.BTC-20MAR20,1583924340530,open,0.03,318.5,0.0135,0.0575,0.03237125,60.51,0.0345,0.0,BTC-20MAR20-7750-P,7830.03,59.09,0.0315,24.0,0.0335,4.0,62.35,4.81093,-16.39977,-0.89291,0.00053,-0.43641
7833.01,SYN.BTC-20MAR20,1583924340530,open,0.01,569.7,0.0025,0.031,0.01223268,64.41,0.014,0.0,BTC-20MAR20-7250-P,7830.03,62.75,0.0115,32.0,0.013,32.0,66.12,3.48087,-12.63035,-0.41574,0.00036,-0.20603
7897.99,SYN.BTC-24APR20,1583924340531,open,0.65,0.5,0.616,0.6955,0.65218642,83.0,0.55,0.0,BTC-24APR20-13000-P,7830.03,0.0,0.0005,0.1,1.5,0.1,500.0,3.09656,-2.92884,-15.15266,5e-05,-0.94384
7833.01,SYN.BTC-20MAR20,1583924340531,open,0.0,302.8,0.0005,0.0125,0.00244901,73.79,0.003,0.0,BTC-20MAR20-9500-C,7830.03,70.96,0.002,60.0,0.003,40.0,76.9,1.31359,-5.46054,0.09571,0.00012,0.0527
7897.99,SYN.BTC-24APR20,1583924340531,open,0.01,298.9,0.0005,0.025,0.00893646,78.43,0.01,0.0,BTC-24APR20-12000-C,7830.03,76.57,0.008,49.0,0.01,52.0,80.43,4.08663,-3.65252,0.67855,7e-05,0.08041
7833.01,SYN.BTC-20MAR20,1583924340531,open,0.09,1.9,0.0635,0.112,0.08666509,64.42,0.137,0.0,BTC-20MAR20-7250-C,7830.03,54.54,0.0825,11.9,0.0925,11.9,76.93,3.48109,-12.63249,1.34719,0.00036,0.79395
7897.99,SYN.BTC-24APR20,1583924340531,open,0.04,263.6,0.021,0.0695,0.04132082,64.61,0.0405,0.0,BTC-24APR20-9000-C,7830.03,63.54,0.04,12.0,0.0425,24.0,65.56,9.77712,-7.19915,2.63443,0.0002,0.31881
7897.99,SYN.BTC-24APR20,1583924340531,open,0.28,14.5,0.2545,0.3295,0.2888722,68.81,0.272,0.0,BTC-24APR20-10000-P,7830.03,56.02,0.278,15.0,0.301,15.0,80.72,7.48293,-5.86742,-10.41198,0.00015,-0.80782
7830.31,SYN.BTC-12MAR20,1583924340531,open,0.0,61.5,0.0005,0.012,0.00095831,78.53,0.0015,0.0,BTC-12MAR20-7375-P,7830.03,68.96,0.0005,68.0,0.0015,40.5,87.04,0.44146,-7.50389,-0.01097,0.00038,-0.05743
7830.31,SYN.BTC-12MAR20,1583924340530,open,0.0,124.8,0.0005,0.0165,0.00217399,75.46,0.0025,0.0,BTC-12MAR20-7500-P,7830.03,73.63,0.002,0.2,0.0025,40.0,78.73,0.75855,-17.02299,-0.02259,0.00068,-0.11808
7833.01,SYN.BTC-20MAR20,1583924340530,open,0.21,0.0,0.1895,0.245,0.21526172,73.77,None,0.0,BTC-20MAR20-9500-P,7830.03,0.0,0.198,3.0,0.235,3.0,134.27,1.31239,-5.45381,-2.2145,0.00012,-0.94736
7897.99,SYN.BTC-24APR20,1583924340531,open,0.01,274.1,0.0005,0.02,0.00621148,83.03,0.0065,0.0,BTC-24APR20-13000-C,7830.03,81.16,0.0055,67.0,0.007,32.0,84.98,3.1005,-2.93383,0.47503,5e-05,0.05625
7833.01,SYN.BTC-20MAR20,1583924340530,open,0.07,7.4,0.0395,0.0885,0.06270995,61.95,0.071,0.0,BTC-20MAR20-7500-C,7830.03,55.12,0.059,15.2,0.067,15.2,69.67,4.3047,-15.0236,1.19626,0.00047,0.69075
7833.01,SYN.BTC-20MAR20,1583924340531,open,0.0,96.5,0.0005,0.0115,0.00194293,78.06,0.002,0.0,BTC-20MAR20-9750-C,7830.03,74.59,0.0015,60.0,0.0025,47.1,81.82,1.07671,-4.73449,0.07465,9e-05,0.04113
7830.65,SYN.BTC-13MAR20,1583924340531,open,0.3,1.0,0.2835,0.337,0.30896192,103.7,0.3,0.0,BTC-13MAR20-10250-P,7830.03,0.0,0.0,0.0,0.0,0.0,0.0,0.00363,-0.10038,-0.52667,0.0,-0.99983
7830.31,SYN.BTC-12MAR20,1583924340531,open,0.0,23.4,0.0005,0.0115,0.00089426,68.62,0.0015,0.0,BTC-12MAR20-8250-C,7830.03,61.02,0.0005,61.8,0.0015,40.1,77.4,0.46995,-7.00236,0.01152,0.00047,0.0622
7833.01,SYN.BTC-20MAR20,1583924340530,open,0.34,0.0,0.3145,0.372,0.34129149,86.29,None,0.0,BTC-20MAR20-10500-P,7830.03,0.0,0.0,0.0,1.0,0.1,500.0,0.52571,-2.5556,-2.52165,4e-05,-0.98258
7830.65,SYN.BTC-13MAR20,1583924340531,open,0.03,466.3,0.01,0.0555,0.03088796,62.45,0.0325,0.0,BTC-13MAR20-8000-P,7830.03,57.01,0.0295,24.0,0.032,4.0,66.73,2.01875,-33.60751,-0.28431,0.00103,-0.67564
7830.65,SYN.BTC-13MAR20,1583924340532,open,0.24,0.0,0.221,0.2715,0.24511046,86.05,None,0.0,BTC-13MAR20-9750-P,7830.03,0.0,0.226,2.0,0.26,2.0,276.17,0.00452,-0.10367,-0.50096,0.0,-0.99979
7833.01,SYN.BTC-20MAR20,1583924340531,open,0.05,204.2,0.027,0.078,0.05002517,61.14,0.055,0.0,BTC-20MAR20-8000-P,7830.03,59.47,0.049,24.0,0.0515,4.0,63.55,4.80011,-16.53403,-1.17889,0.00053,-0.5689
7833.01,SYN.BTC-20MAR20,1583924340531,open,0.02,388.0,0.006,0.0425,0.02019367,61.95,0.0205,0.0,BTC-20MAR20-7500-P,7830.03,59.77,0.019,36.0,0.0215,36.9,64.32,4.30462,-15.02193,-0.62748,0.00047,-0.30923
7897.99,SYN.BTC-24APR20,1583924340531,open,0.15,2.4,0.125,0.182,0.15164983,63.57,0.1685,0.0,BTC-24APR20-7000-C,7830.03,59.35,0.147,15.8,0.1555,15.8,67.0,8.79874,-6.37384,5.63021,0.00018,0.74468
7833.01,SYN.BTC-20MAR20,1583924340531,open,0.0,142.4,0.0005,0.0105,0.00033367,87.46,0.0005,0.0,BTC-20MAR20-11000-C,7830.03,0.0,0.0,0.0,0.001,40.0,100.57,0.25968,-1.27937,0.01408,2e-05,0.00773
7833.01,SYN.BTC-20MAR20,1583924340531,open,0.18,15.7,0.159,0.2145,0.18445031,71.19,0.18,0.0,BTC-20MAR20-9250-P,7830.03,0.0,0.1685,4.0,0.2035,4.0,123.92,1.72231,-6.90743,-2.11396,0.00016,-0.92538
7830.31,SYN.BTC-12MAR20,1583924340530,open,0.0,65.2,0.0005,0.0105,0.00033129,79.25,0.0005,0.0,BTC-12MAR20-7250-P,7830.03,0.0,0.0,0.0,0.001,40.5,96.77,0.20583,-2.59413,-0.00431,0.00018,-0.02259
7830.65,SYN.BTC-13MAR20,1583924340531,open,0.27,10.0,0.252,0.3045,0.27703606,94.78,0.136,0.0,BTC-13MAR20-10000-P,7830.03,0.0,0.2565,2.0,0.292,2.0,297.23,0.00389,-0.09825,-0.51382,0.0,-0.99982
7830.65,SYN.BTC-13MAR20,1583924340531,open,0.0,110.9,0.0005,0.0105,0.0,76.89,0.001,0.0,BTC-13MAR20-10750-C,7830.03,0.0,0.0,0.0,0.0005,20.6,188.17,0.0,0.0,0.0,0.0,0.0
7833.01,SYN.BTC-20MAR20,1583924340530,open,0.4,0.0,0.377,0.4355,0.40464313,87.32,None,0.0,BTC-20MAR20-11000-P,7830.03,0.0,0.0005,0.1,1.0,0.1,500.0,0.2571,-1.2646,-2.66094,2e-05,-0.99236
7830.65,SYN.BTC-13MAR20,1583924340531,open,0.33,0.4,0.315,0.37,0.34088781,112.45,0.155,0.0,BTC-13MAR20-10500-P,7830.03,0.0,0.0,0.0,0.0,0.0,0.0,0.00345,-0.10349,-0.53952,0.0,-0.99984
7830.31,SYN.BTC-12MAR20,1583924340530,open,0.0,102.3,0.0005,0.015,0.00190346,64.32,0.0025,0.0,BTC-12MAR20-8125-C,7830.03,60.09,0.0015,60.0,0.0025,40.0,69.95,0.78356,-14.90469,0.02287,0.00083,0.12365
7833.01,SYN.BTC-20MAR20,1583924340531,open,0.02,230.0,0.005,0.0395,0.01835848,61.71,0.0185,0.0,BTC-20MAR20-8250-C,7830.03,60.14,0.0175,32.0,0.019,20.0,62.87,4.31976,-15.01581,0.55882,0.00047,0.31174
7897.99,SYN.BTC-24APR20,1583924340531,open,0.01,415.7,0.004,0.0305,0.0135565,70.02,0.0135,0.0,BTC-24APR20-6000-P,7830.03,69.13,0.013,4.0,0.014,32.0,70.72,4.97976,-3.97377,-1.12572,9e-05,-0.10502
7833.01,SYN.BTC-20MAR20,1583924340531,open,0.24,0.0,0.221,0.277,0.24667176,78.03,None,0.0,BTC-20MAR20-9750-P,7830.03,0.0,0.229,3.0,0.266,3.0,142.75,1.07537,-4.7268,-2.29637,9e-05,-0.95893
7833.01,SYN.BTC-20MAR20,1583924340531,open,0.01,415.6,0.0005,0.0235,0.00766475,68.7,0.0085,0.0,BTC-20MAR20-7000-P,7830.03,66.71,0.007,60.0,0.0085,40.0,71.12,2.652,-10.26375,-0.27174,0.00026,-0.135
7830.31,SYN.BTC-12MAR20,1583924340530,open,0.08,0.0,0.0555,0.0945,0.07443967,79.14,None,0.0,BTC-12MAR20-7250-C,7830.03,0.0,0.0625,2.0,0.0875,2.0,212.7,0.2047,-8.10005,0.16966,0.00018,0.97756
7833.01,SYN.BTC-20MAR20,1583924340531,open,0.0,399.7,0.0005,0.019,0.00518186,68.41,0.006,0.0,BTC-20MAR20-9000-C,7830.03,65.95,0.0045,60.0,0.006,60.0,71.19,2.23542,-8.61539,0.19192,0.00022,0.10594
7830.65,SYN.BTC-13MAR20,1583924340530,open,0.18,56.4,0.1585,0.2065,0.1812727,75.54,0.1965,0.0,BTC-13MAR20-9250-P,7830.03,0.0,0.163,2.0,0.196,2.0,230.74,0.02144,-0.43174,-0.47489,1e-05,-0.99885
7830.31,SYN.BTC-12MAR20,1583924340530,open,0.03,0.0,0.0085,0.0515,0.02968792,64.38,None,0.0,BTC-12MAR20-7625-C,7830.03,59.13,0.029,1.0,0.031,9.0,73.66,1.05858,-34.07482,0.14559,0.00112,0.80466
7833.01,SYN.BTC-20MAR20,1583924340531,open,0.01,410.7,0.002,0.0305,0.01186293,63.53,0.011,0.0,BTC-20MAR20-8500-C,7830.03,61.64,0.011,43.0,0.0125,24.0,64.91,3.60796,-12.91295,0.39469,0.00038,0.21908
7830.31,SYN.BTC-12MAR20,1583924340530,open,0.05,0.0,0.023,0.0665,0.04435506,75.42,None,0.0,BTC-12MAR20-7500-C,7830.03,0.0,0.0295,2.0,0.0565,2.0,161.82,0.75813,-28.59062,0.15736,0.00068,0.88201
7833.01,SYN.BTC-20MAR20,1583924340531,open,0.0,148.5,0.0005,0.011,0.00143229,80.9,0.001,0.0,BTC-20MAR20-10000-C,7830.03,76.43,0.001,60.0,0.002,40.0,85.65,0.84357,-3.84462,0.05545,7e-05,0.03054
7833.01,SYN.BTC-20MAR20,1583924340531,open,0.12,1059.0,0.099,0.155,0.12489882,66.02,0.1,0.0,BTC-20MAR20-8750-P,7830.03,0.0,0.1045,4.0,0.142,4.0,103.54,2.88504,-10.72977,-1.85133,0.00029,-0.84705
7897.99,SYN.BTC-24APR20,1583924340555,open,0.08,284.5,0.0545,0.1125,0.08075178,62.66,0.08,0.0,BTC-24APR20-8000-C,7830.03,60.67,0.078,12.1,0.0815,21.0,63.2,10.91086,-7.7911,4.16793,0.00023,0.51976
7897.99,SYN.BTC-24APR20,1583924340557,open,0.08,284.5,0.0545,0.1125,0.08075178,62.66,0.08,0.0,BTC-24APR20-8000-C,7830.03,60.67,0.078,12.1,0.0815,21.5,63.2,10.91086,-7.7911,4.16793,0.00023,0.51976
7897.99,SYN.BTC-24APR20,1583924340559,open,0.08,284.5,0.0545,0.1125,0.08075178,62.66,0.08,0.0,BTC-24APR20-8000-C,7830.03,60.67,0.078,12.1,0.0815,22.5,63.2,10.91086,-7.7911,4.16793,0.00023,0.51976
7897.99,SYN.BTC-24APR20,1583924340562,open,0.08,284.5,0.0545,0.1125,0.08075178,62.66,0.08,0.0,BTC-24APR20-8000-C,7830.03,60.67,0.078,12.1,0.0815,23.5,63.2,10.91086,-7.7911,4.16793,0.00023,0.51976
7897.99,SYN.BTC-24APR20,1583924340563,open,0.08,284.5,0.0545,0.1125,0.08075178,62.66,0.08,0.0,BTC-24APR20-8000-C,7830.03,60.67,0.078,12.1,0.0815,24.0,63.2,10.91086,-7.7911,4.16793,0.00023,0.51976
196.92,SYN.ETH-20MAR20,1583924342319,open,0.0,318.0,0.0005,0.0115,0.001572,91.27,0.002,0.0,ETH-20MAR20-260-C,196.78,85.09,0.001,363.0,0.0025,31.0,98.81,0.02087,-0.10731,0.00136,0.00243,0.02996
7834.85,BTC-27MAR20,1583924342545,open,0.04,816.0,0.021,0.0675,0.04157943,61.22,0.041,0.0,BTC-27MAR20-8000-C,7829.97,59.31,0.04,28.0,0.043,60.6,62.93,6.48647,-12.50589,1.42707,0.0004,0.46035
8038.82,BTC-26JUN20,1583924342545,open,0.08,621.8,0.049,0.1145,0.0771926,65.75,0.0765,0.0,BTC-26JUN20-7000-P,7829.97,64.55,0.075,29.6,0.0785,48.6,66.46,14.77844,-4.54562,-8.53528,0.00012,-0.28542
8038.82,BTC-26JUN20,1583924342545,open,0.02,529.4,0.0055,0.042,0.01694581,83.03,0.0185,0.0,BTC-26JUN20-16000-C,7829.97,81.98,0.016,32.0,0.018,57.0,84.16,7.38271,-2.86762,1.84988,5e-05,0.09554
8198.45,BTC-25SEP20,1583924342545,open,0.21,142.6,0.163,0.252,0.20380631,66.65,0.2085,0.0,BTC-25SEP20-8000-C,7829.97,66.0,0.202,4.8,0.209,24.7,68.49,23.0546,-3.88242,18.32531,9e-05,0.61611
8038.82,BTC-26JUN20,1583924342545,open,0.08,945.7,0.0435,0.113,0.07315679,69.91,0.073,0.0,BTC-26JUN20-10000-C,7829.97,69.08,0.0715,4.0,0.0745,21.0,70.58,16.09595,-5.26429,6.49371,0.00012,0.34903
7834.85,BTC-27MAR20,1583924342545,open,4.08,1.4,4.0055,4.2095,4.10524462,0.0,4.0,0.0,BTC-27MAR20-40000-P,7829.97,0.0,0.001,0.1,4.5,0.1,500.0,0.0,0.0,-17.39802,0.0,-1.0
8198.45,BTC-25SEP20,1583924342546,open,3.38,0.0,3.308,3.5105,3.4012394,97.32,None,0.0,BTC-25SEP20-36000-P,7829.97,0.0,0.001,0.1,4.5,0.1,500.0,5.61359,-1.38041,-193.66364,2e-05,-0.95605
8198.45,BTC-25SEP20,1583924342546,open,2.41,0.0,2.3535,2.524,2.43068282,90.83,None,0.0,BTC-25SEP20-28000-P,7829.97,0.0,0.001,0.1,3.5,0.1,500.0,7.79117,-1.78808,-149.52364,2e-05,-0.93349
7834.79,BTC-27MAR20,1583924342547,open,0.12,563.8,0.098,0.1475,0.12154042,65.78,0.1265,0.0,BTC-27MAR20-7000-C,7829.97,44.95,0.1115,7.1,0.124,4.0,70.08,4.3875,-9.08963,2.35708,0.00025,0.81322
8198.45,BTC-25SEP20,1583924342547,open,2.89,0.0,2.8305,3.017,2.91575768,94.63,None,0.0,BTC-25SEP20-32000-P,7829.97,0.0,0.001,0.1,4.0,0.1,500.0,6.63001,-1.5853,-171.63379,2e-05,-0.94588
7834.79,BTC-27MAR20,1583924342549,open,0.01,953.4,0.0005,0.021,0.00706885,72.21,0.0075,0.0,BTC-27MAR20-6500-P,7829.97,70.56,0.0065,84.0,0.0075,40.0,73.43,2.74398,-6.24054,-0.34501,0.00014,-0.09417
8038.76,BTC-26JUN20,1583924342550,open,0.04,845.1,0.0185,0.0745,0.04025421,74.03,0.0415,0.0,BTC-26JUN20-12000-C,7829.97,73.23,0.039,25.6,0.0415,49.3,74.82,12.60331,-4.36499,4.04051,9e-05,0.21191
8198.45,BTC-25SEP20,1583924342553,open,1.46,3.0,1.405,1.549,1.46928305,83.09,1.46,0.0,BTC-25SEP20-20000-P,7829.97,0.0,0.22,1.0,1.5655,0.5,127.74,12.40451,-2.60427,-104.20758,4e-05,-0.87531
7830.6,SYN.BTC-13MAR20,1583924342544,open,0.0,272.4,0.0005,0.012,0.00141482,73.54,0.001,0.0,BTC-13MAR20-8500-C,7829.97,68.43,0.001,41.0,0.002,60.1,79.55,0.69516,-11.07885,0.02481,0.0003,0.06306
7830.6,SYN.BTC-13MAR20,1583924342545,open,0.03,229.8,0.005,0.0455,0.02299652,61.05,0.025,0.0,BTC-13MAR20-7750-C,7829.97,57.44,0.022,1.0,0.024,4.0,64.67,2.16596,-35.24647,0.23296,0.00113,0.60191
7830.6,SYN.BTC-13MAR20,1583924342545,open,0.01,281.2,0.0005,0.0285,0.00925961,62.45,0.0105,0.0,BTC-13MAR20-8000-C,7829.97,59.49,0.0085,33.0,0.01,20.0,65.31,2.01861,-33.60544,0.12678,0.00103,0.32431
7830.3,SYN.BTC-12MAR20,1583924342544,open,0.02,33.5,0.0055,0.049,0.02566166,59.69,0.021,0.0,BTC-12MAR20-8000-P,7829.97,47.94,0.024,9.0,0.027,9.0,68.26,1.18181,-35.27202,-0.14832,0.00135,-0.76384
7830.3,SYN.BTC-12MAR20,1583924342545,open,0.04,28.0,0.018,0.0635,0.03953915,64.31,0.035,0.0,BTC-12MAR20-8125-P,7829.97,43.46,0.038,8.0,0.041,8.0,77.3,0.78342,-25.19203,-0.17207,0.00083,-0.87638
7830.3,SYN.BTC-12MAR20,1583924342544,open,0.02,1.2,0.001,0.0385,0.01733548,59.09,0.018,0.0,BTC-12MAR20-7750-C,7829.97,51.71,0.016,25.0,0.0185,1.0,65.44,1.42855,-42.2084,0.11783,0.00164,0.64453
205.05,SYN.ETH-25SEP20,1583924342716,open,2.69,0.0,2.6055,2.87,2.729526,102.54,None,0.0,ETH-25SEP20-760-P,196.78,0.0,0.0,0.0,0.0,0.0,0.0,0.23966,-0.0621,-4.04881,0.00103,-0.91271
201.04,ETH-26JUN20,1583924342718,open,2.55,1.0,2.4795,2.7135,2.589765,114.96,1.99,0.0,ETH-26JUN20-720-P,196.78,0.0,0.0,0.0,3.19,1.0,449.25,0.09556,-0.05139,-2.08906,0.0007,-0.95905
205.05,SYN.ETH-25SEP20,1583924342718,open,2.31,0.0,2.23,2.4755,2.344918,100.69,None,0.0,ETH-25SEP20-680-P,196.78,0.0,0.0,0.0,0.0,0.0,0.0,0.27704,-0.07049,-3.6001,0.00121,-0.89367
197.03,ETH-27MAR20,1583924342855,open,0.5,1117.0,0.477,0.508,0.492514,106.65,0.567,0.0,ETH-27MAR20-100-C,196.78,0.0,0.4185,100.0,0.0,0.0,0.0,0.00111,-0.00373,0.04342,6e-05,0.99921
205.05,SYN.ETH-25SEP20,1583924342857,open,0.35,218.0,0.2915,0.4355,0.362413,85.85,0.33,0.0,ETH-25SEP20-240-P,196.78,81.62,0.35,270.0,0.372,250.0,89.13,0.60096,-0.13037,-0.92896,0.00307,-0.47326
201.04,ETH-26JUN20,1583924342867,open,0.23,573.0,0.185,0.3035,0.24298,85.83,0.23,0.0,ETH-26JUN20-220-P,196.78,82.13,0.235,502.0,0.25,479.0,89.08,0.43368,-0.17413,-0.42841,0.00427,-0.48478
201.04,ETH-26JUN20,1583924342867,open,0.36,471.0,0.314,0.3885,0.351784,86.29,0.543,0.0,ETH-26JUN20-140-C,196.78,84.91,0.35,1.0,0.379,31.0,106.23,0.261,-0.10536,0.28939,0.00256,0.84339
197.03,ETH-27MAR20,1583924342876,open,0.0,2324.0,0.0005,0.0105,2e-06,110.61,0.0005,0.0,ETH-27MAR20-80-P,196.78,0.0,0.0,0.0,0.0005,253.0,174.8,5e-05,-0.00018,0.0,0.0,-3e-05
205.05,SYN.ETH-25SEP20,1583924342884,open,1.93,0.0,1.856,2.084,1.962877,98.82,None,0.0,ETH-25SEP20-600-P,196.78,0.0,0.0,0.0,0.0,0.0,0.0,0.32463,-0.08106,-3.14565,0.00144,-0.86689
201.04,ETH-26JUN20,1583924342920,open,1.38,0.0,1.326,1.504,1.409464,103.61,None,0.0,ETH-26JUN20-480-P,196.78,0.0,0.01,50.0,0.0,0.0,0.0,0.19329,-0.09369,-1.3585,0.00158,-0.89829
205.05,SYN.ETH-25SEP20,1583924342923,open,0.47,0.0,0.4295,0.501,0.465528,85.12,0.359,0.0,ETH-25SEP20-120-C,196.78,0.0,0.4145,1.0,0.0,0.0,0.0,0.30443,-0.06548,0.45922,0.00157,0.87864
201.04,ETH-26JUN20,1583924342926,open,0.13,1537.0,0.0755,0.17,0.121938,87.34,0.1275,0.0,ETH-26JUN20-240-C,196.78,85.03,0.117,632.0,0.1275,273.0,89.94,0.42986,-0.17565,0.19014,0.00416,0.44494
197.03,ETH-27MAR20,1583924342976,open,0.81,7.0,0.7745,0.8855,0.827755,115.04,1.702,0.0,ETH-27MAR20-360-P,196.78,0.0,0.01,30.0,0.8315,1.0,150.28,0.00937,-0.03396,-0.15592,0.00048,-0.99163
196.81,SYN.ETH-13MAR20,1583924343023,open,0.66,0.0,0.628,0.728,0.676503,0.0,None,0.0,ETH-13MAR20-330-P,196.78,0.0,0.0,0.0,0.0,0.0,0.0,0.0,0.0,-0.01696,0.0,-1.0
196.81,SYN.ETH-13MAR20,1583924343023,open,0.0,141.0,0.0005,0.0105,0.0,96.45,0.0035,0.0,ETH-13MAR20-330-C,196.78,0.0,0.0,0.0,0.0005,3.0,286.24,0.0,0.0,0.0,0.0,0.0
196.79,SYN.ETH-12MAR20,1583924343023,open,0.0,191.0,0.0005,0.0105,5.9e-05,101.71,0.0005,0.0,ETH-12MAR20-225-C,196.78,0.0,0.0,0.0,0.001,1.0,148.53,0.00111,-0.01153,2e-05,0.00117,0.00386
196.92,SYN.ETH-20MAR20,1583924343025,open,0.66,0.0,0.627,0.7285,0.675667,0.0,None,0.0,ETH-20MAR20-330-P,196.78,0.0,0.0,0.0,0.0,0.0,0.0,0.0,0.0,-0.08025,0.0,-1.0
196.79,SYN.ETH-12MAR20,1583924343025,open,0.13,0.0,0.11,0.18,0.143216,0.0,None,0.0,ETH-12MAR20-225-P,196.78,0.0,0.126,15.0,0.163,15.0,329.75,0.0,0.0,-0.0054,0.0,-1.0
196.92,SYN.ETH-20MAR20,1583924343025,open,0.0,67.0,0.0005,0.0105,6.5e-05,107.89,0.0005,0.0,ETH-20MAR20-330-C,196.78,0.0,0.0,0.0,0.001,6.0,142.9,0.00142,-0.00866,6e-05,0.00014,0.00142
198.26,SYN.ETH-24APR20,1583924343093,open,0.06,358.0,0.0235,0.0855,0.051859,86.34,0.055,0.0,ETH-24APR20-240-C,196.78,84.41,0.0495,324.0,0.055,192.0,88.88,0.24338,-0.23946,0.06214,0.00597,0.31258
198.26,SYN.ETH-24APR20,1583924343093,open,0.03,71.0,0.0075,0.0505,0.024697,89.73,0.03,0.0,ETH-24APR20-280-C,196.78,88.35,0.0235,488.0,0.026,1.0,91.2,0.17398,-0.1779,0.03464,0.0041,0.17004
198.26,SYN.ETH-24APR20,1583924343094,open,1.0,0.0,0.96,1.093,1.022395,103.76,None,0.0,ETH-24APR20-400-P,196.78,0.0,0.0,0.0,0.0,0.0,0.0,0.05715,-0.06757,-0.47287,0.00117,-0.96173
198.26,SYN.ETH-24APR20,1583924343093,open,0.01,821.0,0.0005,0.0235,0.007979,99.86,0.008,0.0,ETH-24APR20-360-C,196.78,96.1,0.0065,240.0,0.0095,541.0,103.34,0.08253,-0.09393,0.01254,0.00175,0.06061
198.26,SYN.ETH-24APR20,1583924343093,open,0.42,10.0,0.3835,0.495,0.436792,89.54,0.45,0.0,ETH-24APR20-280-P,196.78,0.0,0.41,150.0,1.406,1.0,500.0,0.17354,-0.17708,-0.30206,0.0041,-0.83063
198.26,SYN.ETH-24APR20,1583924343093,open,0.8,0.0,0.765,0.8895,0.82353,99.35,None,0.0,ETH-24APR20-360-P,196.78,0.0,0.0,0.0,0.0,0.0,0.0,0.08129,-0.09204,-0.42043,0.00173,-0.94055
196.92,SYN.ETH-20MAR20,1583924343093,open,0.3,0.0,0.2675,0.3135,0.290232,108.88,None,0.0,ETH-20MAR20-140-C,196.78,0.0,0.0,0.0,0.0,0.0,0.0,0.01367,-0.08384,0.03312,0.00133,0.98188
196.81,SYN.ETH-13MAR20,1583924343093,open,0.0,1619.0,0.0005,0.0105,2.4e-05,123.9,0.0005,0.0,ETH-13MAR20-150-P,196.78,0.0,0.0,0.0,0.0015,376.0,202.34,0.00046,-0.00474,-1e-05,0.00019,-0.00096
196.81,SYN.ETH-13MAR20,1583924343093,open,0.0,461.0,0.0005,0.0105,0.0,96.38,0.0045,0.0,ETH-13MAR20-320-C,196.78,0.0,0.0,0.0,0.0005,1.0,271.55,0.0,0.0,0.0,0.0,0.0
198.26,SYN.ETH-24APR20,1583924343093,open,0.0,1032.0,0.0005,0.013,0.003392,108.51,0.0035,0.0,ETH-24APR20-440-C,196.78,103.93,0.0025,240.0,0.0045,300.0,113.22,0.04252,-0.05258,0.00557,0.00083,0.02675
196.92,SYN.ETH-20MAR20,1583924343093,open,0.0,15.0,0.0005,0.0105,3.5e-05,108.01,0.0015,0.0,ETH-20MAR20-340-C,196.78,0.0,0.0,0.0,0.0005,6.0,137.96,0.00084,-0.00508,4e-05,8e-05,0.00079
198.26,SYN.ETH-24APR20,1583924343093,open,1.2,0.0,1.155,1.2975,1.222399,107.28,None,0.0,ETH-24APR20-440-P,196.78,0.0,0.0,0.0,0.0,0.0,0.0,0.04038,-0.04937,-0.52366,0.0008,-0.97485
198.26,SYN.ETH-24APR20,1583924343093,open,0.03,656.0,0.0155,0.065,0.03681,86.0,0.027,0.0,ETH-24APR20-160-P,196.78,84.61,0.0355,192.0,0.038,288.0,87.25,0.18812,-0.18435,-0.05468,0.00463,-0.19263
196.92,SYN.ETH-20MAR20,1583924343093,open,0.71,0.0,0.6765,0.781,0.726412,0.0,None,0.0,ETH-20MAR20-340-P,196.78,0.0,0.0,0.0,0.0,0.0,0.0,0.0,0.0,-0.08268,0.0,-1.0
196.81,SYN.ETH-13MAR20,1583924343093,open,0.61,0.0,0.5785,0.676,0.625699,0.0,None,0.0,ETH-13MAR20-320-P,196.78,0.0,0.0,0.0,0.0,0.0,0.0,0.0,0.0,-0.01644,0.0,-1.0
198.26,SYN.ETH-24APR20,1583924343093,open,0.01,530.0,0.0005,0.0175,0.005116,104.57,0.005,0.0,ETH-24APR20-400-C,196.78,100.52,0.004,241.0,0.0065,540.0,108.9,0.05882,-0.07009,0.00823,0.00119,0.03965
198.26,SYN.ETH-24APR20,1583924343093,open,0.61,0.0,0.5715,0.6885,0.626819,93.85,None,0.0,ETH-24APR20-320-P,196.78,0.0,0.0,0.0,0.0,0.0,0.0,0.11649,-0.12458,-0.36499,0.00263,-0.90466
196.81,SYN.ETH-13MAR20,1583924343094,open,0.25,0.0,0.2145,0.2605,0.237977,145.99,0.323,0.0,ETH-13MAR20-150-C,196.78,0.0,0.0,0.0,0.0,0.0,0.0,0.00169,-0.06584,0.00767,0.00058,0.99595
198.26,SYN.ETH-24APR20,1583924343093,open,0.01,419.0,0.003,0.0325,0.012996,94.17,0.013,0.0,ETH-24APR20-320-C,196.78,92.45,0.012,540.0,0.0145,3.0,96.64,0.11733,-0.12591,0.01985,0.00264,0.09628
198.26,SYN.ETH-24APR20,1583924343093,open,0.11,385.0,0.0795,0.1665,0.12172,84.73,0.122,0.0,ETH-24APR20-200-P,196.78,82.39,0.1185,144.0,0.126,362.0,87.85,0.27236,-0.26298,-0.13705,0.0068,-0.45335
198.26,SYN.ETH-24APR20,1583924343095,open,0.24,1.0,0.1935,0.265,0.229898,86.1,0.3545,0.0,ETH-24APR20-160-C,196.78,37.79,0.1955,1.0,0.0,0.0,0.0,0.18822,-0.18467,0.13758,0.00463,0.80719
198.26,SYN.ETH-24APR20,1583924343093,open,0.12,121.0,0.074,0.152,0.113081,84.82,0.1255,0.0,ETH-24APR20-200-C,196.78,81.85,0.109,402.0,0.116,258.0,86.94,0.27235,-0.26324,0.10335,0.0068,0.54672
201.04,ETH-26JUN20,1583924343193,open,0.24,2756.0,0.182,0.276,0.230086,85.27,0.2365,0.0,ETH-26JUN20-180-C,196.78,81.35,0.2225,286.0,0.2355,253.0,88.07,0.38856,-0.15501,0.26539,0.00385,0.68093
205.05,SYN.ETH-25SEP20,1583924343191,open,3.07,0.0,2.9825,3.267,3.116123,104.72,None,0.0,ETH-25SEP20-840-P,196.78,0.0,0.0,0.0,0.0,0.0,0.0,0.21253,-0.05624,-4.49283,0.00089,-0.92555
197.03,ETH-27MAR20,1583924343205,open,0.41,1462.0,0.381,0.476,0.425835,100.15,0.444,0.0,ETH-27MAR20-280-P,196.78,0.0,0.1,4.0,0.445,1.0,149.35,0.0472,-0.14887,-0.11728,0.00279,-0.94273
201.04,ETH-26JUN20,1583924343208,open,0.15,1009.0,0.1005,0.197,0.14867,85.83,0.163,0.0,ETH-26JUN20-220-C,196.78,83.2,0.143,624.0,0.155,587.0,88.76,0.43368,-0.17413,0.21577,0.00427,0.51522
197.03,ETH-27MAR20,1583924343208,open,0.35,112.0,0.3205,0.366,0.342763,109.97,0.5185,0.0,ETH-27MAR20-130-C,196.78,0.0,0.3265,26.0,0.357,26.0,169.7,0.02557,-0.08857,0.05401,0.00138,0.97305
205.05,SYN.ETH-25SEP20,1583924343208,open,0.5,658.0,0.4365,0.5965,0.514982,87.72,0.545,0.0,ETH-25SEP20-280-P,196.78,76.57,0.483,250.0,1.355,1.0,500.0,0.5947,-0.13182,-1.19868,0.00297,-0.56333
201.04,ETH-26JUN20,1583924343210,open,0.01,4195.0,0.002,0.0335,0.011937,113.19,0.014,0.0,ETH-26JUN20-640-C,196.78,111.63,0.011,310.0,0.013,364.0,114.87,0.12371,-0.06551,0.02626,0.00092,0.05655
201.04,ETH-26JUN20,1583924343210,open,0.04,5805.0,0.0115,0.0695,0.03485,99.11,0.041,0.0,ETH-26JUN20-400-C,196.78,97.66,0.033,310.0,0.037,300.0,100.76,0.25938,-0.12027,0.07081,0.00221,0.15514
205.05,SYN.ETH-25SEP20,1583924343208,open,0.03,229.0,0.0085,0.0645,0.0293,101.17,0.029,0.0,ETH-25SEP20-680-C,196.78,98.68,0.026,500.0,0.033,500.0,103.79,0.28028,-0.07165,0.08755,0.00122,0.10806
205.05,SYN.ETH-25SEP20,1583924343210,open,0.22,453.0,0.163,0.276,0.220165,85.16,0.223,0.0,ETH-25SEP20-220-C,196.78,83.02,0.214,524.0,0.227,267.0,87.53,0.59023,-0.127,0.39973,0.00304,0.57975
201.04,ETH-26JUN20,1583924343212,open,0.31,688.0,0.253,0.3805,0.31573,87.34,0.162,0.0,ETH-26JUN20-240-P,196.78,84.19,0.309,320.0,0.333,339.0,95.4,0.42986,-0.17565,-0.5126,0.00416,-0.55506
201.04,ETH-26JUN20,1583924343212,open,0.01,3389.0,0.003,0.036,0.013402,110.72,0.012,0.0,ETH-26JUN20-600-C,196.78,108.57,0.012,392.0,0.015,364.0,113.01,0.13558,-0.07023,0.02953,0.00103,0.06357
205.05,SYN.ETH-25SEP20,1583924343212,open,0.04,407.0,0.0125,0.076,0.037332,99.18,0.036,0.0,ETH-25SEP20-600-C,196.78,97.04,0.034,500.0,0.041,500.0,101.43,0.32704,-0.08196,0.10806,0.00145,0.13454
205.05,SYN.ETH-25SEP20,1583924343212,open,0.35,115.0,0.294,0.391,0.343849,84.57,0.354,0.0,ETH-25SEP20-160-C,196.78,80.25,0.334,376.0,0.35,376.0,87.26,0.4682,-0.10005,0.46379,0.00243,0.76107
205.05,SYN.ETH-25SEP20,1583924343212,open,0.22,515.0,0.169,0.2915,0.22902,84.46,0.215,0.0,ETH-25SEP20-200-P,196.78,82.65,0.224,250.0,0.2345,219.0,86.45,0.56632,-0.12086,-0.65786,0.00294,-0.36278
205.05,SYN.ETH-25SEP20,1583924343212,open,0.05,341.0,0.0255,0.082,0.050637,85.05,0.051,0.0,ETH-25SEP20-120-P,196.78,81.88,0.046,545.0,0.055,545.0,87.96,0.30425,-0.06538,-0.19109,0.00157,-0.12126
205.05,SYN.ETH-25SEP20,1583924343215,open,1.74,0.0,1.6695,1.889,1.772837,97.61,None,0.0,ETH-25SEP20-560-P,196.78,0.0,0.0,0.0,0.0,0.0,0.0,0.35121,-0.08662,-2.91619,0.00158,-0.85051
197.03,ETH-27MAR20,1583924343218,open,0.0,4525.0,0.0005,0.0105,2e-06,113.84,0.0005,0.0,ETH-27MAR20-520-C,196.78,0.0,0.0,0.0,0.001,369.0,181.61,6e-05,-0.00022,0.0,0.0,4e-05
201.04,ETH-26JUN20,1583924343220,open,1.0,0.0,0.9475,1.1105,1.024504,99.11,None,0.0,ETH-26JUN20-400-P,196.78,0.0,0.01,50.0,0.0,0.0,0.0,0.25938,-0.12027,-1.10043,0.00221,-0.84486
201.04,ETH-26JUN20,1583924343229,open,0.46,421.0,0.409,0.5495,0.477484,90.62,0.5245,0.0,ETH-26JUN20-280-P,196.78,76.66,0.451,320.0,1.385,1.0,500.0,0.3956,-0.16772,-0.67345,0.00369,-0.66655
201.04,ETH-26JUN20,1583924343246,open,0.02,981.0,0.01,0.048,0.025583,87.99,0.023,0.0,ETH-26JUN20-120-P,196.78,85.06,0.023,500.0,0.028,300.0,90.62,0.18116,-0.07457,-0.06987,0.00174,-0.09311
196.92,SYN.ETH-20MAR20,1583924343251,open,0.0,10.0,0.0005,0.014,0.003145,107.06,0.0025,0.0,ETH-20MAR20-150-P,196.78,98.06,0.002,662.0,0.0045,300.0,115.62,0.02822,-0.17018,-0.00222,0.00279,-0.0433
196.92,SYN.ETH-20MAR20,1583924343251,open,0.25,0.0,0.2155,0.2685,0.241508,107.72,None,0.0,ETH-20MAR20-150-C,196.78,0.0,0.0,0.0,0.0,0.0,0.0,0.02867,-0.17399,0.03421,0.00282,0.95583
197.03,ETH-27MAR20,1583924343257,open,0.0,2730.0,0.0005,0.0165,0.004719,105.16,0.005,0.0,ETH-27MAR20-140-P,196.78,98.8,0.0035,300.0,0.006,300.0,110.96,0.0408,-0.13514,-0.00449,0.0023,-0.04768
205.05,SYN.ETH-25SEP20,1583924343257,open,0.66,270.0,0.596,0.767,0.679016,89.31,0.668,0.0,ETH-25SEP20-320-P,196.78,74.28,0.639,250.0,1.549,1.0,500.0,0.56691,-0.12793,-1.46192,0.00278,-0.6361
201.04,ETH-26JUN20,1583924343271,open,0.09,1565.0,0.0445,0.13,0.084726,90.62,0.08,0.0,ETH-26JUN20-280-C,196.78,88.72,0.081,320.0,0.089,647.0,92.78,0.3956,-0.16772,0.14642,0.00369,0.33345
205.05,SYN.ETH-25SEP20,1583924343273,open,1.37,0.0,1.301,1.5055,1.397767,95.55,None,0.0,ETH-25SEP20-480-P,196.78,0.0,0.0,0.0,0.0,0.0,0.0,0.41715,-0.10072,-2.44789,0.00192,-0.80431
205.05,SYN.ETH-25SEP20,1583924343275,open,0.17,1104.0,0.12,0.229,0.173088,84.49,0.173,0.0,ETH-25SEP20-180-P,196.78,82.12,0.167,240.0,0.177,256.0,86.02,0.526,-0.1123,-0.52741,0.00273,-0.30136
197.03,ETH-27MAR20,1583924343277,open,0.55,67.0,0.529,0.557,0.543207,0.0,0.673,0.0,ETH-27MAR20-90-C,196.78,0.0,0.0005,100.0,0.0,0.0,0.0,0.0,0.0,0.03915,0.0,1.0
201.04,ETH-26JUN20,1583924343304,open,0.05,1784.0,0.0175,0.083,0.045097,96.26,0.045,0.0,ETH-26JUN20-360-C,196.78,94.85,0.043,320.0,0.0475,296.0,97.86,0.30036,-0.13527,0.08851,0.00264,0.19545
201.04,ETH-26JUN20,1583924343307,open,0.63,144.0,0.5805,0.729,0.651751,93.09,0.631,0.0,ETH-26JUN20-320-P,196.78,0.0,0.015,2.0,0.0,0.0,0.0,0.34655,-0.15093,-0.82448,0.00315,-0.74884
197.03,ETH-27MAR20,1583924343310,open,0.22,2107.0,0.1895,0.2795,0.232963,88.61,0.198,0.0,ETH-27MAR20-240-P,196.78,78.28,0.228,270.0,0.2695,16.0,145.12,0.1019,-0.28436,-0.09155,0.00681,-0.83527
197.03,ETH-27MAR20,1583924343310,open,0.0,1809.0,0.0005,0.0105,7.6e-05,110.51,0.001,0.0,ETH-27MAR20-100-P,196.78,0.0,0.0,0.0,0.001,200.0,146.58,0.00153,-0.00532,-0.0001,8e-05,-0.00112
197.03,ETH-27MAR20,1583924343326,open,0.0,1277.0,0.0005,0.0105,1.4e-05,110.55,0.001,0.0,ETH-27MAR20-90-P,196.78,0.0,0.0,0.0,0.0005,200.0,153.35,0.00034,-0.00119,-2e-05,2e-05,-0.00022
205.05,SYN.ETH-25SEP20,1583924343333,open,2.12,0.0,2.042,2.278,2.152894,99.35,None,0.0,ETH-25SEP20-640-P,196.78,0.0,0.0,0.0,0.0,0.0,0.0,0.2966,-0.07446,-3.37482,0.00131,-0.88303
197.03,ETH-27MAR20,1583924343339,open,0.4,188.0,0.3725,0.412,0.391919,109.89,0.48,0.0,ETH-27MAR20-120-C,196.78,0.0,0.0005,100.0,0.0,0.0,0.0,0.01223,-0.04234,0.05114,0.00066,0.98864
201.04,ETH-26JUN20,1583924343341,open,0.17,941.0,0.127,0.2345,0.179413,85.27,0.176,0.0,ETH-26JUN20-200-P,196.78,81.26,0.171,566.0,0.187,566.0,88.89,0.42148,-0.16814,-0.34368,0.00418,-0.40441
201.04,ETH-26JUN20,1583924343341,open,0.82,1.0,0.762,0.9175,0.835785,96.26,1.827,0.0,ETH-26JUN20-360-P,196.78,0.0,0.015,2.0,0.0,0.0,0.0,0.30036,-0.13527,-0.96561,0.00264,-0.80455
205.05,SYN.ETH-25SEP20,1583924343341,open,0.3,179.0,0.2415,0.3465,0.295424,84.56,0.314,0.0,ETH-25SEP20-180-C,196.78,82.84,0.291,120.0,0.3,259.0,86.35,0.52598,-0.11239,0.44826,0.00273,0.69867
205.05,SYN.ETH-25SEP20,1583924343350,open,0.04,733.0,0.015,0.083,0.042328,97.92,0.045,0.0,ETH-25SEP20-560-C,196.78,95.95,0.039,500.0,0.046,500.0,100.01,0.35325,-0.0874,0.12057,0.00158,0.15079
205.05,SYN.ETH-25SEP20,1583924343350,open,0.06,1030.0,0.0235,0.103,0.057331,95.78,0.064,0.0,ETH-25SEP20-480-C,196.78,94.13,0.054,210.0,0.061,297.0,97.55,0.41845,-0.10127,0.15493,0.00192,0.1967
201.04,ETH-26JUN20,1583924343355,open,0.0,1909.0,0.0005,0.012,0.002378,109.49,0.0015,0.0,ETH-26JUN20-60-P,196.78,102.32,0.0015,18.0,0.0035,300.0,116.53,0.02828,-0.01449,-0.00712,0.00022,-0.00972
205.05,SYN.ETH-25SEP20,1583924343355,open,1.19,0.0,1.119,1.315,1.212212,93.96,None,0.0,ETH-25SEP20-440-P,196.78,0.0,0.0,0.0,0.0,0.0,0.0,0.45201,-0.10732,-2.20981,0.00211,-0.77569
205.05,SYN.ETH-25SEP20,1583924343355,open,0.01,500.0,0.004,0.028,0.013508,89.29,0.014,0.0,ETH-25SEP20-80-P,196.78,86.8,0.012,300.0,0.015,250.0,91.62,0.12791,-0.02886,-0.05856,0.00063,-0.03917
201.04,ETH-26JUN20,1583924343357,open,0.12,1802.0,0.081,0.1735,0.12543,85.27,0.105,0.0,ETH-26JUN20-180-P,196.78,81.43,0.118,592.0,0.1285,259.0,86.86,0.38856,-0.15501,-0.26166,0.00385,-0.31907
201.04,ETH-26JUN20,1583924343357,open,0.06,1675.0,0.0265,0.1015,0.060028,93.09,0.057,0.0,ETH-26JUN20-320-C,196.78,91.32,0.057,170.0,0.063,290.0,94.81,0.34655,-0.15093,0.11251,0.00315,0.25116
197.03,ETH-27MAR20,1583924343357,open,0.0,6332.0,0.0005,0.0105,0.000529,112.98,0.001,0.0,ETH-27MAR20-360-C,196.78,0.0,0.0,0.0,0.002,350.0,133.35,0.00835,-0.02969,0.00058,0.00044,0.00734
197.03,ETH-27MAR20,1583924343357,open,0.0,7919.0,0.0005,0.0105,0.0,113.98,0.001,0.0,ETH-27MAR20-640-C,196.78,0.0,0.0,0.0,0.001,369.0,213.65,0.0,0.0,0.0,0.0,0.0
201.04,ETH-26JUN20,1583924343360,open,0.01,614.0,0.0005,0.0265,0.008388,114.96,0.01,0.0,ETH-26JUN20-720-C,196.78,111.87,0.007,310.0,0.01,300.0,118.17,0.09556,-0.05139,0.01917,0.0007,0.04095
197.03,ETH-27MAR20,1583924343362,open,0.0,4608.0,0.0005,0.0105,0.00013,113.33,0.0005,0.0,ETH-27MAR20-400-C,196.78,0.0,0.0,0.0,0.0015,300.0,146.51,0.00261,-0.00931,0.00016,0.00014,0.002
201.04,ETH-26JUN20,1583924343366,open,0.71,42.0,0.693,0.716,0.70393,109.49,0.7865,0.0,ETH-26JUN20-60-C,196.78,0.0,0.01,50.0,0.0,0.0,0.0,0.02828,-0.01449,0.16857,0.00022,0.99028
205.05,SYN.ETH-25SEP20,1583924343364,open,2.5,0.0,2.4175,2.6725,2.537023,101.66,None,0.0,ETH-25SEP20-720-P,196.78,0.0,0.0,0.0,0.0,0.0,0.0,0.2575,-0.06615,-3.82494,0.00111,-0.90382
205.05,SYN.ETH-25SEP20,1583924343366,open,0.07,504.0,0.0295,0.115,0.066812,94.15,0.07,0.0,ETH-25SEP20-440-C,196.78,92.41,0.063,210.0,0.071,294.0,96.03,0.45301,-0.10777,0.17605,0.00211,0.22519
205.05,SYN.ETH-25SEP20,1583924343366,open,0.12,600.0,0.068,0.174,0.118725,89.42,0.125,0.0,ETH-25SEP20-320-C,196.78,87.7,0.114,547.0,0.124,283.0,91.32,0.56715,-0.12815,0.27306,0.00278,0.36437
197.03,ETH-27MAR20,1583924343368,open,0.0,385.0,0.0005,0.0105,0.0,110.7,0.0005,0.0,ETH-27MAR20-70-P,196.78,0.0,0.0,0.0,0.0005,591.0,199.14,0.0,-1e-05,0.0,0.0,0.0
205.05,SYN.ETH-25SEP20,1583924343368,open,0.15,1253.0,0.095,0.2065,0.149727,87.81,0.1655,0.0,ETH-25SEP20-280-C,196.78,85.83,0.144,539.0,0.156,277.0,89.97,0.59478,-0.13197,0.31934,0.00297,0.437
201.04,ETH-26JUN20,1583924343378,open,0.02,826.0,0.006,0.05,0.021879,103.61,0.022,0.0,ETH-26JUN20-480-C,196.78,101.61,0.02,312.0,0.024,300.0,105.77,0.19329,-0.09369,0.04699,0.00158,0.10171
205.05,SYN.ETH-25SEP20,1583924343390,open,0.12,155.0,0.0795,0.1725,0.123994,84.5,0.115,0.0,ETH-25SEP20-160-P,196.78,81.43,0.117,277.0,0.127,271.0,85.82,0.46818,-0.09997,-0.40341,0.00243,-0.23891
196.81,SYN.ETH-13MAR20,1583924343434,open,0.0,2341.0,0.0005,0.021,0.003832,102.59,0.0025,0.0,ETH-13MAR20-180-P,196.78,95.9,0.003,300.0,0.0045,5.0,107.52,0.02575,-0.70408,-0.00111,0.01261,-0.10552
196.81,SYN.ETH-13MAR20,1583924343434,open,0.1,1.0,0.058,0.12,0.089377,103.61,0.095,0.0,ETH-13MAR20-180-C,196.78,82.14,0.087,60.0,0.093,60.0,127.41,0.02612,-0.72135,0.00812,0.01266,0.89236
205.05,SYN.ETH-25SEP20,1583924343434,open,0.1,869.0,0.0515,0.1515,0.097752,91.63,0.11,0.0,ETH-25SEP20-360-C,196.78,90.18,0.094,210.0,0.102,287.0,93.26,0.53236,-0.12326,0.23553,0.00255,0.30963
196.81,SYN.ETH-13MAR20,1583924343434,open,0.2,1.0,0.1625,0.2125,0.187415,129.91,0.274,0.0,ETH-13MAR20-160-C,196.78,0.0,0.0,0.0,0.0,0.0,0.0,0.00428,-0.14823,0.0081,0.00166,0.9884
196.81,SYN.ETH-13MAR20,1583924343434,open,0.15,1.0,0.11,0.167,0.138022,125.26,0.2795,0.0,ETH-13MAR20-170-C,196.78,0.0,0.0,0.0,0.0,0.0,0.0,0.01382,-0.46153,0.00824,0.00554,0.95311
205.05,SYN.ETH-25SEP20,1583924343436,open,0.05,392.0,0.018,0.091,0.048107,96.39,0.051,0.0,ETH-25SEP20-520-C,196.78,94.7,0.045,499.0,0.0515,5.0,98.19,0.38128,-0.09287,0.1349,0.00174,0.16946
196.81,SYN.ETH-13MAR20,1583924343436,open,0.0,614.0,0.0005,0.0105,0.0,94.55,0.0015,0.0,ETH-13MAR20-260-C,196.78,0.0,0.0,0.0,0.0005,5.0,168.5,1e-05,-7e-05,0.0,1e-05,2e-05
205.05,SYN.ETH-25SEP20,1583924343436,open,0.02,185.0,0.0045,0.0465,0.018353,105.97,0.023,0.0,ETH-25SEP20-880-C,196.78,103.49,0.016,200.0,0.021,200.0,108.55,0.2024,-0.0542,0.05726,0.00084,0.06986
205.05,SYN.ETH-25SEP20,1583924343436,open,0.03,397.0,0.011,0.0485,0.026466,85.05,0.033,0.0,ETH-25SEP20-100-P,196.78,83.59,0.025,550.0,0.0275,1.0,86.06,0.20753,-0.0446,-0.10965,0.00107,-0.07217
196.81,SYN.ETH-13MAR20,1583924343436,open,0.16,458.0,0.1345,0.206,0.168684,76.85,0.17,0.0,ETH-13MAR20-230-P,196.78,0.0,0.125,5.0,0.19,3.0,253.97,0.00111,-0.0228,-0.01179,0.00073,-0.99745
196.81,SYN.ETH-13MAR20,1583924343439,open,0.0,1422.0,0.0005,0.0105,3e-06,93.54,0.0005,0.0,ETH-13MAR20-250-C,196.78,0.0,0.0,0.0,0.0005,4.0,148.05,0.00011,-0.00066,0.0,6e-05,0.0002
196.81,SYN.ETH-13MAR20,1583924343439,open,0.0,648.0,0.0005,0.0105,0.0,95.75,0.0005,0.0,ETH-13MAR20-280-C,196.78,0.0,0.0,0.0,0.0005,179.0,206.17,0.0,0.0,0.0,0.0,0.0
196.81,SYN.ETH-13MAR20,1583924343439,open,0.21,93.0,0.184,0.258,0.219303,0.0,0.212,0.0,ETH-13MAR20-240-P,196.78,0.0,0.007,18.0,0.0,0.0,0.0,0.0,0.0,-0.01233,0.0,-1.0
196.81,SYN.ETH-13MAR20,1583924343439,open,0.46,0.0,0.4305,0.5195,0.47329,0.0,None,0.0,ETH-13MAR20-290-P,196.78,0.0,0.0,0.0,0.0,0.0,0.0,0.0,0.0,-0.0149,0.0,-1.0
196.81,SYN.ETH-13MAR20,1583924343439,open,0.0,765.0,0.0005,0.0105,0.000264,123.74,0.0015,0.0,ETH-13MAR20-160-P,196.78,0.0,0.0,0.0,0.0015,5.0,160.88,0.00332,-0.05205,-9e-05,0.00135,-0.00869
196.81,SYN.ETH-13MAR20,1583924343441,open,0.0,315.0,0.0005,0.0105,0.0,96.3,0.0005,0.0,ETH-13MAR20-310-C,196.78,0.0,0.0,0.0,0.0005,2.0,256.25,0.0,0.0,0.0,0.0,0.0
196.81,SYN.ETH-13MAR20,1583924343441,open,0.41,0.0,0.381,0.4675,0.422487,0.0,None,0.0,ETH-13MAR20-280-P,196.78,0.0,0.0,0.0,0.0,0.0,0.0,0.0,0.0,-0.01439,0.0,-1.0
196.81,SYN.ETH-13MAR20,1583924343441,open,0.31,0.0,0.2825,0.363,0.320881,0.0,None,0.0,ETH-13MAR20-260-P,196.78,0.0,0.0,0.0,0.0,0.0,0.0,0.0,0.0,-0.01336,0.0,-1.0
196.81,SYN.ETH-13MAR20,1583924343441,open,0.0,762.0,0.0005,0.014,0.001675,123.42,0.0025,0.0,ETH-13MAR20-170-P,196.78,111.96,0.001,63.0,0.0025,5.0,134.34,0.01328,-0.32964,-0.00047,0.00541,-0.04462
196.81,SYN.ETH-13MAR20,1583924343441,open,0.0,234.0,0.0005,0.0105,0.0,96.19,0.0005,0.0,ETH-13MAR20-300-C,196.78,0.0,0.0,0.0,0.001,369.0,262.2,0.0,0.0,0.0,0.0,0.0
196.81,SYN.ETH-13MAR20,1583924343441,open,0.36,0.0,0.332,0.4155,0.371684,0.0,None,0.0,ETH-13MAR20-270-P,196.78,0.0,0.0,0.0,0.0,0.0,0.0,0.0,0.0,-0.01388,0.0,-1.0
196.81,SYN.ETH-13MAR20,1583924343444,open,0.56,0.0,0.529,0.6235,0.574896,0.0,None,0.0,ETH-13MAR20-310-P,196.78,0.0,0.0,0.0,0.0,0.0,0.0,0.0,0.0,-0.01593,0.0,-1.0
196.81,SYN.ETH-13MAR20,1583924343444,open,0.0,394.0,0.0005,0.0125,0.00126,91.31,0.001,0.0,ETH-13MAR20-220-C,196.78,77.7,0.0005,365.0,0.0025,99.0,105.59,0.01398,-0.24793,0.00047,0.00769,0.04756
196.81,SYN.ETH-13MAR20,1583924343444,open,0.0,655.0,0.0005,0.0105,0.000212,91.77,0.0005,0.0,ETH-13MAR20-230-C,196.78,0.0,0.0,0.0,0.0015,301.0,123.38,0.00368,-0.04177,0.0001,0.00201,0.00974
196.81,SYN.ETH-13MAR20,1583924343444,open,0.26,19.0,0.2335,0.3105,0.270081,0.0,0.0895,0.0,ETH-13MAR20-250-P,196.78,0.0,0.0005,20.0,0.0,0.0,0.0,0.0,0.0,-0.01285,0.0,-1.0
196.81,SYN.ETH-13MAR20,1583924343444,open,0.0,759.0,0.0005,0.0105,2.9e-05,92.47,0.0005,0.0,ETH-13MAR20-240-C,196.78,0.0,0.0,0.0,0.0015,368.0,149.82,0.0007,-0.00564,2e-05,0.00038,0.00154
196.81,SYN.ETH-13MAR20,1583924343444,open,0.0,258.0,0.0005,0.0105,0.0,96.02,0.0005,0.0,ETH-13MAR20-290-C,196.78,0.0,0.0,0.0,0.001,369.0,244.41,0.0,0.0,0.0,0.0,0.0
196.81,SYN.ETH-13MAR20,1583924343446,open,0.51,0.0,0.48,0.5715,0.524093,0.0,None,0.0,ETH-13MAR20-300-P,196.78,0.0,0.0,0.0,0.0,0.0,0.0,0.0,0.0,-0.01542,0.0,-1.0
196.81,SYN.ETH-13MAR20,1583924343446,open,0.0,868.0,0.0005,0.0105,0.0,95.28,0.0015,0.0,ETH-13MAR20-270-C,196.78,0.0,0.0,0.0,0.0005,5.0,187.83,0.0,-1e-05,0.0,0.0,0.0
196.81,SYN.ETH-13MAR20,1583924343446,open,0.02,138.0,0.001,0.0465,0.018635,89.99,0.022,0.0,ETH-13MAR20-200-C,196.78,82.32,0.0165,180.0,0.0205,271.0,96.65,0.05497,-1.31872,0.004,0.03069,0.41409
196.81,SYN.ETH-13MAR20,1583924343446,open,0.11,580.0,0.0855,0.156,0.118928,88.92,0.1,0.0,ETH-13MAR20-220-P,196.78,0.0,0.0965,16.0,0.1375,16.0,203.22,0.01292,-0.30617,-0.01088,0.0073,-0.95689
196.92,SYN.ETH-20MAR20,1583924343490,open,0.12,271.0,0.0725,0.142,0.108071,92.03,0.1125,0.0,ETH-20MAR20-180-C,196.78,84.58,0.1045,60.0,0.111,246.0,97.97,0.09604,-0.49789,0.03109,0.01107,0.75734
196.92,SYN.ETH-20MAR20,1583924343493,open,0.09,187.0,0.056,0.135,0.094544,85.78,0.075,0.0,ETH-20MAR20-210-P,196.78,81.3,0.092,180.0,0.099,315.0,93.51,0.11245,-0.5434,-0.03616,0.0139,-0.66052
196.92,SYN.ETH-20MAR20,1583924343489,open,0.01,17.0,0.0015,0.033,0.012004,96.09,0.0065,0.0,ETH-20MAR20-170-P,196.78,91.77,0.0105,595.0,0.0135,647.0,100.21,0.07015,-0.37973,-0.00754,0.00774,-0.1455
198.26,SYN.ETH-24APR20,1583924343580,open,0.33,4.0,0.2945,0.4035,0.347073,88.1,0.149,0.0,ETH-24APR20-260-P,196.78,61.29,0.323,150.0,1.306,1.0,500.0,0.20936,-0.2102,-0.26593,0.00503,-0.76875
205.05,SYN.ETH-25SEP20,1583924343580,open,2.88,0.0,2.794,3.068,2.922555,103.53,None,0.0,ETH-25SEP20-800-P,196.78,0.0,0.0,0.0,0.0,0.0,0.0,0.22452,-0.05873,-4.27145,0.00095,-0.91997
201.04,ETH-26JUN20,1583924343586,open,0.61,0.0,0.5915,0.625,0.607475,97.91,None,0.0,ETH-26JUN20-80-C,196.78,0.0,0.602,1.0,0.0,0.0,0.0,0.05824,-0.02668,0.21781,0.0005,0.97747
205.05,SYN.ETH-25SEP20,1583924343589,open,0.08,660.0,0.038,0.13,0.07928,92.53,0.087,0.0,ETH-25SEP20-400-C,196.78,90.73,0.075,501.0,0.084,501.0,94.49,0.49073,-0.11474,0.20206,0.00233,0.26105
196.79,SYN.ETH-12MAR20,1583924343652,open,0.01,65.0,0.0005,0.0305,0.006686,100.06,0.0055,0.0,ETH-12MAR20-190-P,196.78,88.31,0.005,120.0,0.0085,329.0,111.95,0.02922,-1.31576,-0.00111,0.03142,-0.22925
196.79,SYN.ETH-12MAR20,1583924343652,open,0.01,8.0,0.0005,0.0425,0.013732,92.15,0.014,0.0,ETH-12MAR20-195-P,196.78,83.03,0.012,90.0,0.016,286.0,104.02,0.03749,-1.72727,-0.002,0.04379,-0.41082
196.79,SYN.ETH-12MAR20,1583924343652,open,0.05,1.0,0.009,0.0725,0.041353,101.03,0.0515,0.0,ETH-12MAR20-190-C,196.78,80.67,0.0385,30.0,0.0445,191.0,121.26,0.02936,-1.48315,0.00343,0.03128,0.76873
205.05,SYN.ETH-25SEP20,1583924343700,open,0.54,4.0,0.512,0.567,0.538876,85.14,0.625,0.0,ETH-25SEP20-100-C,196.78,35.94,0.5125,1.0,0.0,0.0,0.0,0.2078,-0.04471,0.43223,0.00107,0.9277
197.03,ETH-27MAR20,1583924343702,open,1.01,5.0,0.9715,1.093,1.030381,119.46,1.0,0.0,ETH-27MAR20-400-P,196.78,0.0,0.55,1.0,1.118,1.0,349.86,0.00408,-0.01536,-0.17372,0.0002,-0.99671
201.04,ETH-26JUN20,1583924343708,open,1.19,0.0,1.136,1.306,1.215719,101.25,None,0.0,ETH-26JUN20-440-P,196.78,0.0,0.01,50.0,0.0,0.0,0.0,0.22256,-0.10542,-1.23138,0.00186,-0.8761
197.03,ETH-27MAR20,1583924343713,open,0.03,6245.0,0.012,0.065,0.034867,87.77,0.035,0.0,ETH-27MAR20-180-P,196.78,85.1,0.033,240.0,0.037,434.0,90.8,0.13812,-0.38181,-0.02691,0.00932,-0.27915
205.05,SYN.ETH-25SEP20,1583924343743,open,3.26,0.0,3.171,3.465,3.309152,105.11,None,0.0,ETH-25SEP20-880-P,196.78,0.0,0.05,1.0,0.0,0.0,0.0,0.19694,-0.0523,-4.71522,0.00082,-0.93258
201.04,ETH-26JUN20,1583924343782,open,0.08,1269.0,0.046,0.1215,0.081034,85.31,0.076,0.0,ETH-26JUN20-160-P,196.78,82.26,0.076,300.0,0.0835,277.0,86.79,0.33359,-0.13313,-0.1855,0.0033,-0.23409
205.05,SYN.ETH-25SEP20,1583924343788,open,0.2,436.0,0.135,0.2485,0.192195,85.93,0.2,0.0,ETH-25SEP20-240-C,196.78,84.16,0.187,259.0,0.198,271.0,87.91,0.60093,-0.13048,0.37212,0.00307,0.52695
205.05,SYN.ETH-25SEP20,1583924343799,open,1.55,0.0,1.484,1.695,1.583579,96.13,None,0.0,ETH-25SEP20-520-P,196.78,0.0,0.0,0.0,0.0,0.0,0.0,0.37959,-0.0922,-2.68489,0.00173,-0.8317
197.03,ETH-27MAR20,1583924343908,open,0.91,0.0,0.873,0.9895,0.928902,113.12,None,0.0,ETH-27MAR20-380-P,196.79,0.0,0.0,0.0,0.0,0.0,0.0,0.00469,-0.01671,-0.16497,0.00025,-0.99616
197.03,ETH-27MAR20,1583924343908,open,0.01,6012.0,0.0005,0.0245,0.007884,93.76,0.008,0.0,ETH-27MAR20-260-C,196.79,92.64,0.0075,281.0,0.0085,301.0,95.5,0.06855,-0.20243,0.00732,0.00433,0.09334
197.03,ETH-27MAR20,1583924343908,open,0.0,1641.0,0.0005,0.0105,0.000994,110.38,0.002,0.0,ETH-27MAR20-120-P,196.79,100.73,0.0005,107.0,0.003,300.0,131.72,0.01249,-0.04342,-0.00108,0.00067,-0.01163
197.03,ETH-27MAR20,1583924343908,open,0.71,0.0,0.676,0.783,0.726695,112.88,None,0.0,ETH-27MAR20-340-P,196.79,0.0,0.0,0.0,0.8865,1.0,399.56,0.01458,-0.05185,-0.14678,0.00077,-0.98609
201.04,ETH-26JUN20,1583924343908,open,1.96,0.0,1.9015,2.1075,1.997883,110.72,None,0.0,ETH-26JUN20-600-P,196.79,0.0,0.01,50.0,0.0,0.0,0.0,0.13558,-0.07023,-1.72733,0.00103,-0.93643
197.03,ETH-27MAR20,1583924343908,open,0.0,238.0,0.0005,0.011,0.00107,112.88,0.002,0.0,ETH-27MAR20-340-C,196.79,103.07,0.0005,168.0,0.002,350.0,122.91,0.01458,-0.05185,0.0011,0.00077,0.01391
201.04,ETH-26JUN20,1583924343908,open,0.05,1061.0,0.023,0.0795,0.048163,86.29,0.047,0.0,ETH-26JUN20-140-P,196.79,83.83,0.045,300.0,0.051,291.0,88.46,0.261,-0.10536,-0.12055,0.00256,-0.15661
197.03,ETH-27MAR20,1583924343908,open,0.0,11662.0,0.0005,0.0175,0.00466,99.85,0.0045,0.0,ETH-27MAR20-280-C,196.79,96.95,0.004,202.0,0.0055,601.0,103.23,0.04679,-0.14715,0.00446,0.00278,0.05666
197.03,ETH-27MAR20,1583924343908,open,1.81,0.0,1.7595,1.93,1.842351,161.1,None,0.0,ETH-27MAR20-560-P,196.79,0.0,0.02,50.0,0.0,0.0,0.0,0.00217,-0.01101,-0.24344,8e-05,-0.99836
197.03,ETH-27MAR20,1583924343909,open,0.51,0.0,0.479,0.5765,0.524964,101.93,None,0.0,ETH-27MAR20-300-P,196.79,0.0,0.0,0.0,0.597,1.0,249.21,0.02845,-0.09133,-0.12806,0.00165,-0.96936
197.03,ETH-27MAR20,1583924343908,open,1.61,0.0,1.5625,1.721,1.639328,150.23,None,0.0,ETH-27MAR20-520-P,196.79,0.0,0.006,50.0,0.0,0.0,0.0,0.00217,-0.01027,-0.22605,9e-05,-0.99836
197.03,ETH-27MAR20,1583924343909,open,2.21,0.0,2.154,2.3485,2.248401,180.91,None,0.0,ETH-27MAR20-640-P,196.79,0.0,0.01,50.0,0.0,0.0,0.0,0.00222,-0.01263,-0.27824,7e-05,-0.99833
197.03,ETH-27MAR20,1583924343909,open,0.0,1073.0,0.0005,0.012,0.002353,101.93,0.0015,0.0,ETH-27MAR20-300-C,196.79,95.17,0.0015,65.0,0.0035,300.0,108.92,0.02845,-0.09133,0.00242,0.00165,0.03064
201.04,ETH-26JUN20,1583924343909,open,0.01,2429.0,0.0005,0.015,0.005405,97.91,0.004,0.0,ETH-26JUN20-80-P,196.79,92.64,0.004,367.0,0.007,500.0,103.02,0.05824,-0.02668,-0.01644,0.0005,-0.02253
197.03,ETH-27MAR20,1583924343909,open,0.0,960.0,0.0005,0.0125,0.002594,110.23,0.0005,0.0,ETH-27MAR20-130-P,196.79,100.47,0.0015,365.0,0.004,300.0,119.66,0.02577,-0.08946,-0.00255,0.00138,-0.02719
201.04,ETH-26JUN20,1583924343909,open,0.52,1.0,0.493,0.5395,0.515572,92.84,0.38,0.0,ETH-26JUN20-100-C,196.79,0.0,0.5025,1.0,0.0,0.0,0.0,0.11286,-0.04902,0.25551,0.00103,0.94963
197.03,ETH-27MAR20,1583924343909,open,2.01,0.0,1.957,2.139,2.045376,171.32,None,0.0,ETH-27MAR20-600-P,196.79,0.0,0.03,50.0,0.0,0.0,0.0,0.00219,-0.01181,-0.26084,8e-05,-0.99835
201.04,ETH-26JUN20,1583924343909,open,0.02,484.0,0.0045,0.045,0.018624,106.54,0.022,0.0,ETH-26JUN20-520-C,196.79,104.6,0.017,310.0,0.0205,361.0,108.68,0.17209,-0.08578,0.04019,0.00136,0.08689
197.03,ETH-27MAR20,1583924343909,open,0.07,3193.0,0.0315,0.097,0.063601,84.67,0.075,0.0,ETH-27MAR20-200-C,196.79,82.14,0.0615,180.0,0.067,460.0,88.75,0.16393,-0.43714,0.03752,0.01147,0.50142
197.03,ETH-27MAR20,1583924343909,open,0.0,14.0,0.0005,0.0105,0.000262,113.12,0.0015,0.0,ETH-27MAR20-380-C,196.79,0.0,0.0,0.0,0.0015,301.0,137.66,0.00469,-0.01671,0.00031,0.00025,0.00384
201.04,ETH-26JUN20,1583924343909,open,0.01,730.0,0.003,0.0285,0.012985,92.84,0.01,0.0,ETH-26JUN20-100-P,196.79,89.16,0.011,500.0,0.015,2.0,96.31,0.11286,-0.04902,-0.0373,0.00103,-0.05037
197.03,ETH-27MAR20,1583924343909,open,0.0,3377.0,0.0005,0.0105,3.1e-05,113.55,0.0005,0.0,ETH-27MAR20-440-C,196.79,0.0,0.0,0.0,0.0005,3.0,143.68,0.00077,-0.00276,4e-05,4e-05,0.00053
197.03,ETH-27MAR20,1583924343909,open,0.45,54.0,0.4245,0.4595,0.441994,109.3,0.5285,0.0,ETH-27MAR20-110-C,196.79,0.0,0.0005,100.0,0.0,0.0,0.0,0.00463,-0.01593,0.0475,0.00025,0.99622
197.03,ETH-27MAR20,1583924343909,open,1.21,1.0,1.1685,1.303,1.233307,127.89,1.101,0.0,ETH-27MAR20-440-P,196.79,0.0,0.9,1.0,0.0,0.0,0.0,0.0026,-0.01047,-0.19122,0.00012,-0.998
197.03,ETH-27MAR20,1583924343909,open,0.6,36.0,0.5815,0.6055,0.593951,0.0,0.637,0.0,ETH-27MAR20-80-C,196.79,0.0,0.0005,100.0,0.0,0.0,0.0,0.0,0.0,0.0348,0.0,1.0
197.03,ETH-27MAR20,1583924343909,open,0.0,3782.0,0.0005,0.0105,8e-06,113.73,0.0005,0.0,ETH-27MAR20-480-C,196.79,0.0,0.0,0.0,0.0015,369.0,177.15,0.00022,-0.00079,1e-05,1e-05,0.00014
197.03,ETH-27MAR20,1583924343909,open,0.61,1499.0,0.577,0.68,0.625827,109.09,0.664,0.0,ETH-27MAR20-320-P,196.79,0.0,0.18,3.0,0.686,1.0,250.11,0.0214,-0.07353,-0.13746,0.00116,-0.9782
201.05,ETH-26JUN20,1583924343910,open,0.19,2244.0,0.1355,0.232,0.184586,85.26,0.19,0.0,ETH-26JUN20-200-C,196.79,82.84,0.1795,295.0,0.19,580.0,87.85,0.42149,-0.16812,0.24198,0.00418,0.59562
201.05,ETH-26JUN20,1583924343910,open,2.16,0.0,2.094,2.3105,2.195383,113.44,None,0.0,ETH-26JUN20-640-P,196.79,0.0,0.01,50.0,0.0,0.0,0.0,0.12469,-0.06617,-1.84748,0.00093,-0.94288
197.04,ETH-27MAR20,1583924343909,open,0.0,10022.0,0.0005,0.0115,0.001626,108.31,0.0015,0.0,ETH-27MAR20-320-C,196.79,101.37,0.001,226.0,0.0025,300.0,115.49,0.02072,-0.07069,0.00166,0.00113,0.02098
197.04,ETH-27MAR20,1583924343910,open,0.02,4835.0,0.0025,0.0365,0.014813,88.47,0.02,0.0,ETH-27MAR20-240-C,196.79,85.89,0.0135,52.0,0.0165,299.0,91.68,0.10175,-0.28353,0.01282,0.00681,0.16437
197.04,ETH-27MAR20,1583924343910,open,0.3,662.0,0.269,0.32,0.294131,104.82,0.479,0.0,ETH-27MAR20-140-C,196.79,50.96,0.2895,25.0,0.31,25.0,155.89,0.04047,-0.13362,0.05645,0.00229,0.9528
197.04,ETH-27MAR20,1583924343910,open,0.65,75.0,0.634,0.655,0.644706,0.0,0.739,0.0,ETH-27MAR20-70-C,196.79,0.0,0.0005,100.0,0.0,0.0,0.0,0.0,0.0,0.03045,0.0,1.0
197.04,ETH-27MAR20,1583924343910,open,1.41,0.0,1.3655,1.512,1.436308,147.11,None,0.0,ETH-27MAR20-480-P,196.79,0.0,0.004,50.0,0.0,0.0,0.0,0.00375,-0.01737,-0.20854,0.00015,-0.99701
197.04,ETH-27MAR20,1583924343910,open,0.0,2274.0,0.0005,0.0105,0.0,113.9,0.0005,0.0,ETH-27MAR20-560-C,196.79,0.0,0.0,0.0,0.001,369.0,193.17,2e-05,-6e-05,0.0,0.0,1e-05
201.05,ETH-26JUN20,1583924343910,open,1.57,0.0,1.5175,1.705,1.605174,106.69,None,0.0,ETH-26JUN20-520-P,196.79,0.0,0.01,50.0,0.0,0.0,0.0,0.17274,-0.08622,-1.48224,0.00137,-0.91267
197.04,ETH-27MAR20,1583924343911,open,0.13,2566.0,0.085,0.156,0.121254,87.66,0.1295,0.0,ETH-27MAR20-180-C,196.79,82.99,0.118,60.0,0.1255,206.0,93.68,0.13806,-0.38118,0.05141,0.00933,0.72111
197.04,ETH-27MAR20,1583924343911,open,0.01,7257.0,0.0025,0.0315,0.012549,92.89,0.0105,0.0,ETH-27MAR20-160-P,196.79,90.35,0.0115,598.0,0.0135,10.0,95.13,0.08252,-0.24143,-0.01142,0.00526,-0.12066
197.04,ETH-27MAR20,1583924343911,open,0.07,4577.0,0.043,0.1175,0.078726,84.77,0.066,0.0,ETH-27MAR20-200-P,196.79,82.09,0.0765,180.0,0.081,200.0,87.5,0.16394,-0.43766,-0.04946,0.01145,-0.49839
196.92,SYN.ETH-20MAR20,1583924343909,open,0.0,510.0,0.0005,0.011,0.001238,106.86,0.0005,0.0,ETH-20MAR20-280-C,196.79,94.65,0.0005,144.0,0.0025,300.0,119.34,0.01563,-0.09411,0.00096,0.00155,0.02122
196.92,SYN.ETH-20MAR20,1583924343908,open,0.41,0.0,0.381,0.47,0.422961,104.52,None,0.0,ETH-20MAR20-280-P,196.79,0.0,0.0,0.0,0.0,0.0,0.0,0.01414,-0.08326,-0.06724,0.00143,-0.98115
197.04,ETH-27MAR20,1583924343911,open,0.0,12994.0,0.0005,0.0105,0.0,113.95,0.0005,0.0,ETH-27MAR20-600-C,196.79,0.0,0.0,0.0,0.0005,50.0,189.99,0.0,-2e-05,0.0,0.0,0.0
201.05,ETH-26JUN20,1583924343912,open,0.01,2024.0,0.0005,0.0285,0.009479,113.18,0.012,0.0,ETH-26JUN20-680-C,196.79,110.21,0.008,310.0,0.01,1.0,114.16,0.10524,-0.05573,0.02159,0.00079,0.04615
198.26,SYN.ETH-24APR20,1583924343908,open,0.51,0.0,0.477,0.591,0.531048,92.21,None,0.0,ETH-24APR20-300-P,196.79,0.0,0.0,0.0,0.0,0.0,0.0,0.14388,-0.15119,-0.33438,0.0033,-0.87197
201.05,ETH-26JUN20,1583924343912,open,0.03,1754.0,0.008,0.058,0.0271,101.24,0.025,0.0,ETH-26JUN20-440-C,196.79,99.31,0.025,85.0,0.0295,300.0,103.37,0.22258,-0.10543,0.05699,0.00186,0.12391
197.04,ETH-27MAR20,1583924343913,open,0.14,2249.0,0.1055,0.192,0.147599,85.9,0.135,0.0,ETH-27MAR20-220-P,196.79,73.66,0.139,220.0,0.15,20.0,89.19,0.14278,-0.38626,-0.07268,0.00984,-0.70045
201.05,ETH-26JUN20,1583924343913,open,1.77,0.0,1.709,1.9045,1.800614,108.1,None,0.0,ETH-26JUN20-560-P,196.79,0.0,0.01,50.0,0.0,0.0,0.0,0.14976,-0.07573,-1.60614,0.00117,-0.92769
196.79,SYN.ETH-12MAR20,1583924343908,open,0.02,36.0,0.0005,0.036,0.010394,88.01,0.0095,0.0,ETH-12MAR20-200-C,196.79,80.36,0.009,120.0,0.013,379.0,102.07,0.03613,-1.58981,0.00166,0.04418,0.36192
196.81,SYN.ETH-13MAR20,1583924343909,open,0.03,1212.0,0.006,0.0685,0.034697,89.45,0.027,0.0,ETH-13MAR20-200-P,196.79,81.56,0.0325,100.0,0.0385,384.0,103.02,0.05495,-1.31044,-0.00628,0.03086,-0.58656
201.05,ETH-26JUN20,1583924343915,open,0.02,1214.0,0.0035,0.039,0.015099,107.91,0.014,0.0,ETH-26JUN20-560-C,196.79,104.96,0.013,310.0,0.0175,363.0,111.02,0.14899,-0.07521,0.03339,0.00117,0.07182
196.92,SYN.ETH-20MAR20,1583924343908,open,0.05,94.0,0.0175,0.079,0.047039,87.0,0.057,0.0,ETH-20MAR20-200-C,196.79,82.91,0.0445,180.0,0.049,261.0,90.15,0.12237,-0.59975,0.0208,0.01492,0.48143
196.92,SYN.ETH-20MAR20,1583924343909,open,0.01,13.0,0.0005,0.022,0.006247,101.19,0.008,0.0,ETH-20MAR20-160-P,196.79,95.61,0.005,600.0,0.0075,300.0,106.3,0.04632,-0.26403,-0.0042,0.00485,-0.08155
196.79,SYN.ETH-12MAR20,1583924343908,open,0.0,14.0,0.0005,0.017,0.001781,95.03,0.0025,0.0,ETH-12MAR20-210-C,196.79,97.83,0.002,1.0,0.0035,508.0,114.12,0.015,-0.35043,0.00039,0.01699,0.08501
196.92,SYN.ETH-20MAR20,1583924343909,open,0.12,213.0,0.0935,0.1755,0.133491,86.1,0.115,0.0,ETH-20MAR20-220-P,196.79,0.0,0.1155,19.0,0.151,19.0,120.16,0.09189,-0.44571,-0.04355,0.01132,-0.77588
196.92,SYN.ETH-20MAR20,1583924343908,open,0.16,0.0,0.1155,0.181,0.148815,96.39,None,0.0,ETH-20MAR20-170-C,196.79,0.0,0.0,0.0,0.0,0.0,0.0,0.07036,-0.38205,0.03376,0.00774,0.85386
196.92,SYN.ETH-20MAR20,1583924343908,open,0.02,344.0,0.0025,0.04,0.016423,86.4,0.018,0.0,ETH-20MAR20-220-C,196.79,83.32,0.015,240.0,0.018,292.0,89.73,0.0921,-0.44828,0.00999,0.01131,0.22504
198.26,SYN.ETH-24APR20,1583924343908,open,0.25,43.0,0.211,0.316,0.262226,86.22,0.262,0.0,ETH-24APR20-240-P,196.79,80.25,0.255,18.0,0.28,168.0,100.32,0.24326,-0.23902,-0.22642,0.00597,-0.68779
196.92,SYN.ETH-20MAR20,1583924343908,open,0.61,0.0,0.578,0.675,0.624945,0.0,None,0.0,ETH-20MAR20-320-P,196.79,0.0,0.0,0.0,0.0,0.0,0.0,0.0,0.0,-0.07781,0.0,-1.0
196.92,SYN.ETH-20MAR20,1583924343909,open,0.01,316.0,0.0005,0.028,0.009229,87.11,0.0095,0.0,ETH-20MAR20-230-C,196.79,84.99,0.0085,53.0,0.01,1.0,89.28,0.06872,-0.33722,0.00632,0.00837,0.14113
196.79,SYN.ETH-12MAR20,1583924343908,open,0.02,20.0,0.0015,0.059,0.026535,87.18,0.014,0.0,ETH-12MAR20-200-P,196.79,75.97,0.0245,90.0,0.03,21.0,105.85,0.03608,-1.57273,-0.00314,0.04454,-0.63949
196.92,SYN.ETH-20MAR20,1583924343908,open,0.31,1.0,0.282,0.3655,0.321743,89.67,0.091,0.0,ETH-20MAR20-260-P,196.79,0.0,0.0,0.0,0.0,0.0,0.0,0.01949,-0.09846,-0.06197,0.00231,-0.97241
205.05,SYN.ETH-25SEP20,1583924343908,open,0.03,1916.0,0.01,0.0685,0.032313,99.77,0.032,0.0,ETH-25SEP20-640-C,196.79,97.44,0.029,558.0,0.036,500.0,102.22,0.29945,-0.07549,0.09587,0.00132,0.11856
196.79,SYN.ETH-12MAR20,1583924343908,open,0.11,0.0,0.0855,0.153,0.117959,82.62,None,0.0,ETH-12MAR20-220-P,196.79,0.0,0.1,15.0,0.137,15.0,293.7,0.00091,-0.0378,-0.00526,0.00119,-0.99687
205.05,SYN.ETH-25SEP20,1583924343909,open,0.01,293.0,0.0005,0.015,0.005402,93.91,0.0055,0.0,ETH-25SEP20-60-P,196.79,88.97,0.004,300.0,0.007,250.0,98.72,0.06326,-0.01501,-0.02477,0.0003,-0.01688
205.05,SYN.ETH-25SEP20,1583924343908,open,0.41,17.0,0.3565,0.442,0.400123,84.62,0.49,0.0,ETH-25SEP20-140-C,196.79,73.9,0.38,120.0,0.423,120.0,96.37,0.39302,-0.08404,0.46926,0.00204,0.82226
196.79,SYN.ETH-12MAR20,1583924343908,open,0.04,8.0,0.0135,0.081,0.046318,92.42,0.038,0.0,ETH-12MAR20-205-P,196.79,73.0,0.044,30.0,0.0495,30.0,114.57,0.02611,-1.20659,-0.00405,0.03041,-0.81054
205.05,SYN.ETH-25SEP20,1583924343909,open,0.08,650.0,0.0475,0.123,0.08275,84.55,0.081,0.0,ETH-25SEP20-140-P,196.79,81.53,0.077,524.0,0.087,524.0,86.76,0.39293,-0.08395,-0.2895,0.00204,-0.17767
196.79,SYN.ETH-12MAR20,1583924343908,open,0.06,0.0,0.0365,0.104,0.068728,92.89,None,0.0,ETH-12MAR20-210-P,196.79,0.0,0.05,17.0,0.086,17.0,221.28,0.01434,-0.66578,-0.00467,0.01661,-0.91996
198.26,SYN.ETH-24APR20,1583924343909,open,0.17,0.0,0.124,0.2025,0.163963,85.2,None,0.0,ETH-24APR20-180-C,196.79,81.58,0.1595,144.0,0.167,235.0,87.65,0.24499,-0.23787,0.1236,0.00609,0.68256
196.92,SYN.ETH-20MAR20,1583924343908,open,0.36,0.0,0.3315,0.417,0.372023,93.31,None,0.0,ETH-20MAR20-270-P,196.79,0.0,0.0,0.0,0.0,0.0,0.0,0.01361,-0.07152,-0.06484,0.00155,-0.98198
196.92,SYN.ETH-20MAR20,1583924343908,open,0.0,374.0,0.0005,0.011,0.001076,95.63,0.001,0.0,ETH-20MAR20-270-C,196.79,86.22,0.0005,70.0,0.002,300.0,105.29,0.01523,-0.08204,0.00093,0.00169,0.02058
205.05,SYN.ETH-25SEP20,1583924343909,open,0.72,5.0,0.7005,0.727,0.712847,94.09,0.769,0.0,ETH-25SEP20-60-C,196.79,0.0,0.023,20.0,0.0,0.0,0.0,0.06363,-0.01513,0.30032,0.0003,0.98301
196.92,SYN.ETH-20MAR20,1583924343908,open,0.56,0.0,0.5285,0.6235,0.574266,87.79,None,0.0,ETH-20MAR20-310-P,196.79,0.0,0.0,0.0,0.0,0.0,0.0,0.00063,-0.00312,-0.07536,8e-05,-0.99942
196.79,SYN.ETH-12MAR20,1583924343908,open,0.07,0.0,0.031,0.0935,0.062702,104.83,None,0.0,ETH-12MAR20-185-C,196.79,0.0,0.049,21.0,0.0815,21.0,239.61,0.01806,-0.94687,0.00391,0.01855,0.89051
205.05,SYN.ETH-25SEP20,1583924343909,open,1.01,0.0,0.9395,1.1275,1.029643,92.37,None,0.0,ETH-25SEP20-400-P,196.79,0.0,0.0,0.0,0.0,0.0,0.0,0.49002,-0.11438,-1.96684,0.00233,-0.73969
196.92,SYN.ETH-20MAR20,1583924343908,open,0.0,2.0,0.0005,0.0105,0.000119,107.69,0.0005,0.0,ETH-20MAR20-320-C,196.79,0.0,0.0,0.0,0.0005,1.0,124.71,0.00238,-0.01445,0.00011,0.00023,0.0025
198.26,SYN.ETH-24APR20,1583924343908,open,0.04,46.0,0.0135,0.066,0.035842,88.25,0.0365,0.0,ETH-24APR20-260-C,196.79,86.49,0.034,338.0,0.038,192.0,90.27,0.20962,-0.2108,0.04669,0.00503,0.23177
198.26,SYN.ETH-24APR20,1583924343908,open,0.02,1031.0,0.005,0.036,0.01699,89.46,0.0145,0.0,ETH-24APR20-140-P,196.79,86.98,0.0155,240.0,0.0185,540.0,91.89,0.12135,-0.12371,-0.02808,0.00287,-0.10081
196.79,SYN.ETH-12MAR20,1583924343908,open,0.1,0.0,0.0575,0.1155,0.086248,106.97,None,0.0,ETH-12MAR20-180-C,196.79,0.0,0.073,20.0,0.104,20.0,268.79,0.00863,-0.46163,0.00412,0.00868,0.95806
198.26,SYN.ETH-24APR20,1583924343908,open,0.02,752.0,0.0045,0.041,0.018089,92.45,0.0165,0.0,ETH-24APR20-300-C,196.79,90.22,0.0165,540.0,0.02,240.0,95.01,0.14451,-0.15224,0.02639,0.00331,0.12883
196.81,SYN.ETH-13MAR20,1583924343909,open,0.01,471.0,0.0005,0.0245,0.005287,88.83,0.012,0.0,ETH-13MAR20-210-C,196.79,84.23,0.0045,252.0,0.006,1.0,92.8,0.03459,-0.81905,0.00158,0.01956,0.16186
196.92,SYN.ETH-20MAR20,1583924343908,open,0.0,0.0,0.0005,0.011,0.001094,107.58,None,0.0,ETH-20MAR20-140-P,196.79,96.24,0.0005,300.0,0.003,300.0,128.01,0.01302,-0.07888,-0.00087,0.00128,-0.01711
196.92,SYN.ETH-20MAR20,1583924343908,open,0.51,0.0,0.4795,0.572,0.523662,99.78,None,0.0,ETH-20MAR20-300-P,196.79,0.0,0.0,0.0,0.0,0.0,0.0,0.00388,-0.0218,-0.07275,0.00041,-0.9957
196.79,SYN.ETH-12MAR20,1583924343908,open,0.01,6.0,0.0005,0.0255,0.004774,93.59,0.005,0.0,ETH-12MAR20-205-C,196.79,83.63,0.0035,120.0,0.0065,569.0,105.88,0.02638,-0.93946,0.00089,0.03033,0.19261
196.79,SYN.ETH-12MAR20,1583924343908,open,0.0,31.0,0.0005,0.0105,0.000205,100.11,0.0005,0.0,ETH-12MAR20-220-C,196.79,0.0,0.0,0.0,0.001,1.0,128.01,0.00307,-0.04037,6e-05,0.0033,0.01226
196.92,SYN.ETH-20MAR20,1583924343908,open,0.03,293.0,0.0125,0.0715,0.038614,89.07,0.035,0.0,ETH-20MAR20-190-P,196.79,84.63,0.036,240.0,0.041,295.0,93.11,0.11613,-0.58268,-0.01965,0.01383,-0.37183
205.05,SYN.ETH-25SEP20,1583924343909,open,0.02,2.0,0.005,0.05,0.02036,105.48,0.021,0.0,ETH-25SEP20-840-C,196.79,103.18,0.018,200.0,0.023,500.0,107.88,0.21747,-0.05796,0.06267,0.0009,0.07673
196.79,SYN.ETH-12MAR20,1583924343908,open,0.0,66.0,0.0005,0.012,0.000774,103.7,0.0015,0.0,ETH-12MAR20-180-P,196.79,95.97,0.0005,210.0,0.0025,212.0,133.78,0.00787,-0.15229,-0.00018,0.00816,-0.03742
205.05,SYN.ETH-25SEP20,1583924343909,open,0.26,298.0,0.1975,0.3075,0.253839,84.53,0.2775,0.0,ETH-25SEP20-200-C,196.79,82.78,0.249,256.0,0.2595,262.0,86.58,0.56627,-0.12095,0.42627,0.00294,0.6373
196.92,SYN.ETH-20MAR20,1583924343908,open,0.26,41.0,0.233,0.3155,0.272233,88.75,0.1655,0.0,ETH-20MAR20-250-P,196.79,0.0,0.0,0.0,0.0,0.0,0.0,0.03113,-0.15561,-0.05858,0.00372,-0.95108
205.05,SYN.ETH-25SEP20,1583924343909,open,0.63,2.0,0.604,0.6445,0.623436,89.41,0.62,0.0,ETH-25SEP20-80-C,196.79,45.39,0.61,1.0,0.0,0.0,0.0,0.12824,-0.02897,0.37491,0.00063,0.9607
196.79,SYN.ETH-12MAR20,1583924343908,open,0.08,0.0,0.061,0.1285,0.093015,93.93,None,0.0,ETH-12MAR20-215-P,196.79,0.0,0.075,16.0,0.1115,16.0,258.88,0.00632,-0.29699,-0.00503,0.00725,-0.97129
196.81,SYN.ETH-13MAR20,1583924343909,open,0.06,5.0,0.015,0.08,0.04795,96.9,0.0515,0.0,ETH-13MAR20-190-C,196.79,84.73,0.045,60.0,0.0515,249.0,111.04,0.04861,-1.25546,0.00666,0.0252,0.70597
196.92,SYN.ETH-20MAR20,1583924343908,open,0.06,416.0,0.029,0.1,0.062556,86.8,0.064,0.0,ETH-20MAR20-200-P,196.79,82.68,0.06,180.0,0.0665,414.0,93.14,0.12237,-0.59834,-0.02784,0.01495,-0.51874
196.92,SYN.ETH-20MAR20,1583924343908,open,0.02,351.0,0.0045,0.049,0.022035,91.8,0.0185,0.0,ETH-20MAR20-180-P,196.79,87.58,0.02,240.0,0.024,325.0,95.8,0.09594,-0.49614,-0.01265,0.01108,-0.24222
198.26,SYN.ETH-24APR20,1583924343909,open,0.07,514.0,0.039,0.109,0.071738,85.11,0.0735,0.0,ETH-24APR20-180-P,196.79,82.9,0.069,192.0,0.074,266.0,86.94,0.24497,-0.23761,-0.09274,0.00609,-0.31738
196.92,SYN.ETH-20MAR20,1583924343908,open,0.21,283.0,0.1845,0.267,0.223753,87.7,0.074,0.0,ETH-20MAR20-240-P,196.79,0.0,0.0,0.0,0.0,0.0,0.0,0.04738,-0.23408,-0.05457,0.00573,-0.91595
196.92,SYN.ETH-20MAR20,1583924343908,open,0.08,1.0,0.039,0.108,0.073874,89.27,0.085,0.0,ETH-20MAR20-190-C,196.79,83.54,0.0705,180.0,0.0765,229.0,93.72,0.11614,-0.58409,0.02653,0.0138,0.628
196.79,SYN.ETH-12MAR20,1583924343908,open,0.0,73.0,0.0005,0.02,0.002631,103.28,0.003,0.0,ETH-12MAR20-185-P,196.79,95.84,0.002,150.0,0.004,56.0,117.21,0.01767,-0.51784,-0.00051,0.01842,-0.10621
196.92,SYN.ETH-20MAR20,1583924343908,open,0.17,182.0,0.1375,0.22,0.177072,86.69,0.135,0.0,ETH-20MAR20-230-P,196.79,0.0,0.011,30.0,0.0,0.0,0.0,0.06829,-0.33352,-0.04967,0.00835,-0.86017
196.92,SYN.ETH-20MAR20,1583924343908,open,0.0,675.0,0.0005,0.0105,0.000216,107.42,0.0005,0.0,ETH-20MAR20-310-C,196.79,0.0,0.0,0.0,0.0015,368.0,135.56,0.00391,-0.02363,0.0002,0.00039,0.00433
198.26,SYN.ETH-24APR20,1583924343908,open,0.32,40.0,0.281,0.3405,0.310942,89.59,0.415,0.0,ETH-24APR20-140-C,196.79,49.47,0.295,1.0,0.0,0.0,0.0,0.12158,-0.12413,0.14013,0.00287,0.89893
196.92,SYN.ETH-20MAR20,1583924343908,open,0.0,17.0,0.0005,0.0105,0.000697,106.99,0.005,0.0,ETH-20MAR20-290-C,196.79,0.0,0.0,0.0,0.002,301.0,124.24,0.01004,-0.06051,0.00057,0.001,0.01265
205.05,SYN.ETH-25SEP20,1583924343912,open,0.83,0.0,0.766,0.9465,0.853079,91.5,None,0.0,ETH-25SEP20-360-P,196.79,0.0,0.755,1.0,1.6265,1.0,448.83,0.53191,-0.12298,-1.7164,0.00255,-0.69097
196.79,SYN.ETH-12MAR20,1583924343908,open,0.0,88.0,0.0005,0.0115,0.000664,98.59,0.004,0.0,ETH-12MAR20-215-C,196.79,93.92,0.0005,1.0,0.0015,1.0,115.59,0.0075,-0.13065,0.00016,0.00819,0.03529
196.79,SYN.ETH-12MAR20,1583924343908,open,0.03,7.0,0.0005,0.0525,0.022996,92.92,0.033,0.0,ETH-12MAR20-195-C,196.79,82.43,0.021,90.0,0.022,1.0,87.69,0.0375,-1.74245,0.00267,0.04344,0.5886
198.26,SYN.ETH-24APR20,1583924343909,open,0.08,157.0,0.042,0.114,0.076686,85.28,0.087,0.0,ETH-24APR20-220-C,196.79,82.92,0.0735,309.0,0.08,415.0,87.72,0.26859,-0.26102,0.08163,0.00667,0.41918
196.92,SYN.ETH-20MAR20,1583924343908,open,0.0,298.0,0.0005,0.014,0.002838,89.73,0.003,0.0,ETH-20MAR20-250-C,196.79,84.08,0.002,661.0,0.004,300.0,96.18,0.03215,-0.16248,0.0023,0.0038,0.05094
196.92,SYN.ETH-20MAR20,1583924343908,open,0.01,599.0,0.0005,0.0195,0.005133,88.32,0.006,0.0,ETH-20MAR20-240-C,196.79,83.39,0.004,666.0,0.0065,301.0,93.6,0.04808,-0.23923,0.00386,0.00577,0.08571
205.05,SYN.ETH-25SEP20,1583924343912,open,0.02,151.0,0.0055,0.0525,0.021829,104.21,0.027,0.0,ETH-25SEP20-800-C,196.79,101.58,0.019,500.0,0.025,500.0,106.95,0.22906,-0.06032,0.06709,0.00096,0.08219
205.05,SYN.ETH-25SEP20,1583924343909,open,0.02,37.0,0.0065,0.0555,0.023836,103.16,0.0365,0.0,ETH-25SEP20-760-C,196.79,100.69,0.021,500.0,0.027,500.0,105.73,0.24376,-0.06354,0.07278,0.00104,0.08931
196.92,SYN.ETH-20MAR20,1583924343908,open,0.46,0.0,0.43,0.521,0.473195,103.02,None,0.0,ETH-20MAR20-290-P,196.79,0.0,0.0,0.0,0.0,0.0,0.0,0.00813,-0.04719,-0.07007,0.00084,-0.99007
196.92,SYN.ETH-20MAR20,1583924343908,open,0.03,177.0,0.007,0.0565,0.028252,86.01,0.0255,0.0,ETH-20MAR20-210-C,196.79,82.05,0.026,240.0,0.03,278.0,89.06,0.11252,-0.5452,0.01493,0.01387,0.34002
196.81,SYN.ETH-13MAR20,1583924343910,open,0.01,1369.0,0.0005,0.04,0.013209,96.33,0.0095,0.0,ETH-13MAR20-190-P,196.79,87.25,0.011,240.0,0.015,315.0,103.52,0.04853,-1.24614,-0.0031,0.02531,-0.29306
196.92,SYN.ETH-20MAR20,1583924343908,open,0.0,31.0,0.0005,0.0105,0.000388,107.16,0.0005,0.0,ETH-20MAR20-300-C,196.79,0.0,0.0,0.0,0.0015,368.0,127.42,0.00631,-0.03808,0.00034,0.00062,0.00743
196.81,SYN.ETH-13MAR20,1583924343909,open,0.06,485.0,0.0375,0.1085,0.072152,87.94,0.062,0.0,ETH-13MAR20-210-P,196.79,74.33,0.07,160.0,0.0755,60.0,105.55,0.03422,-0.80227,-0.00923,0.01955,-0.84074
196.92,SYN.ETH-20MAR20,1583924343909,open,0.2,0.0,0.1645,0.2235,0.193834,101.61,None,0.0,ETH-20MAR20-160-C,196.79,0.0,0.0,0.0,0.0,0.0,0.0,0.04666,-0.26707,0.03466,0.00487,0.91766
198.26,SYN.ETH-24APR20,1583924343909,open,0.18,227.0,0.138,0.2365,0.18619,85.18,0.1625,0.0,ETH-24APR20-220-P,196.79,82.83,0.183,144.0,0.191,286.0,88.73,0.26855,-0.2607,-0.18285,0.00667,-0.58104
205.05,SYN.ETH-25SEP20,1583924343912,open,0.03,222.0,0.0075,0.0595,0.02637,102.21,0.026,0.0,ETH-25SEP20-720-C,196.79,100.3,0.024,200.0,0.029,200.0,104.22,0.26116,-0.06745,0.07968,0.00112,0.09805
205.05,SYN.ETH-25SEP20,1583924343909,open,0.28,522.0,0.2265,0.361,0.292865,85.08,0.293,0.0,ETH-25SEP20-220-P,196.79,82.01,0.284,442.0,0.3,419.0,87.56,0.59028,-0.1269,-0.79288,0.00304,-0.42039
205.05,SYN.ETH-25SEP20,1583924343928,open,0.04,733.0,0.015,0.083,0.042328,97.92,0.045,0.0,ETH-25SEP20-560-C,196.79,95.95,0.039,500.0,0.046,505.0,100.01,0.35325,-0.0874,0.12057,0.00158,0.15079
196.92,SYN.ETH-20MAR20,1583924343932,open,0.0,318.0,0.0005,0.0115,0.001572,91.27,0.002,0.0,ETH-20MAR20-260-C,196.79,85.09,0.001,363.0,0.002,31.0,95.01,0.02087,-0.10731,0.00136,0.00243,0.02996
197.04,ETH-27MAR20,1583924343935,open,0.21,2340.0,0.169,0.2315,0.200449,92.7,0.21,0.0,ETH-27MAR20-160-C,196.79,32.47,0.188,25.0,0.2225,24.0,136.47,0.08232,-0.24033,0.05822,0.00526,0.87976
201.05,ETH-26JUN20,1583924343950,open,2.55,1.0,2.479,2.7145,2.589765,115.33,1.99,0.0,ETH-26JUN20-720-P,196.79,0.0,0.0,0.0,3.1895,1.0,449.05,0.09684,-0.05225,-2.08877,0.00071,-0.95837
7897.61,SYN.BTC-24APR20,1583924344074,open,1.52,0.0,1.483,1.591,1.53391213,110.39,None,0.0,BTC-24APR20-20000-P,7829.97,0.0,0.0005,0.1,2.0,0.1,500.0,0.89595,-1.12707,-23.93551,1e-05,-0.98734
7830.3,SYN.BTC-12MAR20,1583924344143,open,0.02,1.2,0.001,0.0385,0.01733548,59.09,0.018,0.0,BTC-12MAR20-7750-C,7829.97,51.71,0.016,42.4,0.0185,1.0,65.44,1.42855,-42.2084,0.11783,0.00164,0.64453
7832.72,SYN.BTC-20MAR20,1583924344145,open,0.02,388.0,0.006,0.0425,0.02019576,61.93,0.0205,0.0,BTC-20MAR20-7500-P,7829.97,59.75,0.019,36.0,0.0215,56.9,64.29,4.30502,-15.01902,-0.62763,0.00047,-0.30932
7897.61,SYN.BTC-24APR20,1583924344147,open,0.08,284.5,0.0545,0.1125,0.08074976,62.67,0.08,0.0,BTC-24APR20-8000-C,7829.97,60.68,0.078,32.1,0.0815,24.0,63.22,10.91044,-7.7925,4.16706,0.00023,0.51969
7897.61,SYN.BTC-24APR20,1583924344148,open,0.01,298.9,0.0005,0.025,0.00893655,78.44,0.01,0.0,BTC-24APR20-12000-C,7829.97,76.57,0.008,69.0,0.01,52.0,80.43,4.08626,-3.65251,0.67847,7e-05,0.0804
7830.6,SYN.BTC-13MAR20,1583924344150,open,0.0,272.4,0.0005,0.012,0.00141482,73.54,0.001,0.0,BTC-13MAR20-8500-C,7829.97,68.43,0.001,41.0,0.002,40.1,79.55,0.69516,-11.07885,0.02481,0.0003,0.06306
7832.72,SYN.BTC-20MAR20,1583924344153,open,0.0,399.7,0.0005,0.019,0.0051824,68.43,0.006,0.0,BTC-20MAR20-9000-C,7829.97,65.96,0.0045,60.0,0.006,40.0,71.2,2.23521,-8.6164,0.19189,0.00022,0.10593
8038.76,BTC-26JUN20,1583924344154,open,0.04,845.1,0.0185,0.0745,0.04025421,74.03,0.0415,0.0,BTC-26JUN20-12000-C,7829.97,73.23,0.039,25.6,0.0415,25.6,74.82,12.60331,-4.36499,4.04051,9e-05,0.21191
8038.82,BTC-26JUN20,1583924344156,open,0.02,529.4,0.0055,0.042,0.01694581,83.03,0.0185,0.0,BTC-26JUN20-16000-C,7829.97,81.98,0.016,32.0,0.018,32.0,84.16,7.38271,-2.86762,1.84988,5e-05,0.09554
8038.82,BTC-26JUN20,1583924344158,open,0.08,945.7,0.0435,0.113,0.07315679,69.91,0.073,0.0,BTC-26JUN20-10000-C,7829.97,69.08,0.0715,4.0,0.075,50.6,70.83,16.09595,-5.26429,6.49371,0.00012,0.34903
8038.82,BTC-26JUN20,1583924344159,open,0.01,1127.3,0.0005,0.0215,0.00570706,101.8,0.0055,0.0,BTC-26JUN20-26000-C,7829.97,99.89,0.005,57.0,0.0065,32.0,103.77,3.10361,-1.47814,0.61348,2e-05,0.03177
7834.57,BTC-27MAR20,1583924344165,open,2.3,0.0,2.2535,2.386,2.31830752,0.0,None,0.0,BTC-27MAR20-26000-P,7829.97,0.0,0.001,1.0,3.0,0.1,500.0,0.0,0.0,-11.30871,0.0,-1.0
8038.74,BTC-26JUN20,1583924344199,open,0.06,185.3,0.0285,0.0915,0.05390209,72.11,0.054,0.0,BTC-26JUN20-11000-C,7829.97,71.61,0.053,4.0,0.055,25.6,72.72,14.41974,-4.86472,5.11929,0.00011,0.27139
8198.46,BTC-25SEP20,1583924344210,open,0.11,368.3,0.0805,0.161,0.11558338,66.64,0.1105,0.0,BTC-25SEP20-7000-P,7829.97,65.41,0.1125,6.4,0.115,4.0,66.41,20.50121,-3.45232,-17.81391,8e-05,-0.28522
8198.46,BTC-25SEP20,1583924344225,open,1.93,19.6,1.878,2.0335,1.94763308,86.87,1.93,0.0,BTC-25SEP20-24000-P,7829.97,0.0,0.33,1.0,2.0,0.5,118.02,9.55727,-2.09784,-127.14394,3e-05,-0.91301
8038.73,BTC-26JUN20,1583924344228,open,2.72,0.0,2.6595,2.8235,2.73607859,106.6,None,0.0,BTC-26JUN20-30000-P,7829.97,0.0,0.0005,0.1,4.0,0.1,500.0,2.37428,-1.18411,-87.39816,1e-05,-0.97695
7834.38,BTC-27MAR20,1583924344618,open,2.56,0.0,2.504,2.6465,2.57367127,0.0,None,0.0,BTC-27MAR20-28000-P,7829.97,0.0,0.001,0.1,3.0,0.1,500.0,0.0,0.0,-12.17861,0.0,-1.0
7834.38,BTC-27MAR20,1583924344782,open,2.81,0.0,2.754,2.907,2.82893347,0.0,None,0.0,BTC-27MAR20-30000-P,7829.97,0.0,0.001,0.1,4.0,0.1,500.0,0.0,0.0,-13.04852,0.0,-1.0
7834.38,BTC-27MAR20,1583924344801,open,0.91,2.0,0.8775,0.958,0.91515193,120.08,0.4565,0.0,BTC-27MAR20-15000-P,7829.97,0.0,0.0005,0.1,1.5,0.1,500.0,0.30972,-1.17129,-6.50289,1e-05,-0.99322
7834.38,BTC-27MAR20,1583924344804,open,0.78,69.6,0.752,0.825,0.78708014,91.62,0.59,0.0,BTC-27MAR20-14000-P,7829.97,0.0,0.0005,0.1,1.5,0.1,500.0,0.08584,-0.24769,-6.08405,0.0,-0.99837
