underlying_price,underlying_index,timestamp,state,settlement_price,open_interest,min_price,max_price,mark_price,mark_iv,last_price,interest_rate,instrument_name,index_price,bid_iv,best_bid_price,best_bid_amount,best_ask_price,best_ask_amount,ask_iv,vega,theta,rho,gamma,delta
260.08,SYN.ETH-23FEB20,1582369140020,open,0.12,0.0,0.083,0.1505,0.115231,95.76,None,0.0,ETH-23FEB20-290-P,259.95,0.0,0.01,5.0,0.0,0.0,0.0,0.00362,-0.17342,-0.00689,0.00233,-0.98923
260.08,SYN.ETH-23FEB20,1582369140020,open,0.0,505.0,0.0005,0.0105,0.00017,95.77,0.0015,0.0,ETH-23FEB20-290-C,259.95,0.0,0.0,0.0,0.0015,700.0,135.92,0.00362,-0.04423,7e-05,0.00233,0.01077
261.79,SYN.ETH-6MAR20,1582369140020,open,0.43,0.0,0.374,0.475,0.421255,122.55,None,0.0,ETH-6MAR20-370-P,259.95,0.0,0.0,0.0,0.0,0.0,0.0,0.07487,-0.35633,-0.12363,0.00253,-0.91741
261.79,SYN.ETH-6MAR20,1582369140020,open,0.01,301.0,0.0005,0.0265,0.007927,122.55,0.0115,0.0,ETH-6MAR20-370-C,259.95,119.21,0.007,300.0,0.009,300.0,126.18,0.07487,-0.35633,0.00689,0.00253,0.08259
260.22,SYN.ETH-24FEB20,1582369140024,open,1.0,0.05,0.111,0.080808,90.0,0.08,0.0,ETH-24FEB20-240-C,259.95,0.0,0.0,0.0,0.0,0.0,0.0,0.03255,-0.78102,0.01096,0.01039,0.90076
260.22,SYN.ETH-24FEB20,1582369140024,open,0.0,0.032,0.0955,0.064386,90.0,None,0.0,ETH-24FEB20-245-C,259.95,0.0,0.0,0.0,0.0,0.0,0.0,0.04666,-1.11935,0.01028,0.0149,0.83306
260.22,SYN.ETH-24FEB20,1582369140024,open,0.0,0.0695,0.127,0.098406,90.0,None,0.0,ETH-24FEB20-235-C,259.95,0.0,0.0,0.0,0.0,0.0,0.0,0.02029,-0.48675,0.01134,0.00648,0.94654
260.22,SYN.ETH-24FEB20,1582369140024,open,2.0,0.001,0.045,0.016694,90.0,0.0255,0.0,ETH-24FEB20-255-P,259.95,70.45,0.0115,281.0,0.022,281.0,109.53,0.07009,-1.68151,-0.0051,0.02238,-0.36458
260.22,SYN.ETH-24FEB20,1582369140024,open,1.0,0.0005,0.026,0.005902,90.0,0.0055,0.0,ETH-24FEB20-245-P,259.95,68.3,0.0025,300.0,0.011,300.0,115.77,0.04666,-1.11935,-0.00231,0.0149,-0.16694
260.22,SYN.ETH-24FEB20,1582369140024,open,0.0,0.0075,0.0675,0.036749,90.0,None,0.0,ETH-24FEB20-255-C,259.95,60.54,0.029,171.0,0.045,171.0,120.26,0.07009,-1.68151,0.00801,0.02238,0.63542
260.22,SYN.ETH-24FEB20,1582369140026,open,0.0,0.0005,0.035,0.010305,90.0,None,0.0,ETH-24FEB20-250-P,259.95,70.35,0.006,292.0,0.0155,292.0,111.66,0.06012,-1.4424,-0.00357,0.0192,-0.25682
260.22,SYN.ETH-24FEB20,1582369140026,open,0.0,0.0005,0.013,0.001493,90.0,None,0.0,ETH-24FEB20-235-P,259.95,82.99,0.001,300.0,0.0065,300.0,132.34,0.02029,-0.38852,-0.00073,0.00648,-0.05345
260.22,SYN.ETH-24FEB20,1582369140026,open,0.0,0.0005,0.019,0.003109,90.0,None,0.0,ETH-24FEB20-240-P,259.95,68.79,0.001,300.0,0.008,300.0,121.7,0.03255,-0.78102,-0.00137,0.01039,-0.09924
260.22,SYN.ETH-24FEB20,1582369140029,open,0.0,0.0005,0.022,0.004277,90.0,None,0.0,ETH-24FEB20-280-C,259.95,73.09,0.002,286.0,0.0075,386.0,108.53,0.04049,-0.97135,0.00175,0.01293,0.13493
260.22,SYN.ETH-24FEB20,1582369140029,open,2.0,0.0025,0.056,0.026146,90.0,0.0545,0.0,ETH-24FEB20-260-C,259.95,68.49,0.02,211.0,0.0335,211.0,115.75,0.07434,-1.78356,0.00658,0.02374,0.51806
260.22,SYN.ETH-24FEB20,1582369140029,open,0.0,0.001,0.0455,0.01781,90.0,None,0.0,ETH-24FEB20-265-C,259.95,74.32,0.0135,252.0,0.0235,252.0,110.38,0.07213,-1.73048,0.00513,0.02303,0.40131
260.22,SYN.ETH-24FEB20,1582369140029,open,0.0,0.0005,0.0285,0.007209,90.0,None,0.0,ETH-24FEB20-275-C,259.95,75.76,0.0045,277.0,0.011,277.0,107.53,0.05299,-1.27135,0.00264,0.01692,0.20495
260.22,SYN.ETH-24FEB20,1582369140029,open,0.0,0.007,0.0705,0.036185,90.0,None,0.0,ETH-24FEB20-265-P,259.95,65.53,0.0295,244.0,0.044,244.0,117.93,0.07213,-1.73048,-0.00849,0.02303,-0.59869
260.22,SYN.ETH-24FEB20,1582369140029,open,0.0,0.0295,0.1005,0.064013,90.0,None,0.0,ETH-24FEB20-275-P,259.95,0.0,0.0,0.0,0.0,0.0,0.0,0.05299,-1.27135,-0.01149,0.01692,-0.79506
260.22,SYN.ETH-24FEB20,1582369140029,open,0.0,0.0005,0.017,0.002421,90.0,None,0.0,ETH-24FEB20-285-C,259.95,74.3,0.001,294.0,0.005,30.0,109.44,0.02881,-0.63001,0.00109,0.0092,0.08415
260.22,SYN.ETH-24FEB20,1582369140029,open,0.0,0.046,0.117,0.080295,90.0,None,0.0,ETH-24FEB20-280-P,259.95,0.0,0.0,0.0,0.081,1.0,94.4,0.04049,-0.97134,-0.01264,0.01293,-0.86507
260.22,SYN.ETH-24FEB20,1582369140029,open,0.0,0.0025,0.057,0.025306,90.0,None,0.0,ETH-24FEB20-260-P,259.95,67.93,0.019,265.0,0.0315,265.0,111.68,0.07434,-1.78356,-0.00678,0.02374,-0.48194
260.22,SYN.ETH-24FEB20,1582369140029,open,0.0,0.064,0.1345,0.097654,90.0,None,0.0,ETH-24FEB20-285-P,259.95,0.0,0.0,0.0,0.0,0.0,0.0,0.02881,-0.69114,-0.01355,0.0092,-0.91585
260.22,SYN.ETH-24FEB20,1582369140029,open,0.0,0.017,0.081,0.049574,90.0,None,0.0,ETH-24FEB20-250-C,259.95,0.0,0.0,0.0,0.0,0.0,0.0,0.06012,-1.4424,0.00928,0.0192,0.74318
260.22,SYN.ETH-24FEB20,1582369140031,open,0.0,0.016,0.085,0.049186,90.0,None,0.0,ETH-24FEB20-270-P,259.95,0.0,0.0,0.0,0.0,0.0,0.0,0.06433,-1.54343,-0.01009,0.02054,-0.70529
282.91,SYN.ETH-25SEP20,1582369140190,open,2.03,0.0,1.903,2.1425,2.01566,101.04,None,0.0,ETH-25SEP20-840-P,259.95,0.0,0.0,0.0,0.0,0.0,0.0,0.52016,-0.12173,-4.78525,0.00109,-0.84422
274.7,ETH-26JUN20,1582369140193,open,0.4,2710.0,0.362,0.4395,0.400966,94.7,0.41,0.0,ETH-26JUN20-180-C,259.95,32.87,0.3455,1.0,0.449,1.0,127.96,0.37321,-0.14151,0.42281,0.00153,0.85085
264.8,ETH-27MAR20,1582369140193,open,0.68,0.0,0.618,0.7395,0.675276,113.05,None,0.0,ETH-27MAR20-440-P,259.95,0.0,0.003,50.0,0.9845,1.0,399.85,0.13786,-0.23004,-0.38802,0.00187,-0.90357
260.79,SYN.ETH-28FEB20,1582369140195,open,0.01,1731.0,0.0005,0.0225,0.006006,105.79,0.006,0.0,ETH-28FEB20-220-P,259.95,100.75,0.005,400.0,0.007,5.0,110.42,0.05419,-0.48787,-0.00407,0.00468,-0.09104
260.79,SYN.ETH-28FEB20,1582369140195,open,0.35,0.0,0.3035,0.39,0.343888,120.34,None,0.0,ETH-28FEB20-350-P,259.95,0.0,0.0,0.0,0.0,0.0,0.0,0.02382,-0.24392,-0.05507,0.00181,-0.96789
260.79,SYN.ETH-28FEB20,1582369140195,open,0.0,304.0,0.0005,0.016,0.002877,120.13,0.004,0.0,ETH-28FEB20-340-C,259.95,112.47,0.002,300.0,0.004,405.0,128.17,0.03306,-0.33798,0.0019,0.00251,0.04806
264.8,ETH-27MAR20,1582369140205,open,0.16,1028.0,0.11,0.208,0.157671,101.94,0.15,0.0,ETH-27MAR20-280-P,259.95,98.92,0.154,400.0,0.162,187.0,105.5,0.32173,-0.4841,-0.16403,0.00485,-0.50975
274.7,ETH-26JUN20,1582369140208,open,0.31,921.0,0.262,0.358,0.311143,94.71,0.318,0.0,ETH-26JUN20-220-C,259.95,0.0,0.001,10.0,0.392,3.0,138.09,0.50944,-0.19318,0.41344,0.00208,0.75106
264.8,ETH-27MAR20,1582369140208,open,0.51,112.0,0.495,0.531,0.512376,126.04,0.5185,0.0,ETH-27MAR20-130-C,259.95,94.46,0.5095,1.0,0.0,0.0,0.0,0.03979,-0.07402,0.11482,0.00049,0.97956
282.91,SYN.ETH-25SEP20,1582369140208,open,0.28,540.0,0.205,0.341,0.272023,92.72,0.281,0.0,ETH-25SEP20-280-P,259.95,88.19,0.259,460.0,0.275,460.0,93.76,0.81025,-0.17401,-1.04967,0.00185,-0.35531
261.79,SYN.ETH-6MAR20,1582369140208,open,0.02,11.0,0.0055,0.054,0.025267,108.57,0.032,0.0,ETH-6MAR20-310-C,259.95,104.58,0.023,240.0,0.0275,288.0,112.41,0.15062,-0.63505,0.01924,0.00574,0.23365
260.79,SYN.ETH-28FEB20,1582369140208,open,0.31,1821.0,0.2885,0.3325,0.310235,125.43,0.3165,0.0,ETH-28FEB20-180-C,259.95,0.0,0.0,0.0,0.0,0.0,0.0,0.00725,-0.07733,0.02862,0.00053,0.99201
282.91,SYN.ETH-25SEP20,1582369140208,open,0.07,10.0,0.0305,0.121,0.069873,99.12,0.074,0.0,ETH-25SEP20-680-C,259.95,97.4,0.066,293.0,0.074,200.0,100.91,0.64562,-0.14821,0.2526,0.00138,0.22084
274.7,ETH-26JUN20,1582369140210,open,0.03,3802.0,0.0105,0.068,0.032909,103.42,0.0325,0.0,ETH-26JUN20-640-C,259.95,101.1,0.03,729.0,0.036,609.0,105.78,0.35167,-0.14562,0.09744,0.00132,0.13659
274.7,ETH-26JUN20,1582369140210,open,0.11,5690.0,0.06,0.161,0.108087,99.83,0.112,0.0,ETH-26JUN20-400-C,259.95,97.5,0.103,1.0,0.1135,281.0,102.28,0.60258,-0.24085,0.23916,0.00234,0.36256
264.8,ETH-27MAR20,1582369140210,open,0.33,2566.0,0.3075,0.367,0.337017,109.69,0.317,0.0,ETH-27MAR20-180-C,259.95,0.0,0.05,200.0,0.395,14.0,195.59,0.13427,-0.21737,0.14007,0.00188,0.90696
274.7,ETH-26JUN20,1582369140210,open,0.35,2169.0,0.309,0.3965,0.35355,94.7,0.346,0.0,ETH-26JUN20-200-C,259.95,34.18,0.276,1.0,0.3755,200.0,108.01,0.4467,-0.16938,0.42175,0.00183,0.80231
264.8,ETH-27MAR20,1582369140210,open,0.0,690.0,0.0005,0.0105,0.000931,126.14,0.001,0.0,ETH-27MAR20-110-P,259.95,0.0,0.0,0.0,0.0025,300.0,145.52,0.01493,-0.0278,-0.00185,0.00018,-0.0066
261.79,SYN.ETH-6MAR20,1582369140210,open,0.02,15.0,0.0035,0.0405,0.017276,101.87,0.0165,0.0,ETH-6MAR20-220-P,259.95,97.88,0.0155,536.0,0.019,240.0,105.63,0.11842,-0.46844,-0.01614,0.00481,-0.15752
260.79,SYN.ETH-28FEB20,1582369140210,open,0.2,1414.0,0.1705,0.2275,0.198496,113.46,0.193,0.0,ETH-28FEB20-210-C,259.95,0.0,0.0,0.0,0.0,0.0,0.0,0.03808,-0.36768,0.03124,0.00307,0.94257
282.91,SYN.ETH-25SEP20,1582369140210,open,0.37,498.0,0.3195,0.4245,0.373287,92.72,0.383,0.0,ETH-25SEP20-220-C,259.95,85.05,0.355,120.0,0.396,120.0,102.25,0.67497,-0.14496,0.64858,0.00154,0.76091
260.79,SYN.ETH-28FEB20,1582369140210,open,0.0,1872.0,0.0005,0.0105,3.7e-05,125.55,0.0005,0.0,ETH-28FEB20-160-P,259.95,0.0,0.0,0.0,0.001,5.0,179.18,0.00093,-0.00977,-4e-05,7e-05,-0.00083
274.7,ETH-26JUN20,1582369140212,open,0.04,2223.0,0.014,0.0785,0.040155,103.42,0.047,0.0,ETH-26JUN20-600-C,259.95,101.89,0.038,310.0,0.0425,297.0,105.04,0.39304,-0.16275,0.11387,0.00147,0.16131
274.7,ETH-26JUN20,1582369140212,open,0.15,254.0,0.0975,0.2005,0.147172,94.72,0.136,0.0,ETH-26JUN20-240-P,259.95,91.2,0.14,579.0,0.151,579.0,96.6,0.55972,-0.21228,-0.42145,0.00229,-0.30127
260.79,SYN.ETH-28FEB20,1582369140212,open,0.01,4699.0,0.0005,0.028,0.008104,110.91,0.0085,0.0,ETH-28FEB20-310-C,259.95,104.42,0.0065,599.0,0.01,599.0,117.91,0.06751,-0.63715,0.00484,0.00556,0.12342
261.79,SYN.ETH-6MAR20,1582369140212,open,0.0,0.0,0.0005,0.0145,0.00365,119.49,None,0.0,ETH-6MAR20-180-P,259.95,111.18,0.0025,600.0,0.005,300.0,127.55,0.04014,-0.18625,-0.00379,0.00139,-0.03743
282.91,SYN.ETH-25SEP20,1582369140212,open,0.03,483.0,0.011,0.0475,0.025982,93.98,0.027,0.0,ETH-25SEP20-120-P,259.95,90.69,0.023,550.0,0.029,250.0,97.17,0.26193,-0.05701,-0.14523,0.00059,-0.06081
282.91,SYN.ETH-25SEP20,1582369140212,open,0.09,188.0,0.0425,0.143,0.087855,98.01,0.09,0.0,ETH-25SEP20-600-C,259.95,96.07,0.083,489.0,0.093,200.0,100.02,0.71593,-0.16251,0.30046,0.00154,0.26743
282.91,SYN.ETH-25SEP20,1582369140215,open,1.09,0.0,0.9815,1.183,1.078282,97.25,None,0.0,ETH-25SEP20-560-P,259.95,0.0,0.0,0.0,0.0,0.0,0.0,0.7506,-0.16906,-2.98398,0.00163,-0.70508
261.79,SYN.ETH-6MAR20,1582369140215,open,0.02,22.0,0.004,0.0475,0.020625,111.19,0.0235,0.0,ETH-6MAR20-320-C,259.95,108.02,0.019,240.0,0.0225,532.0,114.75,0.13588,-0.58671,0.01617,0.00505,0.19574
264.8,ETH-27MAR20,1582369140218,open,0.01,4439.0,0.0005,0.0205,0.00615,119.09,0.007,0.0,ETH-27MAR20-520-C,259.95,114.97,0.005,340.0,0.0075,300.0,123.37,0.07864,-0.13822,0.00994,0.00101,0.0466
274.7,ETH-26JUN20,1582369140220,open,0.57,0.0,0.487,0.6455,0.564274,99.85,None,0.0,ETH-26JUN20-400-P,259.95,0.0,0.01,50.0,0.0,0.0,0.0,0.60263,-0.24093,-1.12931,0.00234,-0.63736
264.8,ETH-27MAR20,1582369140222,open,0.98,0.0,0.908,1.04,0.969896,119.09,None,0.0,ETH-27MAR20-520-P,259.95,0.0,0.006,50.0,0.0,0.0,0.0,0.07864,-0.13822,-0.47267,0.00101,-0.9534
274.7,ETH-26JUN20,1582369140229,open,0.23,330.0,0.1695,0.293,0.230121,94.72,0.226,0.0,ETH-26JUN20-280-P,259.95,92.47,0.225,320.0,0.238,523.0,98.21,0.62243,-0.23607,-0.59613,0.00255,-0.40418
274.7,ETH-26JUN20,1582369140246,open,0.01,994.0,0.0025,0.027,0.012487,98.52,0.013,0.0,ETH-26JUN20-120-P,259.95,95.61,0.011,300.0,0.014,200.0,101.32,0.14471,-0.05708,-0.05143,0.00057,-0.04224
264.8,ETH-27MAR20,1582369140248,open,0.27,1706.0,0.214,0.3245,0.267789,104.68,0.198,0.0,ETH-27MAR20-320-P,259.95,0.0,0.15,5.0,0.303,1.0,135.39,0.29287,-0.4525,-0.22997,0.0043,-0.66796
282.91,SYN.ETH-25SEP20,1582369140253,open,0.04,637.0,0.0195,0.0695,0.041529,92.99,0.042,0.0,ETH-25SEP20-140-P,259.95,90.13,0.038,549.0,0.045,549.0,95.74,0.35308,-0.07605,-0.21994,0.0008,-0.08992
264.8,ETH-27MAR20,1582369140257,open,0.01,2284.0,0.0005,0.0155,0.005186,124.34,0.002,0.0,ETH-27MAR20-140-P,259.95,118.3,0.004,300.0,0.0065,301.0,130.19,0.05582,-0.10244,-0.0088,0.00069,-0.03061
282.91,SYN.ETH-25SEP20,1582369140257,open,0.37,275.0,0.293,0.4445,0.367925,93.16,0.36,0.0,ETH-25SEP20-320-P,259.95,82.95,0.337,250.0,1.1175,1.0,500.0,0.85306,-0.18406,-1.32862,0.00193,-0.42612
264.8,ETH-27MAR20,1582369140271,open,0.05,1205.0,0.0215,0.0805,0.047727,101.99,0.046,0.0,ETH-27MAR20-220-P,259.95,99.0,0.045,192.0,0.05,684.0,104.46,0.24258,-0.36517,-0.06729,0.00365,-0.22606
274.7,ETH-26JUN20,1582369140271,open,0.21,1005.0,0.156,0.264,0.21079,94.71,0.217,0.0,ETH-26JUN20-280-C,259.95,92.6,0.206,320.0,0.216,263.0,97.01,0.62243,-0.23603,0.36184,0.00255,0.5958
261.79,SYN.ETH-6MAR20,1582369140271,open,0.18,0.0,0.131,0.226,0.177356,106.36,None,0.0,ETH-6MAR20-300-P,259.95,0.0,0.0,0.0,0.0,0.0,0.0,0.1656,-0.68398,-0.08285,0.00644,-0.71973
264.8,ETH-27MAR20,1582369140273,open,1.13,0.0,1.0545,1.1935,1.119721,124.41,None,0.0,ETH-27MAR20-560-P,259.95,0.0,0.02,50.0,0.0,0.0,0.0,0.06523,-0.11978,-0.51185,0.00081,-0.963
282.91,SYN.ETH-25SEP20,1582369140273,open,0.83,0.0,0.7335,0.9235,0.82601,96.25,None,0.0,ETH-25SEP20-480-P,259.95,0.0,0.0,0.0,0.0,0.0,0.0,0.81808,-0.18237,-2.44399,0.0018,-0.63463
264.8,ETH-27MAR20,1582369140277,open,0.66,33.0,0.65,0.6705,0.660287,126.36,0.665,0.0,ETH-27MAR20-90-C,259.95,0.0,0.0,0.0,0.0,0.0,0.0,0.00362,-0.00675,0.08315,4e-05,0.99863
264.8,ETH-27MAR20,1582369140289,open,0.03,2715.0,0.0105,0.0555,0.029081,105.3,0.026,0.0,ETH-27MAR20-200-P,259.95,102.34,0.027,400.0,0.031,296.0,107.97,0.18831,-0.29266,-0.04408,0.00275,-0.15026
260.79,SYN.ETH-28FEB20,1582369140293,open,0.13,953.0,0.095,0.161,0.128567,101.36,0.11,0.0,ETH-28FEB20-230-C,259.95,0.0,0.015,2.0,0.3,50.0,500.0,0.07676,-0.66213,0.03033,0.00692,0.85112
274.7,ETH-26JUN20,1582369140304,open,0.13,1935.0,0.081,0.187,0.132825,97.99,0.1345,0.0,ETH-26JUN20-360-C,259.95,95.45,0.127,596.0,0.139,276.0,100.68,0.6301,-0.24722,0.27602,0.00249,0.42652
274.7,ETH-26JUN20,1582369140306,open,0.33,240.0,0.261,0.3985,0.328762,95.33,0.337,0.0,ETH-26JUN20-320-P,259.95,87.71,0.311,320.0,0.349,320.0,104.01,0.641,-0.24466,-0.77699,0.0026,-0.49799
261.79,SYN.ETH-6MAR20,1582369140306,open,0.24,0.0,0.215,0.2735,0.243999,109.37,None,0.0,ETH-6MAR20-200-C,259.95,0.0,0.236,1.0,0.0,0.0,0.0,0.07224,-0.30681,0.06254,0.00273,0.92124
264.8,ETH-27MAR20,1582369140310,open,0.08,1981.0,0.0415,0.1165,0.076614,101.96,0.077,0.0,ETH-27MAR20-240-P,259.95,98.64,0.073,400.0,0.079,267.0,104.16,0.28792,-0.43332,-0.09711,0.00434,-0.31851
264.8,ETH-27MAR20,1582369140310,open,0.0,1860.0,0.0005,0.0105,0.000422,126.23,0.001,0.0,ETH-27MAR20-100-P,259.95,0.0,0.0,0.0,0.002,359.0,154.58,0.00786,-0.01465,-0.00089,0.0001,-0.00322
264.8,ETH-27MAR20,1582369140326,open,0.0,1277.0,0.0005,0.0105,0.000166,126.36,0.001,0.0,ETH-27MAR20-90-P,259.95,0.0,0.0,0.0,0.001,100.0,154.43,0.00362,-0.00675,-0.00038,4e-05,-0.00137
260.08,SYN.ETH-23FEB20,1582369140326,open,0.09,0.0,0.0685,0.1245,0.096752,100.43,None,0.0,ETH-23FEB20-235-C,259.95,0.0,0.01,1.0,0.0,0.0,0.0,0.00577,-0.28995,0.00552,0.00354,0.98149
260.08,SYN.ETH-23FEB20,1582369140326,open,0.0,284.0,0.0005,0.0135,0.001011,100.34,0.003,0.0,ETH-23FEB20-240-P,259.95,0.0,0.0,0.0,0.002,6.0,116.85,0.01283,-0.26292,-0.00031,0.00788,-0.04855
260.08,SYN.ETH-23FEB20,1582369140326,open,0.07,0.0,0.049,0.1075,0.078202,100.34,None,0.0,ETH-23FEB20-240-C,259.95,0.0,0.0,0.0,0.0,0.0,0.0,0.01283,-0.64388,0.00545,0.00788,0.95145
260.08,SYN.ETH-23FEB20,1582369140326,open,0.0,37.0,0.0005,0.0105,0.000337,100.43,0.001,0.0,ETH-23FEB20-235-P,259.95,0.0,0.0,0.0,0.001,3.0,120.92,0.00577,-0.08752,-0.00012,0.00354,-0.01851
260.08,SYN.ETH-23FEB20,1582369140328,open,0.03,100.0,0.0025,0.061,0.030376,98.46,0.028,0.0,ETH-23FEB20-255-C,259.95,76.14,0.0265,180.0,0.033,180.0,113.05,0.04628,-2.27828,0.00397,0.02896,0.6674
260.08,SYN.ETH-23FEB20,1582369140328,open,0.0,17.0,0.0005,0.02,0.00258,100.18,0.0015,0.0,ETH-23FEB20-245-P,259.95,86.83,0.0015,3.0,0.004,601.0,114.48,0.02352,-0.67101,-0.00069,0.01447,-0.10722
260.08,SYN.ETH-23FEB20,1582369140328,open,0.02,40.0,0.0005,0.0485,0.019352,98.31,0.019,0.0,ETH-23FEB20-260-C,259.95,91.39,0.018,1.0,0.021,244.0,106.75,0.0508,-2.49704,0.00307,0.03184,0.51201
260.08,SYN.ETH-23FEB20,1582369140328,open,0.04,30.0,0.0115,0.075,0.044233,98.46,0.054,0.0,ETH-23FEB20-250-C,259.95,76.53,0.0415,60.0,0.0475,60.0,120.87,0.03561,-1.75318,0.00472,0.02229,0.80049
282.91,SYN.ETH-25SEP20,1582369140332,open,1.35,0.0,1.239,1.4515,1.340071,98.45,None,0.0,ETH-25SEP20-640-P,259.95,0.0,0.0,0.0,0.0,0.0,0.0,0.67952,-0.15494,-3.51047,0.00146,-0.75794
260.08,SYN.ETH-23FEB20,1582369140332,open,0.06,0.0,0.027,0.095,0.059876,92.94,None,0.0,ETH-23FEB20-275-P,259.95,0.0,0.0565,60.0,0.0625,60.0,116.64,0.02465,-1.14539,-0.0059,0.01634,-0.88551
260.08,SYN.ETH-23FEB20,1582369140332,open,0.01,13.0,0.0005,0.027,0.005355,92.94,0.006,0.0,ETH-23FEB20-270-C,259.95,83.0,0.004,240.0,0.007,5.0,104.11,0.03691,-1.39281,0.00129,0.02447,0.21188
260.08,SYN.ETH-23FEB20,1582369140332,open,0.0,146.0,0.0005,0.0145,0.001202,95.76,0.001,0.0,ETH-23FEB20-280-C,259.95,92.14,0.001,30.0,0.0015,9.0,100.53,0.01528,-0.31273,0.00037,0.00983,0.06052
261.79,SYN.ETH-6MAR20,1582369140332,open,0.01,9.0,0.002,0.031,0.011521,104.61,0.014,0.0,ETH-6MAR20-210-P,259.95,100.21,0.01,600.0,0.013,300.0,108.67,0.09317,-0.37846,-0.01133,0.00368,-0.11118
260.08,SYN.ETH-23FEB20,1582369140332,open,0.01,29.0,0.0005,0.038,0.010861,98.46,0.01,0.0,ETH-23FEB20-255-P,259.95,87.9,0.009,1.0,0.01,1.0,93.6,0.04628,-2.27828,-0.00214,0.02896,-0.33259
260.08,SYN.ETH-23FEB20,1582369140334,open,0.0,27.0,0.0005,0.0195,0.00249,92.94,0.0015,0.0,ETH-23FEB20-275-C,259.95,87.52,0.002,7.0,0.003,1.0,98.11,0.02465,-0.6476,0.0007,0.01634,0.11449
260.08,SYN.ETH-23FEB20,1582369140334,open,0.08,0.0,0.0455,0.1135,0.077813,95.76,None,0.0,ETH-23FEB20-280-P,259.95,0.0,0.0745,60.0,0.0805,60.0,128.67,0.01528,-0.73149,-0.00635,0.00983,-0.93948
260.08,SYN.ETH-23FEB20,1582369140334,open,0.0,6.0,0.0005,0.0105,0.000475,95.76,0.0005,0.0,ETH-23FEB20-285-C,259.95,0.0,0.0,0.0,0.0005,5.0,96.58,0.00793,-0.12345,0.00017,0.0051,0.02695
260.08,SYN.ETH-23FEB20,1582369140334,open,0.01,22.0,0.0005,0.028,0.005493,98.46,0.006,0.0,ETH-23FEB20-250-P,259.95,78.69,0.003,240.0,0.006,1.0,102.12,0.03561,-1.42849,-0.00128,0.02229,-0.19951
260.08,SYN.ETH-23FEB20,1582369140334,open,0.1,0.0,0.064,0.1315,0.096311,95.76,None,0.0,ETH-23FEB20-285-P,259.95,0.0,0.0,0.0,0.0,0.0,0.0,0.00793,-0.37955,-0.00667,0.0051,-0.97305
264.8,ETH-27MAR20,1582369140339,open,0.55,188.0,0.5335,0.565,0.548664,126.08,0.555,0.0,ETH-27MAR20-120-C,259.95,0.0,0.0,0.0,0.0,0.0,0.0,0.02545,-0.04736,0.10794,0.00031,0.98786
274.7,ETH-26JUN20,1582369140341,open,0.08,579.0,0.046,0.123,0.081644,94.72,0.088,0.0,ETH-26JUN20-200-P,259.95,91.23,0.076,581.0,0.085,581.0,96.78,0.44672,-0.16942,-0.26254,0.00183,-0.19771
274.7,ETH-26JUN20,1582369140341,open,0.45,1.0,0.37,0.52,0.443394,98.01,1.827,0.0,ETH-26JUN20-360-P,259.95,0.0,0.015,2.0,1.3,1.0,500.0,0.63012,-0.24728,-0.95561,0.00249,-0.57341
282.91,SYN.ETH-25SEP20,1582369140341,open,0.45,176.0,0.407,0.4945,0.451389,92.72,0.397,0.0,ETH-25SEP20-180-C,259.95,82.21,0.432,120.0,0.477,120.0,106.14,0.53139,-0.11412,0.64868,0.00121,0.83907
261.79,SYN.ETH-6MAR20,1582369140341,open,0.05,38.0,0.0215,0.0885,0.052365,99.39,0.0535,0.0,ETH-6MAR20-250-P,259.95,96.05,0.05,185.0,0.0545,264.0,102.41,0.18513,-0.71453,-0.03871,0.0077,-0.36683
282.91,SYN.ETH-25SEP20,1582369140349,open,0.48,0.0,0.393,0.557,0.473824,94.03,None,0.0,ETH-25SEP20-360-P,259.95,0.0,0.0,0.0,0.0,0.0,0.0,0.86763,-0.18895,-1.61054,0.00195,-0.48871
282.91,SYN.ETH-25SEP20,1582369140351,open,0.1,567.0,0.0505,0.1555,0.09884,97.25,0.1,0.0,ETH-25SEP20-560-C,259.95,95.03,0.093,287.0,0.105,200.0,99.55,0.7506,-0.16906,0.32808,0.00163,0.29492
274.7,ETH-26JUN20,1582369140355,open,0.0,1845.0,0.0005,0.012,0.002186,124.79,0.001,0.0,ETH-26JUN20-60-P,259.95,111.93,0.001,50.0,0.004,300.0,137.56,0.03193,-0.01596,-0.00878,0.0001,-0.00716
282.91,SYN.ETH-25SEP20,1582369140355,open,0.01,615.0,0.0005,0.017,0.007434,98.17,0.009,0.0,ETH-25SEP20-80-P,259.95,94.12,0.006,550.0,0.009,250.0,102.14,0.10606,-0.02412,-0.04617,0.00023,-0.02016
282.91,SYN.ETH-25SEP20,1582369140355,open,0.71,0.0,0.6135,0.796,0.702612,95.05,None,0.0,ETH-25SEP20-440-P,259.95,0.0,0.0,0.0,0.0,0.0,0.0,0.84361,-0.18572,-2.17008,0.00187,-0.59433
264.8,ETH-27MAR20,1582369140357,open,0.0,6972.0,0.0005,0.012,0.002348,127.4,0.0045,0.0,ETH-27MAR20-640-C,259.95,120.37,0.0015,14.0,0.0035,300.0,134.56,0.03701,-0.0696,0.00404,0.00045,0.01877
274.7,ETH-26JUN20,1582369140357,open,0.06,1351.0,0.028,0.0905,0.05625,94.72,0.057,0.0,ETH-26JUN20-180-P,259.95,91.56,0.052,590.0,0.059,590.0,96.73,0.37324,-0.14155,-0.19305,0.00153,-0.14917
264.8,ETH-27MAR20,1582369140357,open,0.03,4514.0,0.0125,0.067,0.035363,107.38,0.0405,0.0,ETH-27MAR20-360-C,259.95,104.73,0.033,650.0,0.038,650.0,110.28,0.23829,-0.37769,0.04515,0.00341,0.21909
264.8,ETH-27MAR20,1582369140360,open,0.21,2534.0,0.1775,0.2545,0.216912,101.99,0.213,0.0,ETH-27MAR20-220-C,259.95,0.0,0.08,2.0,0.232,200.0,118.09,0.24258,-0.36517,0.1369,0.00365,0.77394
274.7,ETH-26JUN20,1582369140360,open,0.02,50.0,0.0065,0.0535,0.023547,104.55,0.028,0.0,ETH-26JUN20-720-C,259.95,97.73,0.017,300.0,0.0275,300.0,108.2,0.28623,-0.11983,0.0738,0.00106,0.10207
260.79,SYN.ETH-28FEB20,1582369140360,open,0.62,51.0,0.605,0.6275,0.616552,151.86,0.6195,0.0,ETH-28FEB20-100-C,259.95,0.0,0.0,0.0,0.0,0.0,0.0,0.0,0.0,0.0161,0.0,1.0
260.79,SYN.ETH-28FEB20,1582369140360,open,0.27,0.0,0.229,0.315,0.26928,116.33,None,0.0,ETH-28FEB20-330-P,259.95,0.0,0.0,0.0,0.0,0.0,0.0,0.04152,-0.41107,-0.05059,0.00326,-0.93586
264.8,ETH-27MAR20,1582369140363,open,0.02,3571.0,0.006,0.049,0.022402,111.33,0.0215,0.0,ETH-27MAR20-400-C,259.95,109.31,0.021,1.0,0.024,658.0,113.57,0.18611,-0.30582,0.03078,0.00257,0.14764
282.91,SYN.ETH-25SEP20,1582369140363,open,1.62,0.0,1.5025,1.7255,1.607867,99.69,None,0.0,ETH-25SEP20-720-P,259.95,0.0,0.0,0.0,0.0,0.0,0.0,0.61248,-0.14142,-4.02583,0.0013,-0.79815
274.7,ETH-26JUN20,1582369140366,open,0.78,42.0,0.774,0.7935,0.783757,124.72,0.7865,0.0,ETH-26JUN20-60-C,259.95,0.0,0.01,50.0,0.0,0.0,0.0,0.03186,-0.01591,0.19652,0.0001,0.99286
264.8,ETH-27MAR20,1582369140366,open,0.4,2337.0,0.381,0.4315,0.405481,116.88,0.46,0.0,ETH-27MAR20-160-C,259.95,0.0,0.3955,1.0,0.52,50.0,302.03,0.0905,-0.15611,0.13245,0.00119,0.94441
282.91,SYN.ETH-25SEP20,1582369140366,open,0.24,412.0,0.174,0.298,0.236816,93.16,0.265,0.0,ETH-25SEP20-320-C,259.95,91.23,0.231,489.0,0.243,489.0,95.21,0.85306,-0.18406,0.56399,0.00193,0.57388
282.91,SYN.ETH-25SEP20,1582369140366,open,0.15,245.0,0.0895,0.2085,0.147337,95.05,0.151,0.0,ETH-25SEP20-440-C,259.95,92.92,0.141,490.0,0.154,210.0,97.28,0.84361,-0.18572,0.43226,0.00187,0.40567
264.8,ETH-27MAR20,1582369140368,open,0.0,275.0,0.0005,0.0105,1.4e-05,126.85,0.003,0.0,ETH-27MAR20-70-P,259.95,0.0,0.0,0.0,0.003,300.0,221.04,0.00043,-0.00081,-4e-05,1e-05,-0.00014
260.79,SYN.ETH-28FEB20,1582369140368,open,0.0,62.0,0.0005,0.0185,0.0039,116.33,0.0055,0.0,ETH-28FEB20-330-C,259.95,110.28,0.003,300.0,0.005,101.0,122.79,0.04152,-0.41107,0.00253,0.00326,0.06414
274.7,ETH-26JUN20,1582369140378,open,0.07,1026.0,0.0315,0.1155,0.068861,100.25,0.0745,0.0,ETH-26JUN20-480-C,259.95,98.18,0.065,609.0,0.073,609.0,102.43,0.51603,-0.20713,0.17501,0.00199,0.25508
261.79,SYN.ETH-6MAR20,1582369140387,open,0.09,0.0,0.0595,0.1345,0.097413,99.39,None,0.0,ETH-6MAR20-250-C,259.95,94.56,0.094,405.0,0.1015,180.0,105.16,0.18513,-0.71453,0.04948,0.0077,0.63317
282.91,SYN.ETH-25SEP20,1582369140389,open,0.06,238.0,0.033,0.097,0.062178,92.72,0.064,0.0,ETH-25SEP20-160-P,259.95,89.4,0.057,543.0,0.065,543.0,94.51,0.44506,-0.09558,-0.31132,0.00101,-0.12388
9648.04,SYN.BTC-23FEB20,1582369140389,open,0.02,44.6,0.0005,0.036,0.01432635,40.47,0.013,0.0,BTC-23FEB20-9750-P,9643.51,25.72,0.012,6.0,0.015,6.0,44.37,1.64654,-33.3185,-0.16502,0.00182,-0.69861
9648.04,SYN.BTC-23FEB20,1582369140389,open,0.0,49.2,0.0005,0.018,0.00231304,39.51,0.002,0.0,BTC-23FEB20-9500-P,9643.51,37.25,0.002,24.0,0.003,20.0,44.23,1.35958,-22.31631,-0.049,0.00154,-0.20937
9648.04,SYN.BTC-23FEB20,1582369140389,open,0.03,0.4,0.0095,0.0495,0.0295422,47.97,0.028,0.0,BTC-23FEB20-9375-C,9643.51,31.9,0.0285,6.0,0.031,6.0,61.47,0.88093,-21.12868,0.19948,0.00082,0.89132
9648.04,SYN.BTC-23FEB20,1582369140389,open,0.01,56.0,0.0005,0.0265,0.00627272,37.94,0.008,0.0,BTC-23FEB20-9625-P,9643.51,31.36,0.005,19.0,0.007,30.0,41.7,1.86744,-35.429,-0.10449,0.0022,-0.44515
9648.04,SYN.BTC-23FEB20,1582369140395,open,0.03,0.0,0.0055,0.047,0.02475854,40.93,None,0.0,BTC-23FEB20-9875-P,9643.51,0.0,0.023,6.0,0.0255,6.0,47.61,0.97334,-19.91748,-0.20825,0.00106,-0.8749
260.79,SYN.ETH-28FEB20,1582369140395,open,0.42,672.0,0.4075,0.4415,0.424835,125.58,0.4295,0.0,ETH-28FEB20-150-C,259.95,0.0,0.0,0.0,0.0,0.0,0.0,0.00024,-0.00258,0.02414,2e-05,0.99981
264.8,ETH-27MAR20,1582369140434,open,1.28,0.0,1.2005,1.3455,1.269252,126.06,None,0.0,ETH-27MAR20-600-P,259.95,0.0,0.03,50.0,0.0,0.0,0.0,0.04922,-0.09158,-0.55123,0.0006,-0.97368
260.79,SYN.ETH-28FEB20,1582369140434,open,0.38,534.0,0.3675,0.405,0.38652,125.56,0.368,0.0,ETH-28FEB20-160-C,259.95,0.0,0.05,4.0,0.0,0.0,0.0,0.00093,-0.00999,0.02572,7e-05,0.99917
260.79,SYN.ETH-28FEB20,1582369140434,open,0.03,807.0,0.009,0.068,0.035859,100.26,0.0375,0.0,ETH-28FEB20-270-C,259.95,95.49,0.0335,264.0,0.0385,99.0,105.58,0.12915,-1.10183,0.01601,0.01177,0.41715
282.91,SYN.ETH-25SEP20,1582369140436,open,0.01,416.0,0.005,0.03,0.014968,95.87,0.009,0.0,ETH-25SEP20-100-P,259.95,92.65,0.013,550.0,0.017,250.0,99.0,0.1783,-0.03959,-0.08797,0.00039,-0.03761
282.91,SYN.ETH-25SEP20,1582369140436,open,0.11,346.0,0.0615,0.1725,0.113366,96.98,0.113,0.0,ETH-25SEP20-520-C,259.95,95.77,0.11,293.0,0.117,210.0,98.28,0.78678,-0.17673,0.36047,0.00171,0.3288
282.91,SYN.ETH-25SEP20,1582369140436,open,0.04,1.0,0.0145,0.0845,0.042215,101.38,0.0455,0.0,ETH-25SEP20-880-C,259.95,96.09,0.0335,299.0,0.052,299.0,106.74,0.49196,-0.11552,0.16913,0.00103,0.1433
260.79,SYN.ETH-28FEB20,1582369140440,open,0.0,1339.0,0.0005,0.0105,0.0,125.57,0.002,0.0,ETH-28FEB20-80-P,259.95,0.0,0.0,0.0,0.001,40.0,404.2,0.0,0.0,0.0,0.0,0.0
261.79,SYN.ETH-6MAR20,1582369140440,open,0.32,0.0,0.2655,0.3645,0.312394,115.46,None,0.0,ETH-6MAR20-340-P,259.95,0.0,0.0,0.0,0.0,0.0,0.0,0.10748,-0.48193,-0.10861,0.00385,-0.86366
260.79,SYN.ETH-28FEB20,1582369140446,open,0.0,830.0,0.0005,0.0105,0.0,125.57,0.001,0.0,ETH-28FEB20-90-P,259.95,0.0,0.0,0.0,0.049,6.0,500.0,0.0,0.0,0.0,0.0,0.0
274.7,ETH-26JUN20,1582369140581,open,0.01,829.0,0.0005,0.0165,0.00664,102.54,0.006,0.0,ETH-26JUN20-100-P,259.95,97.11,0.005,300.0,0.0085,1.0,107.88,0.08944,-0.03672,-0.02841,0.00034,-0.02359
264.8,ETH-27MAR20,1582369140581,open,0.27,3396.0,0.239,0.308,0.273794,105.3,0.261,0.0,ETH-27MAR20-200-C,259.95,85.74,0.261,116.0,0.291,200.0,127.96,0.18831,-0.29266,0.14154,0.00275,0.84974
264.8,ETH-27MAR20,1582369140581,open,0.0,1405.0,0.0005,0.0115,0.001836,126.08,0.001,0.0,ETH-27MAR20-120-P,259.95,115.62,0.001,300.0,0.003,5.0,136.37,0.02545,-0.04736,-0.00343,0.00031,-0.01214
264.8,ETH-27MAR20,1582369140581,open,0.01,1530.0,0.0005,0.0175,0.004918,124.41,0.005,0.0,ETH-27MAR20-560-C,259.95,120.44,0.004,50.0,0.006,300.0,128.53,0.06523,-0.11978,0.00788,0.00081,0.037
261.79,SYN.ETH-6MAR20,1582369140581,open,0.35,0.0,0.3015,0.4005,0.348111,117.48,None,0.0,ETH-6MAR20-350-P,259.95,0.0,0.0,0.0,0.0,0.0,0.0,0.09483,-0.43263,-0.11397,0.00334,-0.88603
260.79,SYN.ETH-28FEB20,1582369140581,open,0.01,537.0,0.0005,0.032,0.010498,101.36,0.0095,0.0,ETH-28FEB20-230-P,259.95,96.14,0.009,598.0,0.012,310.0,106.35,0.07676,-0.66213,-0.00669,0.00692,-0.14888
260.79,SYN.ETH-28FEB20,1582369140581,open,0.03,2094.0,0.0065,0.0615,0.03005,96.75,0.035,0.0,ETH-28FEB20-250-P,259.95,91.27,0.0275,200.0,0.0325,271.0,102.0,0.12158,-1.00102,-0.01564,0.01148,-0.34251
260.79,SYN.ETH-28FEB20,1582369140581,open,0.0,1208.0,0.0005,0.011,0.001122,120.34,0.0005,0.0,ETH-28FEB20-360-C,259.95,107.9,0.0005,300.0,0.002,35.0,131.65,0.01664,-0.17044,0.00083,0.00126,0.02092
282.91,SYN.ETH-25SEP20,1582369140581,open,1.89,0.0,1.7685,2.002,1.878587,100.4,None,0.0,ETH-25SEP20-800-P,259.95,0.0,0.0,0.0,0.0,0.0,0.0,0.54737,-0.12728,-4.53467,0.00115,-0.83154
260.79,SYN.ETH-28FEB20,1582369140581,open,0.39,0.0,0.3405,0.428,0.381536,120.34,None,0.0,ETH-28FEB20-360-P,259.95,0.0,0.0,0.0,0.0,0.0,0.0,0.01664,-0.17043,-0.05712,0.00126,-0.97908
282.91,SYN.ETH-25SEP20,1582369140581,open,0.05,0.0,0.0165,0.0905,0.046498,101.04,None,0.0,ETH-25SEP20-840-C,259.95,95.91,0.0375,298.0,0.0565,298.0,106.25,0.52016,-0.12173,0.18285,0.00109,0.15578
274.7,ETH-26JUN20,1582369140586,open,0.71,0.0,0.7005,0.723,0.711037,102.47,None,0.0,ETH-26JUN20-80-C,259.95,0.0,0.01,50.0,0.0,0.0,0.0,0.03977,-0.01631,0.26294,0.00015,0.99081
274.7,ETH-26JUN20,1582369140589,open,0.0,2429.0,0.0005,0.012,0.002274,102.54,0.003,0.0,ETH-26JUN20-80-P,259.95,91.36,0.001,300.0,0.004,1.0,112.41,0.03988,-0.01637,-0.0108,0.00015,-0.00922
260.79,SYN.ETH-28FEB20,1582369140591,open,0.2,2.0,0.156,0.242,0.196794,110.91,0.18,0.0,ETH-28FEB20-310-P,259.95,0.0,0.001,1.0,0.0,0.0,0.0,0.06751,-0.63715,-0.04506,0.00556,-0.87658
282.91,SYN.ETH-25SEP20,1582369140591,open,0.15,599.0,0.1005,0.205,0.150925,92.72,0.1605,0.0,ETH-25SEP20-220-P,259.95,88.56,0.141,508.0,0.152,508.0,93.17,0.67497,-0.14496,-0.65259,0.00154,-0.23909
260.79,SYN.ETH-28FEB20,1582369140591,open,0.02,749.0,0.002,0.0425,0.016649,104.2,0.014,0.0,ETH-28FEB20-290-C,259.95,99.87,0.015,286.0,0.0185,5.0,108.93,0.10062,-0.8922,0.00898,0.00882,0.2306
274.7,ETH-26JUN20,1582369140593,open,1.52,0.0,1.4145,1.605,1.503913,104.63,None,0.0,ETH-26JUN20-680-P,259.95,0.0,0.0,0.0,0.0,0.0,0.0,0.32139,-0.13465,-2.24046,0.00119,-0.88001
260.79,SYN.ETH-28FEB20,1582369140593,open,0.0,838.0,0.0005,0.0105,0.0,125.57,0.001,0.0,ETH-28FEB20-110-P,259.95,0.0,0.0,0.0,0.003,300.0,354.28,0.0,0.0,0.0,0.0,0.0
261.79,SYN.ETH-6MAR20,1582369140598,open,0.07,3.0,0.0345,0.1095,0.070131,98.58,0.0735,0.0,ETH-6MAR20-260-P,259.95,94.37,0.067,180.0,0.073,99.0,102.44,0.19452,-0.74463,-0.04789,0.00816,-0.4484
261.79,SYN.ETH-6MAR20,1582369140605,open,0.28,0.0,0.2535,0.3075,0.279947,115.66,None,0.0,ETH-6MAR20-190-C,259.95,0.0,0.0,0.0,0.0,0.0,0.0,0.05594,-0.25124,0.06127,0.002,0.94342
260.79,SYN.ETH-28FEB20,1582369140607,open,0.54,129.0,0.526,0.553,0.539862,128.35,0.5435,0.0,ETH-28FEB20-120-C,259.95,0.0,0.0,0.0,0.0,0.0,0.0,0.0,-1e-05,0.01932,0.0,1.0
260.79,SYN.ETH-28FEB20,1582369140607,open,0.0,192.0,0.0005,0.012,0.001819,120.34,0.003,0.0,ETH-28FEB20-350-C,259.95,109.67,0.001,300.0,0.003,5.0,131.37,0.02382,-0.24392,0.00127,0.00181,0.03211
260.79,SYN.ETH-28FEB20,1582369140607,open,0.0,1428.0,0.0005,0.017,0.003738,113.46,0.005,0.0,ETH-28FEB20-210-P,259.95,108.12,0.003,300.0,0.0045,5.0,118.43,0.03808,-0.36768,-0.00257,0.00307,-0.05743
261.79,SYN.ETH-6MAR20,1582369140696,open,0.04,6.0,0.013,0.0725,0.039416,104.5,0.05,0.0,ETH-6MAR20-290-C,259.95,100.22,0.0365,516.0,0.0425,516.0,108.98,0.17935,-0.72781,0.0274,0.0071,0.33606
274.7,ETH-26JUN20,1582369140700,open,0.64,1.0,0.627,0.66,0.642593,102.5,0.38,0.0,ETH-26JUN20-100-C,259.95,0.0,0.6355,1.0,0.0,0.0,0.0,0.08934,-0.03667,0.31376,0.00034,0.97644
282.91,SYN.ETH-25SEP20,1582369140742,open,2.17,0.0,2.038,2.2825,2.152765,101.38,None,0.0,ETH-25SEP20-880-P,259.95,0.0,0.0,0.0,0.0,0.0,0.0,0.49196,-0.11552,-5.03554,0.00103,-0.8567
260.79,SYN.ETH-28FEB20,1582369140774,open,0.01,531.0,0.0005,0.0215,0.00506,110.91,0.005,0.0,ETH-28FEB20-320-C,259.95,107.94,0.0045,300.0,0.005,50.0,110.6,0.05068,-0.47835,0.00328,0.00417,0.08324
260.79,SYN.ETH-28FEB20,1582369140804,open,0.07,2019.0,0.036,0.106,0.071428,96.75,0.067,0.0,ETH-28FEB20-250-C,259.95,91.53,0.069,204.0,0.076,180.0,106.51,0.12158,-1.00102,0.0246,0.01148,0.65749
9819.5,BTC-27MAR20,1582369141806,open,0.16,268.9,0.123,0.1885,0.1531883,61.42,0.153,0.0,BTC-27MAR20-11000-P,9643.51,58.88,0.1505,3.0,0.165,15.0,72.22,10.46232,-9.48535,-7.73962,0.00019,-0.69606
10108.03,BTC-26JUN20,1582369141835,open,0.09,575.7,0.0585,0.1325,0.09060259,66.35,0.09,0.0,BTC-26JUN20-12000-C,9643.51,65.64,0.089,19.7,0.0925,3.0,67.19,22.87219,-6.07636,10.77038,0.0001,0.40205
10108.03,BTC-26JUN20,1582369141850,open,0.1,807.0,0.061,0.131,0.09145385,63.67,0.09,0.0,BTC-26JUN20-9000-P,9643.51,62.23,0.0885,7.9,0.092,32.1,63.93,20.83634,-5.31177,-13.85723,9e-05,-0.30925
10108.03,BTC-26JUN20,1582369141852,open,0.42,72.7,0.401,0.4415,0.41912887,67.03,0.44,0.0,BTC-26JUN20-6000-C,9643.51,31.19,0.4065,0.1,0.0,0.0,0.0,7.35773,-1.97463,17.89331,3e-05,0.93654
9710.4,SYN.BTC-6MAR20,1582369141861,open,0.02,34.4,0.0075,0.047,0.01715436,49.24,0.0165,0.0,BTC-6MAR20-9250-P,9643.51,48.21,0.0165,24.0,0.018,23.0,50.57,6.17989,-11.81776,-1.03109,0.00038,-0.28385
10396.56,SYN.BTC-25SEP20,1582369141871,open,0.22,250.7,0.1735,0.2625,0.21431309,65.37,0.228,0.0,BTC-25SEP20-10000-C,9643.51,64.06,0.2105,11.8,0.2175,11.8,66.46,30.21984,-4.57521,25.48739,7e-05,0.62881
10108.03,BTC-26JUN20,1582369141886,open,0.15,761.6,0.105,0.187,0.1416423,63.67,0.1435,0.0,BTC-26JUN20-10000-P,9643.51,62.95,0.14,4.9,0.1435,3.0,64.48,23.04763,-5.87549,-19.24508,0.0001,-0.41486
10396.56,SYN.BTC-25SEP20,1582369142000,open,0.53,1.0,0.5155,0.5515,0.53110397,66.74,0.581,0.0,BTC-25SEP20-5000-C,9643.51,51.53,0.5225,0.1,0.0,0.0,0.0,7.74127,-1.19668,25.9911,2e-05,0.9538
260.08,SYN.ETH-23FEB20,1582369142694,open,0.06,0.0,0.029,0.091,0.060546,100.19,None,0.0,ETH-23FEB20-245-C,259.96,47.19,0.058,60.0,0.0645,60.0,136.0,0.02352,-1.17824,0.00519,0.01447,0.89276
261.79,SYN.ETH-6MAR20,1582369142694,open,0.17,0.0,0.1425,0.2105,0.176918,101.87,None,0.0,ETH-6MAR20-220-C,259.96,0.0,0.0,0.0,0.0,0.0,0.0,0.11841,-0.46842,0.06147,0.00481,0.84249
274.71,ETH-26JUN20,1582369142697,open,0.16,1909.0,0.11,0.218,0.163828,95.31,0.166,0.0,ETH-26JUN20-320-C,259.96,93.67,0.16,590.0,0.168,279.0,97.1,0.64102,-0.24463,0.31783,0.0026,0.502
274.71,ETH-26JUN20,1582369142697,open,0.96,0.0,0.868,1.04,0.94984,101.33,None,0.0,ETH-26JUN20-520-P,259.96,0.0,0.01,50.0,0.0,0.0,0.0,0.47277,-0.1918,-1.62806,0.00181,-0.78241
260.08,SYN.ETH-23FEB20,1582369142694,open,0.03,105.0,0.002,0.0625,0.029286,92.68,0.0295,0.0,ETH-23FEB20-265-P,259.96,71.23,0.0255,180.0,0.032,369.0,107.49,0.04709,-2.18213,-0.00425,0.03131,-0.65192
274.71,ETH-26JUN20,1582369142697,open,0.51,528.0,0.4865,0.541,0.513106,97.09,0.565,0.0,ETH-26JUN20-140-C,259.96,0.0,0.49,1.0,3.97,1.0,500.0,0.21729,-0.08447,0.3912,0.00087,0.92935
274.71,ETH-26JUN20,1582369142697,open,1.66,0.0,1.553,1.7485,1.644592,104.65,None,0.0,ETH-26JUN20-720-P,259.96,0.0,0.0,0.0,0.0,0.0,0.0,0.28687,-0.1202,-2.3893,0.00106,-0.89762
274.71,ETH-26JUN20,1582369142698,open,1.09,0.0,1.0025,1.1795,1.086235,102.47,None,0.0,ETH-26JUN20-560-P,259.96,0.0,0.01,50.0,0.0,0.0,0.0,0.43195,-0.17723,-1.78489,0.00163,-0.81288
264.81,ETH-27MAR20,1582369142698,open,0.47,662.0,0.4565,0.498,0.476485,124.25,0.482,0.0,ETH-27MAR20-140-C,259.96,0.0,0.471,1.0,0.588,100.0,342.21,0.05569,-0.10214,0.12116,0.00069,0.96947
274.71,ETH-26JUN20,1582369142698,open,1.37,0.0,1.2755,1.461,1.362728,103.48,None,0.0,ETH-26JUN20-640-P,259.96,0.0,0.01,50.0,0.0,0.0,0.0,0.35213,-0.14591,-2.092,0.00132,-0.86315
274.71,ETH-26JUN20,1582369142698,open,0.82,0.0,0.736,0.9035,0.81623,100.29,None,0.0,ETH-26JUN20-480-P,259.96,0.0,0.01,50.0,0.0,0.0,0.0,0.51622,-0.20728,-1.4671,0.00199,-0.74476
260.22,SYN.ETH-24FEB20,1582369142694,open,1.0,0.0005,0.0365,0.011596,90.0,0.01,0.0,ETH-24FEB20-270-C,259.96,74.97,0.008,265.0,0.0155,365.0,105.42,0.06433,-1.54343,0.00379,0.02054,0.29471
274.71,ETH-26JUN20,1582369142699,open,0.11,198.0,0.069,0.1595,0.112036,94.72,0.12,0.0,ETH-26JUN20-220-P,259.96,91.46,0.106,571.0,0.115,571.0,96.32,0.50944,-0.19322,-0.33925,0.00208,-0.24893
274.71,ETH-26JUN20,1582369142700,open,0.45,395.0,0.421,0.4875,0.454092,95.2,0.439,0.0,ETH-26JUN20-160-C,259.96,0.0,0.4175,1.0,3.99,1.0,500.0,0.29379,-0.11199,0.41363,0.0012,0.8942
261.79,SYN.ETH-6MAR20,1582369142696,open,0.1,0.0,0.053,0.1365,0.093488,101.07,None,0.0,ETH-6MAR20-270-P,259.96,95.74,0.0895,180.0,0.096,307.0,104.43,0.19571,-0.76815,-0.0573,0.00801,-0.52698
261.79,SYN.ETH-6MAR20,1582369142694,open,0.05,119.0,0.019,0.0835,0.049222,102.32,0.06,0.0,ETH-6MAR20-280-C,259.96,98.56,0.0465,509.0,0.052,100.0,106.14,0.18994,-0.75474,0.03238,0.00768,0.39984
282.92,SYN.ETH-25SEP20,1582369142694,open,0.72,1.0,0.7115,0.7395,0.724657,98.15,0.684,0.0,ETH-25SEP20-80-C,259.96,0.0,0.717,2.0,0.0,0.0,0.0,0.10598,-0.02409,0.42703,0.00023,0.97986
282.92,SYN.ETH-25SEP20,1582369142697,open,0.06,28.0,0.0225,0.105,0.057128,100.39,0.059,0.0,ETH-25SEP20-760-C,259.96,98.61,0.0535,296.0,0.061,496.0,102.25,0.58217,-0.13537,0.21516,0.00122,0.18571
261.79,SYN.ETH-6MAR20,1582369142696,open,0.06,171.0,0.0285,0.098,0.06214,101.07,0.0775,0.0,ETH-6MAR20-270-C,259.96,96.87,0.059,441.0,0.0655,360.0,105.57,0.19571,-0.76815,0.03794,0.00801,0.47302
282.92,SYN.ETH-25SEP20,1582369142698,open,0.12,389.0,0.0735,0.1655,0.117324,92.73,0.09,0.0,ETH-25SEP20-200-P,259.96,88.85,0.109,517.0,0.119,517.0,93.51,0.60847,-0.13068,-0.53036,0.00139,-0.19963
282.92,SYN.ETH-25SEP20,1582369142697,open,0.28,912.0,0.221,0.341,0.282306,92.72,0.2965,0.0,ETH-25SEP20-280-C,259.96,90.87,0.277,485.0,0.288,265.0,94.71,0.81026,-0.17401,0.6064,0.00185,0.64471
261.79,SYN.ETH-6MAR20,1582369142698,open,0.03,30.0,0.0065,0.0535,0.025539,99.99,0.027,0.0,ETH-6MAR20-230-P,259.96,96.26,0.0235,240.0,0.0275,528.0,103.52,0.14433,-0.56041,-0.02237,0.00597,-0.21671
260.08,SYN.ETH-23FEB20,1582369142694,open,0.02,4.0,0.0005,0.0505,0.019065,98.33,0.0185,0.0,ETH-23FEB20-260-P,259.96,72.4,0.014,180.0,0.02,252.0,103.12,0.0508,-2.49742,-0.00316,0.03184,-0.48799
282.92,SYN.ETH-25SEP20,1582369142698,open,0.5,168.0,0.4585,0.5345,0.496626,92.72,0.546,0.0,ETH-25SEP20-160-C,259.96,34.11,0.4355,1.0,0.0,0.0,0.0,0.44504,-0.09557,0.63504,0.00101,0.87614
260.08,SYN.ETH-23FEB20,1582369142694,open,0.01,20.0,0.0005,0.036,0.010351,92.68,0.0135,0.0,ETH-23FEB20-265-C,259.96,79.51,0.008,508.0,0.013,370.0,107.14,0.04709,-2.18213,0.00211,0.03131,0.34808
282.92,SYN.ETH-25SEP20,1582369142698,open,0.13,530.0,0.074,0.1895,0.129349,96.24,0.13,0.0,ETH-25SEP20-480-C,259.96,94.39,0.124,282.0,0.135,210.0,98.19,0.81811,-0.18237,0.39495,0.0018,0.36538
282.92,SYN.ETH-25SEP20,1582369142698,open,1.48,0.0,1.37,1.588,1.473482,99.15,None,0.0,ETH-25SEP20-680-P,259.96,0.0,0.0,0.0,0.0,0.0,0.0,0.64595,-0.14834,-3.76903,0.00138,-0.77898
282.92,SYN.ETH-25SEP20,1582369142694,open,0.17,463.0,0.111,0.2335,0.171338,94.44,0.18,0.0,ETH-25SEP20-400-C,259.96,92.69,0.166,277.0,0.177,210.0,96.3,0.86243,-0.18865,0.47426,0.00193,0.45476
282.92,SYN.ETH-25SEP20,1582369142705,open,0.2,646.0,0.139,0.2635,0.201329,94.02,0.1905,0.0,ETH-25SEP20-360-C,259.96,92.29,0.196,274.0,0.207,484.0,95.87,0.86767,-0.18895,0.51867,0.00195,0.5113
261.79,SYN.ETH-6MAR20,1582369142698,open,0.04,16.0,0.0125,0.0695,0.037206,99.39,0.036,0.0,ETH-6MAR20-240-P,259.96,94.36,0.034,517.0,0.0395,517.0,102.96,0.16779,-0.6476,-0.03004,0.00698,-0.2881
282.92,SYN.ETH-25SEP20,1582369142699,open,0.09,1066.0,0.051,0.1295,0.08764,92.73,0.066,0.0,ETH-25SEP20-180-P,259.96,89.17,0.081,240.0,0.089,285.0,93.45,0.53139,-0.11413,-0.41592,0.00121,-0.16092
260.08,SYN.ETH-23FEB20,1582369142694,open,0.05,100.0,0.0105,0.0785,0.043518,92.95,0.053,0.0,ETH-23FEB20-270-P,259.96,64.29,0.04,60.0,0.046,60.0,109.56,0.03691,-1.71537,-0.00519,0.02447,-0.78809
274.71,ETH-26JUN20,1582369142726,open,0.35,2169.0,0.309,0.3965,0.35357,94.71,0.346,0.0,ETH-26JUN20-200-C,259.96,34.13,0.276,1.0,0.376,200.0,108.3,0.44669,-0.16938,0.42176,0.00183,0.80232
274.71,ETH-26JUN20,1582369142734,open,0.35,2169.0,0.309,0.3965,0.35357,94.71,0.346,0.0,ETH-26JUN20-200-C,259.96,35.0,0.2765,1.0,0.376,200.0,108.3,0.44669,-0.16938,0.42176,0.00183,0.80232
9648.06,SYN.BTC-23FEB20,1582369143020,open,0.09,0.0,0.067,0.1105,0.08830407,50.9,None,0.0,BTC-23FEB20-10500-P,9643.51,0.0,0.0005,0.1,0.0,0.0,0.0,0.00619,-0.15764,-0.25183,1e-05,-0.99964
9648.06,SYN.BTC-23FEB20,1582369143020,open,0.0,11.5,0.0005,0.0105,7e-08,41.49,0.001,0.0,BTC-23FEB20-10500-C,9643.51,0.0,0.0,0.0,0.0005,10.2,90.52,0.00034,-0.0007,0.0,0.0,2e-05
9648.06,SYN.BTC-23FEB20,1582369143020,open,0.08,0.0,0.0615,0.098,0.08012508,0.0,None,0.0,BTC-23FEB20-8875-C,9643.51,0.0,0.001,0.1,0.0,0.0,0.0,0.0,0.0,0.21293,0.0,1.0
9648.06,SYN.BTC-23FEB20,1582369143020,open,0.0,5.5,0.0005,0.0105,1.08e-06,48.03,0.0005,0.0,BTC-23FEB20-8875-P,9643.51,0.0,0.0,0.0,0.0005,30.4,90.82,0.00331,-0.01041,-4e-05,0.0,-0.00018
9653.25,SYN.BTC-24FEB20,1582369143284,open,0.3,0.0005,0.031,0.00930487,37.49,0.01,0.0,BTC-24FEB20-9625-P,9643.51,32.89,0.008,23.0,0.0105,20.2,41.69,2.74005,-27.38088,-0.22847,0.00153,-0.45125
9653.25,SYN.BTC-24FEB20,1582369143284,open,0.0,0.062,0.1,0.08084469,55.0,None,0.0,BTC-24FEB20-8875-C,9643.51,0.0,0.0005,0.1,0.0,0.0,0.0,0.27271,-3.99824,0.44817,0.0001,0.98429
9653.25,SYN.BTC-24FEB20,1582369143284,open,0.0,0.036,0.076,0.05574818,51.85,None,0.0,BTC-24FEB20-9125-C,9643.51,0.0,0.002,0.1,0.0,0.0,0.0,0.85288,-11.7876,0.43733,0.00034,0.93733
9653.25,SYN.BTC-24FEB20,1582369143284,open,0.0,0.0005,0.011,0.00102718,51.87,None,0.0,BTC-24FEB20-9125-P,9643.51,44.77,0.0005,20.1,0.0015,0.1,56.71,0.8537,-9.91561,-0.03164,0.00034,-0.06275
9653.25,SYN.BTC-24FEB20,1582369143284,open,0.2,0.0015,0.034,0.01222977,37.48,0.0125,0.0,BTC-24FEB20-9625-C,9643.51,31.38,0.0105,17.3,0.014,0.4,43.71,2.74005,-27.37555,0.26616,0.00153,0.54876
9653.25,SYN.BTC-24FEB20,1582369143284,open,0.0,0.0005,0.0105,0.00022563,55.07,None,0.0,BTC-24FEB20-8875-P,9643.51,0.0,0.0,0.0,0.001,1.3,70.95,0.27421,-2.17809,-0.00796,0.0001,-0.01581
9653.25,SYN.BTC-24FEB20,1582369143284,open,0.0,0.049,0.0875,0.0681445,53.09,None,0.0,BTC-24FEB20-9000-C,9643.51,0.0,0.004,0.1,0.0,0.0,0.0,0.48934,-6.92504,0.44667,0.00019,0.96857
9653.25,SYN.BTC-24FEB20,1582369143284,open,20.0,0.0005,0.0105,0.00047447,53.13,0.0005,0.0,BTC-24FEB20-9000-P,9643.51,0.0,0.0,0.0,0.0015,40.0,67.09,0.49052,-4.58014,-0.01587,0.00019,-0.03152
9653.25,SYN.BTC-24FEB20,1582369143287,open,0.0,0.0005,0.017,0.00321359,45.32,None,0.0,BTC-24FEB20-9375-P,9643.51,41.37,0.0025,0.1,0.004,20.0,49.37,1.8139,-21.91362,-0.09074,0.00084,-0.1797
9653.25,SYN.BTC-24FEB20,1582369143287,open,0.0,0.0045,0.0425,0.02090052,39.55,None,0.0,BTC-24FEB20-9500-C,9643.51,0.0,0.001,0.1,0.0,0.0,0.0,2.3352,-24.62104,0.34609,0.00123,0.71857
9653.25,SYN.BTC-24FEB20,1582369143287,open,0.0,0.0235,0.065,0.04397818,51.41,None,0.0,BTC-24FEB20-9250-C,9643.51,0.0,0.003,0.1,0.0,0.0,0.0,1.38199,-18.93739,0.41487,0.00056,0.88028
9653.25,SYN.BTC-24FEB20,1582369143287,open,0.0,0.0005,0.026,0.00698807,39.31,None,0.0,BTC-24FEB20-9750-C,9643.51,33.74,0.0055,20.0,0.0085,30.0,44.87,2.60587,-27.30881,0.1786,0.00138,0.36702
9653.25,SYN.BTC-24FEB20,1582369143287,open,20.0,0.0005,0.014,0.00190537,42.58,0.002,0.0,BTC-24FEB20-10000-C,9643.51,35.7,0.001,20.0,0.003,20.1,49.27,1.44001,-16.34451,0.06203,0.00071,0.12696
9653.25,SYN.BTC-24FEB20,1582369143287,open,0.0,0.012,0.0525,0.03203654,45.31,None,0.0,BTC-24FEB20-9375-C,9643.51,0.0,0.0025,0.1,0.0,0.0,0.0,1.81355,-21.90439,0.39106,0.00084,0.82036
9653.25,SYN.BTC-24FEB20,1582369143287,open,0.4,0.0005,0.014,0.00220621,51.42,0.002,0.0,BTC-24FEB20-9250-P,9643.51,46.1,0.0015,0.1,0.003,40.0,56.63,1.38249,-18.94921,-0.06051,0.00056,-0.11978
9653.25,SYN.BTC-24FEB20,1582369143287,open,0.0,0.003,0.04,0.0170122,39.32,None,0.0,BTC-24FEB20-9750-P,9643.51,0.0,0.0005,0.1,0.0275,1.0,77.0,2.60593,-27.31478,-0.32243,0.00138,-0.63295
9653.25,SYN.BTC-24FEB20,1582369143287,open,3.5,0.0005,0.023,0.00502659,39.56,0.0055,0.0,BTC-24FEB20-9500-P,9643.51,33.05,0.0035,20.0,0.0065,20.0,45.53,2.33535,-24.62789,-0.14212,0.00123,-0.28147
9653.25,SYN.BTC-24FEB20,1582369143289,open,1.0,0.0005,0.0195,0.0035332,39.99,0.004,0.0,BTC-24FEB20-9875-C,9643.51,37.41,0.003,20.1,0.004,9.0,42.16,2.03995,-21.74623,0.10655,0.00107,0.21832
9653.25,SYN.BTC-24FEB20,1582369143289,open,0.0,0.029,0.0735,0.05040164,49.74,None,0.0,BTC-24FEB20-10125-P,9643.51,0.0,0.0005,0.1,0.0,0.0,0.0,1.15493,-15.31438,-0.47475,0.00048,-0.90661
9653.25,SYN.BTC-24FEB20,1582369143289,open,0.0,0.008,0.05,0.02650636,40.0,None,0.0,BTC-24FEB20-9875-P,9643.51,0.0,0.0005,0.1,0.0,0.0,0.0,2.04027,-21.75498,-0.40089,0.00107,-0.78162
9653.25,SYN.BTC-24FEB20,1582369143291,open,1.0,0.0005,0.0105,0.00036538,51.44,0.0005,0.0,BTC-24FEB20-10375-C,9643.51,0.0,0.0,0.0,0.001,5.0,61.8,0.42294,-3.52708,0.0129,0.00017,0.02637
9653.25,SYN.BTC-24FEB20,1582369143291,open,0.0,0.0415,0.086,0.06260728,50.93,None,0.0,BTC-24FEB20-10250-P,9643.51,0.0,0.0005,0.1,0.0,0.0,0.0,0.73747,-10.01125,-0.50128,0.0003,-0.9479
9653.25,SYN.BTC-24FEB20,1582369143291,open,20.2,0.0005,0.0105,0.00078704,50.9,0.0005,0.0,BTC-24FEB20-10250-C,9643.51,0.0,0.0,0.0,0.0015,25.0,58.67,0.73636,-7.59752,0.02541,0.0003,0.052
9653.25,SYN.BTC-24FEB20,1582369143291,open,0.0,0.054,0.098,0.07513465,51.49,None,0.0,BTC-24FEB20-10375-P,9643.51,0.0,0.0005,0.1,0.0,0.0,0.0,0.42452,-5.82646,-0.5202,0.00017,-0.97351
9653.25,SYN.BTC-24FEB20,1582369143291,open,0.0,0.0005,0.012,0.00153042,49.73,None,0.0,BTC-24FEB20-10125-C,9643.51,44.84,0.001,0.1,0.003,20.0,60.21,1.15418,-14.77356,0.04553,0.00048,0.0933
9653.25,SYN.BTC-24FEB20,1582369143291,open,0.0,0.0175,0.061,0.03782756,42.59,None,0.0,BTC-24FEB20-10000-P,9643.51,0.0,0.0005,0.1,0.0,0.0,0.0,1.44066,-16.35729,-0.45182,0.00071,-0.87296
9648.06,SYN.BTC-23FEB20,1582369143389,open,0.04,12.4,0.0165,0.059,0.03678331,41.04,0.052,0.0,BTC-23FEB20-10000-P,9643.51,0.0,0.0185,20.0,0.0,0.0,0.0,0.39207,-8.04551,-0.23115,0.00043,-0.96182
9648.06,SYN.BTC-23FEB20,1582369143389,open,0.0,58.2,0.0005,0.0105,0.00030331,40.99,0.0005,0.0,BTC-23FEB20-10000-C,9643.51,0.0,0.0,0.0,0.001,30.0,52.84,0.39048,-2.92635,0.00872,0.00043,0.03799
9648.06,SYN.BTC-23FEB20,1582369143389,open,0.05,1.8,0.029,0.0715,0.04949232,41.26,0.0555,0.0,BTC-23FEB20-10125-P,9643.51,0.0,0.0005,0.1,0.0,0.0,0.0,0.1117,-2.30428,-0.24091,0.00012,-0.99128
9648.06,SYN.BTC-23FEB20,1582369143395,open,0.02,8.1,0.0015,0.0385,0.01766045,39.53,0.0185,0.0,BTC-23FEB20-9500-C,9643.51,34.63,0.017,6.0,0.0195,6.0,51.63,1.35975,-26.87401,0.17891,0.00154,0.79058
9648.06,SYN.BTC-23FEB20,1582369143395,open,0.06,0.0,0.0485,0.0855,0.06717814,47.16,None,0.0,BTC-23FEB20-9000-C,9643.51,0.0,0.001,0.1,0.0,0.0,0.0,0.01962,-0.46265,0.21563,2e-05,0.99874
9648.06,SYN.BTC-23FEB20,1582369143395,open,0.04,0.0,0.022,0.061,0.04159149,47.96,None,0.0,BTC-23FEB20-9250-C,9643.51,0.0,0.0015,0.1,0.0,0.0,0.0,0.36943,-8.85805,0.21363,0.00034,0.9645
9648.06,SYN.BTC-23FEB20,1582369143395,open,0.01,40.5,0.0005,0.029,0.00866248,37.95,0.008,0.0,BTC-23FEB20-9625-C,9643.51,34.52,0.008,0.8,0.0095,10.0,42.27,1.86742,-35.43164,0.12644,0.0022,0.55489
9648.06,SYN.BTC-23FEB20,1582369143395,open,0.0,23.9,0.0005,0.0125,0.00124215,47.97,0.0015,0.0,BTC-23FEB20-9375-P,9643.51,45.2,0.001,0.2,0.0015,1.0,50.68,0.88088,-11.9843,-0.02544,0.00082,-0.10867
9648.06,SYN.BTC-23FEB20,1582369143395,open,0.0,76.4,0.0005,0.0205,0.00375816,40.47,0.004,0.0,BTC-23FEB20-9750-C,9643.51,38.95,0.0035,2.0,0.004,24.0,41.88,1.64657,-33.31539,0.0689,0.00182,0.30141
9648.06,SYN.BTC-23FEB20,1582369143395,open,0.0,34.0,0.0005,0.0105,1.014e-05,48.03,0.0005,0.0,BTC-23FEB20-9000-P,9643.51,0.0,0.0,0.0,0.0005,30.3,77.98,0.02307,-0.09782,-0.00035,2e-05,-0.0015
9648.06,SYN.BTC-23FEB20,1582369143395,open,0.08,0.0,0.0545,0.097,0.07534887,45.13,None,0.0,BTC-23FEB20-10375-P,9643.51,0.0,0.0005,0.1,0.0,0.0,0.0,0.00883,-0.19923,-0.24879,1e-05,-0.99947
9648.06,SYN.BTC-23FEB20,1582369143395,open,0.05,0.0,0.035,0.073,0.05428015,47.85,None,0.0,BTC-23FEB20-9125-C,9643.51,0.0,0.001,0.1,0.0,0.0,0.0,0.10843,-2.59425,0.21696,0.0001,0.99157
9648.06,SYN.BTC-23FEB20,1582369143395,open,0.0,50.3,0.0005,0.0105,8.7e-07,41.35,0.0005,0.0,BTC-23FEB20-10375-C,9643.51,0.0,0.0,0.0,0.0005,0.5,79.84,0.00314,-0.00836,4e-05,0.0,0.00017
9648.06,SYN.BTC-23FEB20,1582369143395,open,0.0,1.4,0.0005,0.0105,0.00033549,48.01,0.0005,0.0,BTC-23FEB20-9250-P,9643.51,0.0,0.0,0.0,0.0005,0.8,51.8,0.3707,-3.23684,-0.00833,0.00035,-0.03565
9648.06,SYN.BTC-23FEB20,1582369143395,open,0.0,32.7,0.0005,0.0105,6.815e-05,48.02,0.0005,0.0,BTC-23FEB20-9125-P,9643.51,0.0,0.0,0.0,0.0005,4.5,65.0,0.11063,-0.65754,-0.00201,0.0001,-0.00862
9648.06,SYN.BTC-23FEB20,1582369143395,open,0.0,34.1,0.0005,0.014,0.00123464,40.92,0.0015,0.0,BTC-23FEB20-9875-C,9643.51,38.5,0.001,0.1,0.0015,30.0,43.45,0.9734,-11.91192,0.02867,0.00107,0.12511
9648.06,SYN.BTC-23FEB20,1582369143395,open,0.0,0.8,0.0005,0.0105,5.632e-05,41.07,0.0005,0.0,BTC-23FEB20-10125-C,9643.51,0.0,0.0,0.0,0.0005,30.1,57.26,0.10881,-0.54339,0.00195,0.00012,0.00846
9648.06,SYN.BTC-23FEB20,1582369143397,open,0.07,0.0,0.042,0.084,0.06239997,42.08,None,0.0,BTC-23FEB20-10250-P,9643.51,0.0,0.0005,0.1,0.0,0.0,0.0,0.02609,-0.54887,-0.24552,3e-05,-0.99828
9648.06,SYN.BTC-23FEB20,1582369143397,open,0.0,111.4,0.0005,0.0105,7.97e-06,41.2,0.001,0.0,BTC-23FEB20-10250-C,9643.51,0.0,0.0,0.0,0.0005,30.0,68.78,0.02164,-0.07693,0.00032,2e-05,0.0014
274.71,ETH-26JUN20,1582369143700,open,0.02,850.0,0.0085,0.044,0.022753,97.11,0.025,0.0,ETH-26JUN20-140-P,259.96,94.21,0.0205,300.0,0.025,200.0,99.9,0.21736,-0.08452,-0.08782,0.00087,-0.07068
264.81,ETH-27MAR20,1582369143700,open,0.58,52.0,0.572,0.5995,0.585523,125.87,0.5915,0.0,ETH-27MAR20-110-C,259.96,0.0,0.0,0.0,0.0,0.0,0.0,0.01476,-0.02742,0.10026,0.00018,0.99348
282.92,SYN.ETH-25SEP20,1582369143700,open,0.66,3.0,0.6425,0.682,0.661495,95.85,0.659,0.0,ETH-25SEP20-100-C,259.96,0.0,0.6465,1.0,0.6805,3.0,120.78,0.17823,-0.03957,0.50352,0.00039,0.96241
282.92,SYN.ETH-25SEP20,1582369143700,open,0.0,814.0,0.0005,0.0135,0.003687,105.14,0.003,0.0,ETH-25SEP20-60-P,259.96,95.44,0.002,550.0,0.006,300.0,114.76,0.05855,-0.01426,-0.02309,0.00012,-0.01011
260.79,SYN.ETH-28FEB20,1582369143700,open,0.16,1076.0,0.132,0.193,0.162418,105.79,0.153,0.0,ETH-28FEB20-220-C,259.96,0.0,0.06,2.0,0.0,0.0,0.0,0.05419,-0.48782,0.03134,0.00468,0.90896
261.79,SYN.ETH-6MAR20,1582369143700,open,0.21,0.0,0.1625,0.259,0.209406,108.57,None,0.0,ETH-6MAR20-310-P,259.96,0.0,0.0,0.0,0.0,0.0,0.0,0.15062,-0.63503,-0.09011,0.00574,-0.76635
261.79,SYN.ETH-6MAR20,1582369143700,open,0.28,0.0,0.2305,0.3295,0.277691,114.23,None,0.0,ETH-6MAR20-330-P,259.96,0.0,0.0,0.0,0.0,0.0,0.0,0.12231,-0.54255,-0.10271,0.00443,-0.83446
282.92,SYN.ETH-25SEP20,1582369143700,open,0.55,17.0,0.515,0.579,0.546667,92.98,0.49,0.0,ETH-25SEP20-140-C,259.96,36.02,0.5055,1.0,0.0,0.0,0.0,0.35303,-0.07603,0.60813,0.0008,0.9101
260.79,SYN.ETH-28FEB20,1582369143700,open,0.0,404.0,0.0005,0.0105,0.0,125.57,0.001,0.0,ETH-28FEB20-100-P,259.96,0.0,0.0,0.0,0.003,300.0,389.97,0.0,0.0,0.0,0.0,0.0
261.79,SYN.ETH-6MAR20,1582369143700,open,0.21,0.0,0.178,0.241,0.209361,104.6,None,0.0,ETH-6MAR20-210-C,259.96,0.0,0.1975,1.0,0.0,0.0,0.0,0.09316,-0.37843,0.06275,0.00368,0.88883
282.92,SYN.ETH-25SEP20,1582369143700,open,0.79,4.0,0.782,0.802,0.791604,105.1,0.791,0.0,ETH-25SEP20-60-C,259.96,0.0,0.7875,1.0,0.8055,2.0,145.75,0.05847,-0.01423,0.33182,0.00012,0.9899
260.79,SYN.ETH-28FEB20,1582369143700,open,0.0,2933.0,0.0005,0.0105,0.000442,125.43,0.0015,0.0,ETH-28FEB20-180-P,259.96,0.0,0.0,0.0,0.0015,10.0,149.43,0.00724,-0.07732,-0.00035,0.00053,-0.00799
260.79,SYN.ETH-28FEB20,1582369143700,open,0.1,402.0,0.058,0.141,0.098465,102.64,0.09,0.0,ETH-28FEB20-280-P,259.96,92.58,0.094,180.0,0.101,180.0,108.22,0.11761,-1.02723,-0.03287,0.01047,-0.6846
264.81,ETH-27MAR20,1582369143702,open,0.73,75.0,0.726,0.7455,0.735664,117.42,0.739,0.0,ETH-27MAR20-70-C,259.96,0.0,0.0,0.0,0.0,0.0,0.0,0.00016,-0.00028,0.06495,0.0,0.99995
264.81,ETH-27MAR20,1582369143702,open,0.54,5.0,0.4765,0.5955,0.532977,111.41,0.42,0.0,ETH-27MAR20-400-P,259.96,0.0,0.0,0.0,0.799,1.0,350.33,0.18632,-0.30638,-0.34041,0.00257,-0.85211
260.79,SYN.ETH-28FEB20,1582369143702,open,0.31,0.0,0.266,0.353,0.306603,120.13,None,0.0,ETH-28FEB20-340-P,259.96,0.0,0.0,0.0,0.0,0.0,0.0,0.03307,-0.33802,-0.05284,0.00251,-0.95194
260.79,SYN.ETH-28FEB20,1582369143702,open,0.0,1678.0,0.0005,0.0105,1e-06,125.57,0.0005,0.0,ETH-28FEB20-140-P,259.96,0.0,0.0,0.0,0.0005,6.0,203.65,5e-05,-0.00033,0.0,0.0,-3e-05
261.79,SYN.ETH-6MAR20,1582369143702,open,0.39,0.0,0.3375,0.438,0.384558,120.19,None,0.0,ETH-6MAR20-360-P,259.96,0.0,0.0,0.0,0.0,0.0,0.0,0.08445,-0.39415,-0.1189,0.00291,-0.90291
264.81,ETH-27MAR20,1582369143704,open,0.1,13926.0,0.0605,0.141,0.100274,101.93,0.1005,0.0,ETH-27MAR20-280-C,259.96,99.24,0.097,400.0,0.104,264.0,105.0,0.32175,-0.48407,0.09585,0.00485,0.49029
282.92,SYN.ETH-25SEP20,1582369143704,open,0.41,270.0,0.361,0.4575,0.410381,92.72,0.42,0.0,ETH-25SEP20-200-C,259.96,83.64,0.391,120.0,0.434,120.0,103.65,0.60846,-0.13067,0.65257,0.00139,0.80037
274.71,ETH-26JUN20,1582369143708,open,0.69,0.0,0.6085,0.772,0.687348,99.86,None,0.0,ETH-26JUN20-440-P,259.96,0.0,0.01,50.0,0.0,0.0,0.0,0.56157,-0.22453,-1.30065,0.00218,-0.69654
264.81,ETH-27MAR20,1582369143710,open,0.01,3830.0,0.0005,0.0265,0.009169,116.53,0.01,0.0,ETH-27MAR20-480-C,259.96,113.46,0.008,340.0,0.0105,300.0,119.77,0.10481,-0.18027,0.01423,0.00138,0.06707
264.81,ETH-27MAR20,1582369143713,open,0.02,2484.0,0.0045,0.0365,0.016774,109.69,0.015,0.0,ETH-27MAR20-180-P,259.96,106.12,0.015,700.0,0.0185,300.0,113.03,0.13426,-0.21737,-0.02699,0.00188,-0.09303
264.81,ETH-27MAR20,1582369143713,open,1.43,0.0,1.347,1.4985,1.419267,128.04,None,0.0,ETH-27MAR20-640-P,259.96,0.0,0.01,50.0,0.0,0.0,0.0,0.03798,-0.07178,-0.58983,0.00046,-0.98065
260.79,SYN.ETH-28FEB20,1582369143717,open,0.0,900.0,0.0005,0.0105,0.0,125.57,0.001,0.0,ETH-28FEB20-130-P,259.96,0.0,0.0,0.0,0.003,300.0,291.8,1e-05,-4e-05,0.0,0.0,0.0
261.79,SYN.ETH-6MAR20,1582369143721,open,0.01,13.0,0.0015,0.0325,0.011179,117.48,0.0125,0.0,ETH-6MAR20-350-C,259.96,114.14,0.01,300.0,0.0125,300.0,121.04,0.09483,-0.43265,0.00949,0.00334,0.11398
261.79,SYN.ETH-6MAR20,1582369143724,open,0.25,0.0,0.196,0.2935,0.242965,111.2,None,0.0,ETH-6MAR20-320-P,259.96,0.0,0.0,0.0,0.0,0.0,0.0,0.13588,-0.58675,-0.09671,0.00505,-0.80425
260.79,SYN.ETH-28FEB20,1582369143724,open,0.02,1040.0,0.0025,0.045,0.018235,98.71,0.02,0.0,ETH-28FEB20-240-P,259.96,94.2,0.0165,1.0,0.02,295.0,103.2,0.10142,-0.85188,-0.01059,0.00938,-0.23391
260.79,SYN.ETH-28FEB20,1582369143735,open,0.17,105.0,0.1205,0.206,0.161492,106.2,0.1335,0.0,ETH-28FEB20-300-P,259.96,0.0,0.001,1.0,0.0,0.0,0.0,0.0823,-0.74375,-0.04181,0.00708,-0.8345
261.79,SYN.ETH-6MAR20,1582369143742,open,0.12,0.0,0.0825,0.157,0.120452,99.39,None,0.0,ETH-6MAR20-240-C,259.96,0.0,0.0,0.0,0.0,0.0,0.0,0.16779,-0.6476,0.05462,0.00698,0.7119
261.79,SYN.ETH-6MAR20,1582369143742,open,0.08,28.0,0.041,0.1135,0.076979,98.58,0.081,0.0,ETH-6MAR20-260-C,259.96,95.91,0.075,251.0,0.082,431.0,105.33,0.19452,-0.7446,0.04383,0.00816,0.5516
260.79,SYN.ETH-28FEB20,1582369143766,open,0.69,1.0,0.6835,0.703,0.693241,185.08,0.522,0.0,ETH-28FEB20-80-C,259.96,0.0,0.0,0.0,0.0,0.0,0.0,0.0,0.0,0.01288,0.0,1.0
274.71,ETH-26JUN20,1582369143768,open,1.23,0.0,1.139,1.3205,1.224362,103.47,None,0.0,ETH-26JUN20-600-P,259.96,0.0,0.01,50.0,0.0,0.0,0.0,0.39341,-0.16299,-1.93875,0.00147,-0.83846
264.81,ETH-27MAR20,1582369143768,open,0.01,2486.0,0.003,0.0345,0.013645,113.05,0.016,0.0,ETH-27MAR20-440-C,259.96,109.79,0.012,900.0,0.0155,300.0,116.5,0.13787,-0.23005,0.02035,0.00187,0.09644
274.71,ETH-26JUN20,1582369143771,open,0.06,498.0,0.0235,0.1005,0.056865,101.29,0.0565,0.0,ETH-26JUN20-520-C,259.96,99.01,0.053,612.0,0.061,612.0,103.66,0.47257,-0.19165,0.15091,0.00181,0.21743
260.79,SYN.ETH-28FEB20,1582369143771,open,0.5,37.0,0.4865,0.516,0.501517,125.93,0.5055,0.0,ETH-28FEB20-130-C,259.96,0.0,0.0,0.0,0.0,0.0,0.0,1e-05,-8e-05,0.02093,0.0,1.0
260.79,SYN.ETH-28FEB20,1582369143771,open,0.02,3971.0,0.004,0.054,0.024809,102.64,0.0275,0.0,ETH-28FEB20-280-C,259.96,97.48,0.0225,276.0,0.0275,516.0,108.56,0.11761,-1.02724,0.0122,0.01047,0.3154
260.79,SYN.ETH-28FEB20,1582369143771,open,0.0,2914.0,0.0005,0.011,0.001172,125.27,0.0005,0.0,ETH-28FEB20-190-P,259.96,0.0,0.0,0.0,0.0025,5.0,142.73,0.01543,-0.16446,-0.00085,0.00112,-0.01913
274.71,ETH-26JUN20,1582369143782,open,0.57,308.0,0.555,0.598,0.575644,98.49,0.63,0.0,ETH-26JUN20-120-C,259.96,0.0,0.563,3.0,10.0,1.0,500.0,0.14461,-0.05703,0.35917,0.00057,0.9578
274.71,ETH-26JUN20,1582369143782,open,0.04,1192.0,0.016,0.064,0.036545,95.22,0.04,0.0,ETH-26JUN20-160-P,259.96,92.81,0.034,498.0,0.039,200.0,97.49,0.29385,-0.11203,-0.13381,0.0012,-0.10583
261.79,SYN.ETH-6MAR20,1582369143782,open,0.15,0.0,0.102,0.1945,0.147161,104.5,None,0.0,ETH-6MAR20-290-P,259.96,0.0,0.0,0.0,0.0,0.0,0.0,0.17936,-0.72782,-0.0749,0.0071,-0.66393
264.81,ETH-27MAR20,1582369143785,open,0.0,675.0,0.0005,0.013,0.003312,126.05,0.003,0.0,ETH-27MAR20-130-P,259.96,115.96,0.002,540.0,0.005,300.0,135.95,0.03978,-0.07402,-0.00584,0.00048,-0.02044
282.92,SYN.ETH-25SEP20,1582369143788,open,0.34,178.0,0.2825,0.394,0.339795,92.72,0.338,0.0,ETH-25SEP20-240-C,259.96,85.84,0.322,220.0,0.36,220.0,100.57,0.73053,-0.15688,0.63868,0.00166,0.72148
282.92,SYN.ETH-25SEP20,1582369143799,open,0.08,1718.0,0.0355,0.131,0.077855,98.44,0.072,0.0,ETH-25SEP20-640-C,259.96,96.4,0.073,291.0,0.083,200.0,100.56,0.67955,-0.15495,0.27477,0.00146,0.24206
282.92,SYN.ETH-25SEP20,1582369143799,open,0.96,0.0,0.8565,1.053,0.951421,97.0,None,0.0,ETH-25SEP20-520-P,259.96,0.0,0.0,0.0,0.0,0.0,0.0,0.78692,-0.1768,-2.71493,0.00171,-0.67108
260.79,SYN.ETH-28FEB20,1582369143804,open,0.0,1234.0,0.0005,0.0105,0.000142,125.51,0.0005,0.0,ETH-28FEB20-170-P,259.96,0.0,0.0,0.0,0.0015,305.0,169.35,0.00287,-0.03068,-0.00012,0.00021,-0.00283
10108.03,BTC-26JUN20,1582369144018,open,0.26,238.7,0.2315,0.2965,0.26142527,63.67,0.264,0.0,BTC-26JUN20-8000-C,9643.51,61.91,0.2585,1.0,0.279,10.0,73.91,16.93171,-4.31639,18.35698,8e-05,0.79225
9710.4,SYN.BTC-6MAR20,1582369144080,open,0.06,3.4,0.0375,0.091,0.05473182,49.95,0.0515,0.0,BTC-6MAR20-10000-P,9643.51,47.55,0.053,3.0,0.0555,3.0,51.01,7.0224,-13.62233,-2.25987,0.00042,-0.605
10108.03,BTC-26JUN20,1582369144161,open,0.63,4.2,0.571,0.6745,0.61758081,70.83,0.635,0.0,BTC-26JUN20-16000-P,9643.51,0.0,0.001,2.0,0.69,1.0,108.79,15.71302,-4.45642,-49.58641,6e-05,-0.81629
9819.5,BTC-27MAR20,1582369144165,open,1.66,0.0,1.596,1.703,1.64792713,103.06,None,0.0,BTC-27MAR20-26000-P,9643.51,0.0,0.001,1.0,0.0,0.0,0.0,0.15647,-0.23802,-24.11711,0.0,-0.99838
9819.5,BTC-27MAR20,1582369144179,open,0.34,3.0,0.303,0.3715,0.33437967,69.52,0.33,0.0,BTC-27MAR20-13000-P,9643.51,0.0,0.0005,0.1,0.34,0.1,78.32,5.67824,-5.82673,-11.14512,9e-05,-0.88855
10108.03,BTC-26JUN20,1582369144193,open,1.0,0.1,0.946,1.0525,0.99407314,74.8,1.85,0.0,BTC-26JUN20-20000-P,9643.51,0.0,0.001,2.0,1.87,1.0,500.0,9.59913,-2.87501,-65.84773,4e-05,-0.91002
9819.5,BTC-27MAR20,1582369144196,open,0.0,216.9,0.0005,0.0105,6.621e-05,104.08,0.0005,0.0,BTC-27MAR20-28000-C,9643.51,0.0,0.0,0.0,0.0005,25.1,123.48,0.08462,-0.12999,0.00694,0.0,0.00083
10396.56,SYN.BTC-25SEP20,1582369144210,open,0.05,275.3,0.0285,0.0815,0.04981049,65.37,0.047,0.0,BTC-25SEP20-7000-P,9643.51,63.5,0.0465,6.0,0.0495,24.2,65.19,18.60745,-2.81712,-12.26048,4e-05,-0.14958
10396.56,SYN.BTC-25SEP20,1582369144225,open,1.34,7.0,1.276,1.41,1.33585645,74.69,1.35,0.0,BTC-25SEP20-24000-P,9643.51,0.0,0.33,1.0,1.3955,0.5,103.6,16.10109,-2.78525,-136.18166,3e-05,-0.87886
10108.03,BTC-26JUN20,1582369144228,open,1.98,0.0,1.9105,2.0405,1.97140346,82.73,None,0.0,BTC-26JUN20-30000-P,9643.51,0.0,0.0,0.0,0.0,0.0,0.0,3.15288,-1.04439,-101.98214,1e-05,-0.97758
9674.04,SYN.BTC-28FEB20,1582369144235,open,0.0,134.1,0.0005,0.0115,0.00196102,54.17,0.002,0.0,BTC-28FEB20-10750-C,9643.51,51.16,0.0015,60.0,0.0025,54.5,57.25,1.58945,-7.32663,0.10096,0.00019,0.06679
9710.4,SYN.BTC-6MAR20,1582369144281,open,0.01,23.9,0.0005,0.0185,0.00471116,57.79,0.0045,0.0,BTC-6MAR20-11250-C,9643.51,55.49,0.004,50.0,0.0055,50.0,60.15,3.11839,-6.99766,0.31443,0.00016,0.0965
9819.5,BTC-27MAR20,1582369144618,open,1.86,0.0,1.796,1.9105,1.85153523,104.08,None,0.0,BTC-27MAR20-28000-P,9643.51,0.0,0.0005,1.0,0.0,0.0,0.0,0.08462,-0.12999,-25.9799,0.0,-0.99917
9674.04,SYN.BTC-28FEB20,1582369144684,open,0.0,680.0,0.0005,0.0105,7.314e-05,61.33,0.001,0.0,BTC-28FEB20-12000-C,9643.51,0.0,0.0,0.0,0.0005,30.0,76.53,0.11791,-0.61536,0.00482,1e-05,0.00317
9819.5,BTC-27MAR20,1582369144782,open,2.07,0.0,1.9955,2.118,2.05518217,105.68,None,0.0,BTC-27MAR20-30000-P,9643.51,0.0,0.0005,1.0,0.0,0.0,0.0,0.05019,-0.07829,-27.83909,0.0,-0.99953
9710.4,SYN.BTC-6MAR20,1582369144789,open,0.18,0.0,0.16,0.1985,0.17861761,64.08,None,0.0,BTC-6MAR20-8000-C,9643.51,0.0,0.0005,0.1,0.0,0.0,0.0,1.80377,-4.48827,2.65107,8e-05,0.95255
9819.5,BTC-27MAR20,1582369144796,open,0.29,583.8,0.2745,0.311,0.29162244,70.66,0.2755,0.0,BTC-27MAR20-7000-C,9643.51,0.0,0.287,0.1,0.0,0.0,0.0,2.9108,-3.03589,6.0321,5e-05,0.95351
9710.4,SYN.BTC-6MAR20,1582369144796,open,0.01,51.6,0.0005,0.0265,0.00725127,53.13,0.007,0.0,BTC-6MAR20-8750-P,9643.51,51.27,0.0065,30.0,0.008,50.0,54.91,4.00131,-8.25529,-0.49437,0.00023,-0.13707
9819.5,BTC-27MAR20,1582369144801,open,0.0,871.2,0.0005,0.0105,0.00092456,94.88,0.001,0.0,BTC-27MAR20-20000-C,9643.51,88.61,0.0005,77.5,0.0015,64.0,100.68,0.81594,-1.14271,0.08516,1e-05,0.01027
10108.03,BTC-26JUN20,1582369144801,open,0.01,208.3,0.001,0.0305,0.01095114,76.72,0.014,0.0,BTC-26JUN20-22000-C,9643.51,75.41,0.01,31.0,0.012,46.0,78.08,7.55659,-2.32114,1.89238,3e-05,0.06567
9819.5,BTC-27MAR20,1582369144801,open,0.54,2.0,0.499,0.5695,0.53158095,76.84,0.4565,0.0,BTC-27MAR20-15000-P,9643.51,0.0,0.0005,0.1,0.0,0.0,0.0,2.84813,-3.2303,-13.54568,4e-05,-0.95475
9710.4,SYN.BTC-6MAR20,1582369144801,open,0.0,27.8,0.0005,0.0135,0.00321549,59.09,0.0035,0.0,BTC-6MAR20-8250-P,9643.51,55.84,0.0025,50.0,0.004,50.0,62.25,2.27761,-5.22613,-0.22936,0.00012,-0.06374
9674.04,SYN.BTC-28FEB20,1582369144801,open,0.0,809.9,0.0005,0.0105,3.468e-05,68.03,0.001,0.0,BTC-28FEB20-7500-P,9643.51,0.0,0.0,0.0,0.001,60.1,101.13,0.05566,-0.32218,-0.00221,1e-05,-0.00138
9819.5,BTC-27MAR20,1582369144804,open,0.44,68.6,0.4,0.4695,0.43201293,73.15,0.435,0.0,BTC-27MAR20-14000-P,9643.51,0.0,0.001,0.1,0.0,0.0,0.0,3.99038,-4.30821,-12.4181,6e-05,-0.93059
9819.5,BTC-27MAR20,1582369144804,open,0.0,241.5,0.0005,0.0105,0.00091092,85.9,0.001,0.0,BTC-27MAR20-5500-P,9643.51,79.49,0.0005,65.0,0.0015,24.1,92.28,0.76193,-0.96601,-0.09482,1e-05,-0.00949
9819.5,BTC-27MAR20,1582369144804,open,0.39,32.7,0.377,0.406,0.39071131,81.73,0.379,0.0,BTC-27MAR20-6000-C,9643.51,0.0,0.3885,0.1,0.0,0.0,0.0,1.30791,-1.57783,5.39108,2e-05,0.98226
10108.03,BTC-26JUN20,1582369144804,open,0.45,12.5,0.394,0.496,0.44019724,68.71,0.456,0.0,BTC-26JUN20-14000-P,9643.51,0.0,0.001,2.0,0.49,1.0,92.5,19.589,-5.38959,-40.4295,8e-05,-0.72889
9819.5,BTC-27MAR20,1582369144804,open,0.01,1142.8,0.0005,0.019,0.00699752,65.26,0.007,0.0,BTC-27MAR20-7500-P,9643.51,64.06,0.0065,64.0,0.0075,24.0,66.43,4.14162,-3.98905,-0.72771,7e-05,-0.07285
9819.5,BTC-27MAR20,1582369144804,open,0.0,517.6,0.0005,0.0105,0.00013435,103.05,0.0005,0.0,BTC-27MAR20-26000-C,9643.51,0.0,0.0,0.0,0.0015,40.0,130.59,0.15635,-0.23782,0.01352,0.0,0.00162
9710.4,SYN.BTC-6MAR20,1582369144804,open,0.01,27.4,0.0005,0.0295,0.00877188,53.87,0.01,0.0,BTC-6MAR20-10750-C,9643.51,52.21,0.008,44.0,0.0095,0.1,55.38,4.61262,-9.64841,0.55177,0.00026,0.16985
9674.04,SYN.BTC-28FEB20,1582369144804,open,0.02,1140.3,0.005,0.0415,0.01571042,47.1,0.016,0.0,BTC-28FEB20-9500-P,9643.51,44.57,0.0145,4.1,0.016,23.9,47.71,4.63158,-18.56485,-0.59962,0.00065,-0.36933
9710.4,SYN.BTC-6MAR20,1582369144804,open,0.03,252.7,0.0155,0.06,0.02653891,49.06,0.027,0.0,BTC-6MAR20-9500-P,9643.51,47.62,0.0255,1.0,0.027,3.0,49.7,6.98871,-13.31528,-1.42095,0.00043,-0.38828
10108.03,BTC-26JUN20,1582369144806,open,0.2,767.1,0.167,0.2405,0.20107608,63.67,0.216,0.0,BTC-26JUN20-9000-C,9643.51,61.45,0.1965,24.7,0.2035,15.0,64.85,20.83637,-5.31192,16.93388,9e-05,0.69075
10108.03,BTC-26JUN20,1582369144806,open,0.01,517.9,0.0005,0.021,0.00620589,80.58,0.0075,0.0,BTC-26JUN20-26000-C,9643.51,79.08,0.0055,25.0,0.007,31.0,82.15,4.9355,-1.59245,1.11569,2e-05,0.03847
9710.4,SYN.BTC-6MAR20,1582369144806,open,0.01,97.3,0.0035,0.037,0.01321602,53.8,0.0125,0.0,BTC-6MAR20-10500-C,9643.51,52.55,0.0125,7.4,0.014,44.1,55.15,5.60166,-11.70251,0.75895,0.00031,0.23478
9674.04,SYN.BTC-28FEB20,1582369144817,open,0.3,7.0,0.267,0.3185,0.29213132,61.8,0.254,0.0,BTC-28FEB20-12500-P,9643.51,0.0,0.0005,0.1,0.301,4.7,149.99,0.02665,-0.14015,-2.01128,0.0,-0.99938
10108.03,BTC-26JUN20,1582369144825,open,0.0,260.1,0.0005,0.014,0.00346914,82.74,0.003,0.0,BTC-26JUN20-30000-C,9643.51,81.16,0.003,25.0,0.004,25.0,84.36,3.15474,-1.04513,0.65586,1e-05,0.02243
9819.5,BTC-27MAR20,1582369144825,open,0.01,981.7,0.0005,0.027,0.01048356,69.52,0.01,0.0,BTC-27MAR20-13000-C,9643.51,68.68,0.01,10.0,0.011,64.1,70.41,5.67829,-5.82681,0.9202,9e-05,0.11146
9674.04,SYN.BTC-28FEB20,1582369144833,open,0.43,18.6,0.42,0.4425,0.43146785,91.82,0.429,0.0,BTC-28FEB20-5500-C,9643.51,0.0,0.0005,0.1,0.0,0.0,0.0,3e-05,-0.00023,0.88538,0.0,1.0
9674.04,SYN.BTC-28FEB20,1582369144833,open,0.01,65.4,0.0005,0.0245,0.00622504,49.44,0.0065,0.0,BTC-28FEB20-10250-C,9643.51,47.27,0.0055,37.0,0.007,52.4,51.67,3.29344,-13.85526,0.28084,0.00044,0.18656
9819.5,BTC-27MAR20,1582369144835,open,0.0,442.8,0.0005,0.0125,0.00275887,75.8,0.0025,0.0,BTC-27MAR20-6500-P,9643.51,74.46,0.0025,24.0,0.0035,64.0,79.27,1.95481,-2.1869,-0.28556,3e-05,-0.02857
9819.5,BTC-27MAR20,1582369144835,open,0.0,204.6,0.0005,0.0105,0.00030281,102.65,0.0005,0.0,BTC-27MAR20-24000-C,9643.51,0.0,0.0,0.0,0.0015,40.0,121.64,0.31052,-0.47046,0.0287,0.0,0.00345
9674.04,SYN.BTC-28FEB20,1582369144835,open,0.0,845.0,0.0005,0.017,0.00375246,52.88,0.004,0.0,BTC-28FEB20-10500-C,9643.51,51.85,0.0035,50.2,0.004,30.0,53.85,2.41888,-10.88427,0.17712,0.0003,0.11749
9710.4,SYN.BTC-6MAR20,1582369144835,open,0.0,39.1,0.0005,0.011,0.00145204,65.59,0.002,0.0,BTC-6MAR20-7750-P,9643.51,61.57,0.001,50.0,0.002,30.0,69.56,1.2146,-3.09358,-0.10511,6e-05,-0.02923
9819.5,BTC-27MAR20,1582369144837,open,1.25,5.6,1.197,1.29,1.24115793,102.56,1.545,0.0,BTC-27MAR20-22000-P,9643.51,0.0,0.0005,1.0,0.0,0.0,0.0,0.62984,-0.95344,-20.35512,1e-05,-0.99236
10108.03,BTC-26JUN20,1582369144837,open,0.01,612.4,0.003,0.0285,0.01271631,67.03,0.0135,0.0,BTC-26JUN20-6000-P,9643.51,66.03,0.012,31.0,0.0135,25.0,68.09,7.35772,-1.97462,-2.6342,3e-05,-0.06346
9674.04,SYN.BTC-28FEB20,1582369144837,open,0.1,0.5,0.078,0.119,0.09800066,56.43,0.1,0.0,BTC-28FEB20-8750-C,9643.51,0.0,0.02,1.0,0.0,0.0,0.0,1.74133,-8.36181,1.28755,0.0002,0.92478
9710.4,SYN.BTC-6MAR20,1582369144837,open,0.05,2.7,0.0335,0.082,0.04820654,49.06,0.0565,0.0,BTC-6MAR20-9500-C,9643.51,48.08,0.0475,21.0,0.05,3.0,51.55,6.98871,-13.31528,1.93026,0.00043,0.61172
9710.4,SYN.BTC-6MAR20,1582369144837,open,0.23,0.0,0.212,0.246,0.22854917,68.24,None,0.0,BTC-6MAR20-7500-C,9643.51,0.0,0.0005,0.1,0.0,0.0,0.0,0.83774,-2.22013,2.57816,4e-05,0.9812
9674.04,SYN.BTC-28FEB20,1582369144837,open,0.0,1135.5,0.0005,0.0105,0.00038135,68.02,0.0015,0.0,BTC-28FEB20-8000-P,9643.51,70.67,0.0005,30.0,0.0015,60.0,84.6,0.39409,-2.28098,-0.01989,4e-05,-0.01239
9819.5,BTC-27MAR20,1582369144839,open,0.59,45.6,0.583,0.6025,0.59266005,85.93,0.583,0.0,BTC-27MAR20-4000-C,9643.51,0.0,0.0005,0.1,0.0,0.0,0.0,0.02103,-0.02667,3.71061,0.0,0.99982
9819.5,BTC-27MAR20,1582369144839,open,0.0,37.2,0.0005,0.0105,7.194e-05,85.93,0.0005,0.0,BTC-27MAR20-4500-P,9643.51,0.0,0.0,0.0,0.001,40.1,114.11,0.09426,-0.11955,-0.00913,0.0,-0.00093
9819.5,BTC-27MAR20,1582369144839,open,0.49,34.7,0.4805,0.502,0.49109961,85.92,0.4795,0.0,BTC-27MAR20-5000-C,9643.51,0.0,0.0005,0.1,0.0,0.0,0.0,0.30382,-0.38528,4.60715,0.0,0.99663
9819.5,BTC-27MAR20,1582369144839,open,0.0,837.0,0.0005,0.011,0.00146776,87.9,0.0015,0.0,BTC-27MAR20-18000-C,9643.51,83.69,0.001,84.0,0.002,24.0,91.69,1.23714,-1.60504,0.1381,2e-05,0.01662
10108.03,BTC-26JUN20,1582369144839,open,1.39,0.0,1.3305,1.444,1.38235148,78.5,None,0.0,BTC-26JUN20-24000-P,9643.51,0.0,0.0,0.0,0.0,0.0,0.0,6.0089,-1.88863,-80.68915,2e-05,-0.95091
9710.4,SYN.BTC-6MAR20,1582369144839,open,0.1,0.0,0.0865,0.1335,0.10615566,53.13,None,0.0,BTC-6MAR20-8750-C,9643.51,29.36,0.0995,0.1,0.0,0.0,0.0,4.00131,-8.25529,2.59227,0.00023,0.86293
10396.56,SYN.BTC-25SEP20,1582369144839,open,0.18,284.5,0.134,0.2285,0.17616141,65.36,0.177,0.0,BTC-25SEP20-10000-P,9643.51,64.28,0.173,4.9,0.1785,9.5,66.17,30.21991,-4.57502,-33.65631,7e-05,-0.37119
10396.56,SYN.BTC-25SEP20,1582369144839,open,1.72,0.0,1.6475,1.7875,1.71063126,76.21,None,0.0,BTC-25SEP20-28000-P,9643.51,0.0,0.0005,1.0,0.0,0.0,0.0,12.01472,-2.12068,-161.68572,2e-05,-0.91886
10108.03,BTC-26JUN20,1582369144841,open,1.78,0.0,1.717,1.8415,1.77477379,81.95,None,0.0,BTC-26JUN20-28000-P,9643.51,0.0,0.0,0.0,0.0,0.0,0.0,3.98476,-1.30755,-94.93192,1e-05,-0.97034
10396.56,SYN.BTC-25SEP20,1582369144841,open,0.01,957.4,0.0005,0.015,0.00524074,70.76,0.005,0.0,BTC-25SEP20-4000-P,9643.51,68.8,0.0045,20.0,0.006,26.0,72.62,4.086,-0.66969,-1.63298,1e-05,-0.02132
9674.04,SYN.BTC-28FEB20,1582369144841,open,0.0,716.8,0.0005,0.0105,1.28e-05,61.81,0.0005,0.0,BTC-28FEB20-12500-C,9643.51,0.0,0.0,0.0,0.001,40.0,97.77,0.02669,-0.12387,0.00095,0.0,0.00062
9674.04,SYN.BTC-28FEB20,1582369144841,open,0.27,57.2,0.262,0.2905,0.27641519,68.09,0.2745,0.0,BTC-28FEB20-7000-C,9643.51,0.0,0.0005,0.1,0.0,0.0,0.0,0.00375,-0.0217,1.12672,0.0,0.99992
10396.56,SYN.BTC-25SEP20,1582369144841,open,0.01,198.2,0.0005,0.027,0.00849085,79.41,0.0085,0.0,BTC-25SEP20-36000-C,9643.51,77.91,0.0075,26.0,0.0095,26.0,80.82,7.16163,-1.31719,2.05756,1e-05,0.04195
9674.04,SYN.BTC-28FEB20,1582369144841,open,0.22,91.1,0.209,0.24,0.22476357,68.03,0.21,0.0,BTC-28FEB20-7500-C,9643.51,0.0,0.001,0.1,0.0,0.0,0.0,0.05567,-0.3223,1.20512,1e-05,0.99862
10396.56,SYN.BTC-25SEP20,1582369144841,open,2.48,0.0,2.3975,2.5575,2.47117466,79.41,None,0.0,BTC-25SEP20-36000-P,9643.51,0.0,0.0005,1.0,0.0,0.0,0.0,7.16163,-1.31719,-210.86093,1e-05,-0.95805
10396.56,SYN.BTC-25SEP20,1582369144841,open,2.1,0.0,2.0215,2.171,2.08987663,77.91,None,0.0,BTC-25SEP20-32000-P,9643.51,0.0,0.0005,1.0,0.0,0.0,0.0,9.20318,-1.6608,-186.46323,2e-05,-0.94257
10108.03,BTC-26JUN20,1582369144850,open,2.18,0.0,2.1045,2.2405,2.16847264,83.77,None,0.0,BTC-26JUN20-32000-P,9643.51,0.0,0.0,0.0,0.0,0.0,0.0,2.56318,-0.85975,-108.96507,1e-05,-0.98244
9710.4,SYN.BTC-6MAR20,1582369144850,open,0.01,19.1,0.0005,0.0235,0.00627263,55.52,0.007,0.0,BTC-6MAR20-11000-C,9643.51,53.48,0.0055,50.0,0.007,30.0,57.34,3.78272,-8.15494,0.41134,0.0002,0.12636
10396.56,SYN.BTC-25SEP20,1582369144850,open,0.31,271.8,0.253,0.3645,0.30344206,66.71,0.305,0.0,BTC-25SEP20-12000-P,9643.51,65.75,0.3005,3.6,0.305,3.0,67.22,31.88892,-4.92723,-49.9686,7e-05,-0.50919
10108.03,BTC-26JUN20,1582369144852,open,0.03,517.4,0.0085,0.05,0.02269104,72.86,0.023,0.0,BTC-26JUN20-18000-C,9643.51,71.87,0.0215,30.9,0.024,45.9,73.92,12.30213,-3.58881,3.60514,5e-05,0.12694
9710.4,SYN.BTC-6MAR20,1582369144852,open,0.0,63.6,0.0005,0.012,0.00247116,60.81,0.004,0.0,BTC-6MAR20-11750-C,9643.51,58.36,0.002,50.0,0.003,30.0,63.26,1.98329,-4.68304,0.17461,0.0001,0.05344
9710.4,SYN.BTC-6MAR20,1582369144852,open,0.01,87.0,0.0005,0.019,0.00475727,55.83,0.005,0.0,BTC-6MAR20-8500-P,9643.51,54.99,0.0045,4.0,0.005,1.0,56.59,3.03602,-6.58176,-0.33507,0.00016,-0.09306
10396.56,SYN.BTC-25SEP20,1582369144852,open,0.02,86.4,0.0055,0.044,0.01743274,76.21,0.0185,0.0,BTC-25SEP20-28000-C,9643.51,75.39,0.0165,36.0,0.0185,0.1,77.12,12.01472,-2.12068,3.91755,2e-05,0.08114
9819.5,BTC-27MAR20,1582369144854,open,0.0,565.0,0.0005,0.0145,0.00400826,76.84,0.005,0.0,BTC-27MAR20-15000-C,9643.51,75.02,0.0035,84.0,0.0045,24.0,78.48,2.84813,-3.2303,0.37584,4e-05,0.04525
10108.03,BTC-26JUN20,1582369144854,open,0.0,605.6,0.0005,0.0125,0.00267278,83.77,0.0035,0.0,BTC-26JUN20-32000-C,9643.51,80.85,0.002,31.0,0.0035,31.0,86.74,2.56318,-0.85975,0.51499,1e-05,0.01756
10108.03,BTC-26JUN20,1582369144854,open,0.15,825.0,0.117,0.194,0.15233376,63.67,0.153,0.0,BTC-26JUN20-10000-C,9643.51,63.09,0.151,3.0,0.154,15.5,64.4,23.0476,-5.87564,14.96736,0.0001,0.58514
10108.03,BTC-26JUN20,1582369144854,open,0.04,358.6,0.0155,0.067,0.03468347,70.83,0.035,0.0,BTC-26JUN20-16000-C,9643.51,70.07,0.0335,23.8,0.036,4.9,71.68,15.71346,-4.45665,5.15382,6e-05,0.18371
9819.5,BTC-27MAR20,1582369144854,open,0.0,898.4,0.0005,0.0105,2.86e-06,111.95,0.0005,0.0,BTC-27MAR20-40000-C,9643.51,0.0,0.0,0.0,0.0005,40.1,158.51,0.00493,-0.00815,0.00033,0.0,4e-05
9819.5,BTC-27MAR20,1582369144854,open,0.0,267.1,0.0005,0.0105,2.258e-05,107.62,0.0005,0.0,BTC-27MAR20-32000-C,9643.51,0.0,0.0,0.0,0.0005,2.3,136.8,0.03223,-0.0512,0.00245,0.0,0.00029
9674.04,SYN.BTC-28FEB20,1582369144854,open,0.07,284.1,0.0535,0.0975,0.07419582,52.41,0.081,0.0,BTC-28FEB20-9000-C,9643.51,0.0,0.068,9.4,0.2,0.1,335.9,2.61703,-11.67108,1.237,0.00033,0.86851
9710.4,SYN.BTC-6MAR20,1582369144854,open,0.03,153.6,0.014,0.0565,0.02490876,49.95,0.0245,0.0,BTC-6MAR20-10000-C,9643.51,49.39,0.0245,24.0,0.0255,0.5,50.77,7.02241,-13.62252,1.26772,0.00042,0.395
9710.4,SYN.BTC-6MAR20,1582369144854,open,0.22,0.0,0.187,0.2415,0.21251383,60.81,None,0.0,BTC-6MAR20-11750-P,9643.51,0.0,0.0005,0.1,0.0,0.0,0.0,1.98328,-4.68301,-3.97031,0.0001,-0.94656
10396.56,SYN.BTC-25SEP20,1582369144854,open,0.98,1.6,0.9115,1.0415,0.96937019,73.0,1.02,0.0,BTC-25SEP20-20000-P,9643.51,0.0,0.22,1.0,1.025,0.4,96.04,21.56649,-3.64629,-109.52635,5e-05,-0.81185
10396.56,SYN.BTC-25SEP20,1582369144854,open,0.03,258.4,0.0125,0.0485,0.02599716,65.36,0.0255,0.0,BTC-25SEP20-6000-P,9643.51,64.14,0.0245,6.0,0.027,26.7,66.17,12.91167,-1.95472,-7.09122,3e-05,-0.08933
9674.04,SYN.BTC-28FEB20,1582369144854,open,0.0,61.8,0.0005,0.0125,0.00248362,56.43,0.0025,0.0,BTC-28FEB20-8750-P,9643.51,53.6,0.002,72.5,0.003,3.0,59.17,1.74133,-8.36178,-0.12101,0.0002,-0.07522
10108.03,BTC-26JUN20,1582369144856,open,0.02,1250.8,0.005,0.0385,0.01545076,74.8,0.0165,0.0,BTC-26JUN20-20000-C,9643.51,73.79,0.0145,31.0,0.0165,31.0,75.89,9.59993,-2.87535,2.57757,4e-05,0.08999
9819.5,BTC-27MAR20,1582369144856,open,0.02,1002.0,0.0085,0.041,0.01946165,58.39,0.019,0.0,BTC-27MAR20-8500-P,9643.51,57.82,0.019,19.3,0.02,10.0,59.06,7.95908,-6.85986,-1.85451,0.00015,-0.18403
9674.04,SYN.BTC-28FEB20,1582369144856,open,0.05,5.4,0.0325,0.078,0.05162489,47.45,0.051,0.0,BTC-28FEB20-9250-C,9643.51,31.87,0.0465,11.6,0.0,0.0,0.0,3.62744,-14.64653,1.13543,0.00051,0.78072
10396.56,SYN.BTC-25SEP20,1582369144856,open,0.8,1.1,0.733,0.8605,0.79029504,71.46,0.829,0.0,BTC-25SEP20-18000-P,9643.51,0.0,0.11,1.0,0.835,0.5,88.79,24.54235,-4.0619,-95.66389,5e-05,-0.76548
9819.5,BTC-27MAR20,1582369144861,open,0.44,22.4,0.429,0.454,0.44080093,85.9,0.4285,0.0,BTC-27MAR20-5500-C,9643.51,0.0,0.0005,0.1,0.0,0.0,0.0,0.76193,-0.96601,5.00973,1e-05,0.99051
10108.03,BTC-26JUN20,1582369144861,open,1.59,0.0,1.5235,1.643,1.57841828,80.58,None,0.0,BTC-26JUN20-26000-P,9643.51,0.0,0.0,0.0,0.0,0.0,0.0,4.9355,-1.59245,-87.83686,2e-05,-0.96153
9819.5,BTC-27MAR20,1582369144861,open,0.24,7.3,0.224,0.265,0.24321118,65.26,0.2695,0.0,BTC-27MAR20-7500-C,9643.51,37.18,0.2365,0.1,0.0,0.0,0.0,4.14162,-3.98905,6.23305,7e-05,0.92715
10108.03,BTC-26JUN20,1582369144861,open,0.06,932.3,0.0295,0.093,0.0551598,68.71,0.0545,0.0,BTC-26JUN20-14000-C,9643.51,67.86,0.0535,22.1,0.057,4.9,69.66,19.589,-5.38959,7.46803,8e-05,0.27111
9674.04,SYN.BTC-28FEB20,1582369144861,open,0.12,0.0,0.09,0.1395,0.11318319,54.17,None,0.0,BTC-28FEB20-10750-P,9643.51,0.0,0.0005,0.1,0.0,0.0,0.0,1.58955,-7.32728,-1.62954,0.00019,-0.9332
9674.04,SYN.BTC-28FEB20,1582369144861,open,0.12,341.8,0.104,0.1435,0.12310479,63.62,0.113,0.0,BTC-28FEB20-8500-C,9643.51,0.0,0.063,0.2,0.22,1.0,321.64,1.26921,-6.87096,1.28747,0.00013,0.94984
9710.4,SYN.BTC-6MAR20,1582369144861,open,0.17,0.0,0.138,0.1935,0.16326306,57.79,None,0.0,BTC-6MAR20-11250-P,9643.51,0.0,0.0005,0.1,0.0,0.0,0.0,3.11851,-6.99809,-3.65409,0.00016,-0.90349
9674.04,SYN.BTC-28FEB20,1582369144861,open,0.09,282.0,0.066,0.116,0.08913202,52.88,0.088,0.0,BTC-28FEB20-10500-P,9643.51,0.0,0.01,10.2,0.0,0.0,0.0,2.41887,-10.88424,-1.51315,0.0003,-0.88251
9710.4,SYN.BTC-6MAR20,1582369144861,open,0.08,4.0,0.0535,0.109,0.07353008,51.6,0.1005,0.0,BTC-6MAR20-10250-P,9643.51,0.0,0.0005,0.1,0.0,0.0,0.0,6.39011,-12.80483,-2.6319,0.00037,-0.69481
9710.4,SYN.BTC-6MAR20,1582369144861,open,0.0,94.9,0.0005,0.0115,0.00195743,63.18,0.0025,0.0,BTC-6MAR20-12000-C,9643.51,60.27,0.0015,50.0,0.0025,30.0,66.16,1.64414,-4.03392,0.13815,8e-05,0.04229
9674.04,SYN.BTC-28FEB20,1582369144861,open,0.0,671.1,0.0005,0.0105,3e-08,68.13,0.001,0.0,BTC-28FEB20-6500-P,9643.51,0.0,0.0,0.0,0.0005,31.0,135.67,0.0001,-0.00029,0.0,0.0,0.0
9674.04,SYN.BTC-28FEB20,1582369144861,open,0.24,27.2,0.2165,0.2665,0.24050692,61.33,0.2075,0.0,BTC-28FEB20-12000-P,9643.51,0.0,0.0005,0.1,0.2495,4.8,133.41,0.11788,-0.61519,-1.92692,1e-05,-0.99683
10396.56,SYN.BTC-25SEP20,1582369144861,open,0.01,439.4,0.0025,0.0265,0.01203124,66.74,0.013,0.0,BTC-25SEP20-5000-P,9643.51,65.33,0.011,26.0,0.013,20.0,68.02,7.74095,-1.19661,-3.58071,2e-05,-0.0462
9674.04,SYN.BTC-28FEB20,1582369144861,open,0.01,1919.8,0.002,0.034,0.0116965,48.62,0.012,0.0,BTC-28FEB20-10000-C,9643.51,47.05,0.011,3.0,0.0125,36.1,50.41,4.3074,-17.82046,0.45877,0.00059,0.30629
9819.5,BTC-27MAR20,1582369144864,open,0.01,1615.5,0.0015,0.0265,0.01144874,61.06,0.012,0.0,BTC-27MAR20-8000-P,9643.51,60.3,0.011,24.0,0.012,40.0,61.97,5.84579,-5.2681,-1.16237,0.00011,-0.1161
9819.5,BTC-27MAR20,1582369144864,open,0.01,2176.2,0.0005,0.0195,0.00627842,73.15,0.006,0.0,BTC-27MAR20-14000-C,9643.51,71.16,0.0055,84.0,0.007,34.0,74.87,3.99038,-4.30821,0.57532,6e-05,0.06941
10108.03,BTC-26JUN20,1582369144864,open,0.06,426.3,0.0305,0.0845,0.05287771,63.67,0.0525,0.0,BTC-26JUN20-8000-P,9643.51,62.55,0.051,4.9,0.0535,23.8,64.04,16.93185,-4.31652,-9.01322,8e-05,-0.20775
9819.5,BTC-27MAR20,1582369144864,open,2.47,0.0,2.395,2.5335,2.46251247,109.48,None,0.0,BTC-27MAR20-34000-P,9643.51,0.0,0.0005,1.0,0.0,0.0,0.0,0.02134,-0.03449,-31.55386,0.0,-0.99981
9819.5,BTC-27MAR20,1582369144864,open,0.04,988.0,0.018,0.061,0.03338735,57.65,0.0325,0.0,BTC-27MAR20-9000-P,9643.51,56.29,0.032,19.3,0.034,38.7,58.24,10.06309,-8.56232,-2.85242,0.0002,-0.2796
9819.5,BTC-27MAR20,1582369144864,open,1.45,0.0,1.3965,1.496,1.44441911,102.65,None,0.0,BTC-27MAR20-24000-P,9643.51,0.0,0.0,0.0,0.0,0.0,0.0,0.31052,-0.47046,-22.24573,0.0,-0.99655
9819.5,BTC-27MAR20,1582369144864,open,0.34,0.0,0.3255,0.358,0.34081071,75.8,None,0.0,BTC-27MAR20-6500-C,9643.51,0.0,0.0005,0.1,0.0,0.0,0.0,1.95481,-2.1869,5.7471,3e-05,0.97143
9819.5,BTC-27MAR20,1582369144864,open,0.0,1577.4,0.0005,0.014,0.0044897,70.66,0.0045,0.0,BTC-27MAR20-7000-P,9643.51,68.96,0.004,65.9,0.005,36.1,72.34,2.9108,-3.03589,-0.46461,5e-05,-0.04649
10108.03,BTC-26JUN20,1582369144864,open,0.33,125.2,0.3105,0.3635,0.3347026,64.54,0.3365,0.0,BTC-26JUN20-7000-C,9643.51,0.0,0.285,0.1,0.356,10.0,80.89,12.00673,-3.10257,18.7676,5e-05,0.8774
9819.5,BTC-27MAR20,1582369144864,open,0.0,318.1,0.0005,0.0105,0.00071799,102.56,0.001,0.0,BTC-27MAR20-22000-C,9643.51,98.7,0.0005,53.9,0.001,24.0,106.45,0.62984,-0.95344,0.0631,1e-05,0.00764
9819.5,BTC-27MAR20,1582369144864,open,0.0,532.1,0.0005,0.0105,0.0002905,85.92,0.0005,0.0,BTC-27MAR20-5000-P,9643.51,0.0,0.0,0.0,0.001,24.1,99.9,0.30382,-0.38528,-0.03335,0.0,-0.00337
9819.5,BTC-27MAR20,1582369144864,open,0.19,846.1,0.1755,0.2205,0.19674331,61.06,0.195,0.0,BTC-27MAR20-8000-C,9643.51,0.0,0.1085,1.0,0.316,5.0,194.36,5.84579,-5.2681,6.26244,0.00011,0.8839
9819.5,BTC-27MAR20,1582369144864,open,0.0,1389.6,0.0005,0.0105,1.276e-05,85.93,0.0005,0.0,BTC-27MAR20-4000-P,9643.51,0.0,0.0,0.0,0.0005,12.9,119.26,0.02103,-0.02667,-0.0018,0.0,-0.00018
9674.04,SYN.BTC-28FEB20,1582369144864,open,0.0,75.6,0.0005,0.0105,0.00074139,60.15,0.001,0.0,BTC-28FEB20-11250-C,9643.51,56.63,0.0005,33.0,0.001,30.0,63.19,0.74664,-3.82165,0.03968,8e-05,0.02622
9674.04,SYN.BTC-28FEB20,1582369144864,open,0.19,0.3,0.1655,0.215,0.18910987,60.71,0.1175,0.0,BTC-28FEB20-11500-P,9643.51,0.0,0.0005,0.1,0.0,0.0,0.0,0.42946,-2.2186,-1.8305,5e-05,-0.98632
9710.4,SYN.BTC-6MAR20,1582369144864,open,0.12,0.0,0.0925,0.149,0.11583219,53.87,None,0.0,BTC-6MAR20-10750-P,9643.51,0.0,0.0005,0.1,0.0,0.0,0.0,4.61262,-9.64838,-3.24038,0.00026,-0.83015
9710.4,SYN.BTC-6MAR20,1582369144864,open,0.01,358.1,0.0015,0.036,0.01120632,50.99,0.011,0.0,BTC-6MAR20-9000-P,9643.51,49.63,0.0105,24.0,0.012,44.0,52.48,5.10775,-10.11355,-0.72388,0.0003,-0.20012
9710.4,SYN.BTC-6MAR20,1582369144864,open,0.08,0.0,0.066,0.1145,0.08436513,50.99,None,0.0,BTC-6MAR20-9000-C,9643.51,39.87,0.079,0.1,0.0,0.0,0.0,5.10775,-10.11355,2.45095,0.0003,0.79988
9674.04,SYN.BTC-28FEB20,1582369144864,open,0.0,278.7,0.0005,0.0105,0.0,68.58,0.001,0.0,BTC-28FEB20-5500-P,9643.51,0.0,0.0,0.0,0.0005,30.2,186.38,0.0,0.0,0.0,0.0,0.0
9710.4,SYN.BTC-6MAR20,1582369144864,open,0.13,0.0,0.11,0.1535,0.12940725,55.83,None,0.0,BTC-6MAR20-8500-C,9643.51,0.0,0.0005,0.1,0.0,0.0,0.0,3.03602,-6.58178,2.66338,0.00016,0.90694
10396.56,SYN.BTC-25SEP20,1582369144864,open,0.03,75.8,0.0105,0.06,0.02740215,74.69,0.028,0.0,BTC-25SEP20-24000-C,9643.51,73.77,0.026,26.0,0.029,26.1,75.71,16.10156,-2.78537,5.76421,3e-05,0.12115
9674.04,SYN.BTC-28FEB20,1582369144864,open,0.17,0.0,0.1405,0.1895,0.16364806,60.15,None,0.0,BTC-28FEB20-11250-P,9643.51,0.0,0.0005,0.1,0.0,0.0,0.0,0.74662,-3.82156,-1.77132,8e-05,-0.97378
9710.4,SYN.BTC-6MAR20,1582369144864,open,0.15,0.0,0.1345,0.175,0.15361106,59.09,None,0.0,BTC-6MAR20-8250-C,9643.51,0.0,0.0005,0.1,0.0,0.0,0.0,2.27762,-5.22615,2.6809,0.00012,0.93626
9674.04,SYN.BTC-28FEB20,1582369144864,open,0.0,940.7,0.0005,0.0105,1.95e-06,62.16,0.0005,0.0,BTC-28FEB20-13000-C,9643.51,0.0,0.0,0.0,0.0005,51.0,100.16,0.00508,-0.01886,0.00016,0.0,0.0001
10396.56,SYN.BTC-25SEP20,1582369144864,open,0.08,339.7,0.0455,0.1265,0.0790582,70.22,0.0815,0.0,BTC-25SEP20-16000-C,9643.51,69.45,0.077,17.0,0.0815,21.9,71.13,27.7429,-4.51217,13.50256,6e-05,0.29865
9819.5,BTC-27MAR20,1582369144866,open,0.15,164.0,0.1315,0.1815,0.15383713,58.39,0.142,0.0,BTC-27MAR20-8500-C,9643.51,0.0,0.03,0.2,0.159,0.1,64.57,7.95908,-6.85986,6.03435,0.00015,0.81597
9819.5,BTC-27MAR20,1582369144866,open,0.24,174.7,0.2085,0.276,0.23955472,64.69,0.245,0.0,BTC-27MAR20-12000-P,9643.51,0.0,0.021,1.1,0.31,1.0,132.63,7.82315,-7.46942,-9.66505,0.00014,-0.82097
9674.04,SYN.BTC-28FEB20,1582369144864,open,0.02,141.8,0.0075,0.0465,0.02020132,47.08,0.02,0.0,BTC-28FEB20-9750-C,9643.51,44.7,0.019,20.9,0.021,21.3,48.67,4.87173,-19.51985,0.68451,0.00069,0.45975
9710.4,SYN.BTC-6MAR20,1582369144864,open,0.0,12.5,0.0005,0.014,0.00347361,59.59,0.005,0.0,BTC-6MAR20-11500-C,9643.51,57.69,0.003,20.0,0.004,30.0,61.54,2.52288,-5.83777,0.23738,0.00013,0.07277
10108.03,BTC-26JUN20,1582369144866,open,0.51,8.0,0.4975,0.528,0.51108321,72.07,0.502,0.0,BTC-26JUN20-5000-C,9643.51,43.64,0.5055,0.1,0.0,0.0,0.0,4.02512,-1.16156,15.86961,2e-05,0.96998
9674.04,SYN.BTC-28FEB20,1582369144864,open,0.0,513.3,0.0005,0.0105,0.00036083,60.71,0.0005,0.0,BTC-28FEB20-11500-C,9643.51,0.0,0.0,0.0,0.001,30.0,70.64,0.42948,-2.21872,0.02075,5e-05,0.01368
10396.56,SYN.BTC-25SEP20,1582369144864,open,0.18,212.8,0.136,0.2275,0.17759209,65.74,0.1905,0.0,BTC-25SEP20-11000-C,9643.51,65.05,0.1755,12.9,0.183,16.5,67.52,31.581,-4.80873,23.27691,8e-05,0.55614
10396.56,SYN.BTC-25SEP20,1582369144866,open,0.06,148.3,0.0305,0.1025,0.05895314,71.46,0.06,0.0,BTC-25SEP20-18000-C,9643.51,70.63,0.057,18.1,0.061,23.0,72.32,24.54235,-4.0619,10.79536,5e-05,0.23452
9710.4,SYN.BTC-6MAR20,1582369144866,open,0.0,32.0,0.0005,0.0105,0.00091683,68.24,0.0015,0.0,BTC-6MAR20-7500-P,9643.51,62.45,0.0005,50.0,0.0015,30.1,74.0,0.83773,-2.22011,-0.06753,4e-05,-0.0188
10108.03,BTC-26JUN20,1582369144871,open,0.03,296.9,0.013,0.0505,0.02722132,64.54,0.031,0.0,BTC-26JUN20-7000-P,9643.51,63.93,0.0265,1.0,0.028,24.5,65.19,12.00673,-3.10257,-5.18116,5e-05,-0.1226
9819.5,BTC-27MAR20,1582369144871,open,0.0,154.1,0.0005,0.0105,3.679e-05,105.68,0.0005,0.0,BTC-27MAR20-30000-C,9643.51,0.0,0.0,0.0,0.001,40.1,139.86,0.05019,-0.07829,0.00395,0.0,0.00047
9819.5,BTC-27MAR20,1582369144871,open,0.0,1632.9,0.0005,0.0115,0.00174039,81.73,0.0015,0.0,BTC-27MAR20-6000-P,9643.51,79.84,0.0015,180.4,0.002,24.0,83.6,1.30791,-1.57783,-0.17753,2e-05,-0.01774
10108.03,BTC-26JUN20,1582369144871,open,0.0,456.7,0.0005,0.012,0.00217518,77.91,0.0035,0.0,BTC-26JUN20-4000-P,9643.51,73.73,0.0015,41.0,0.003,31.0,82.03,1.82633,-0.56976,-0.48495,1e-05,-0.01185
9819.5,BTC-27MAR20,1582369144871,open,2.27,0.0,2.195,2.3255,2.25884431,107.62,None,0.0,BTC-27MAR20-32000-P,9643.51,0.0,0.0005,1.0,0.0,0.0,0.0,0.03223,-0.0512,-29.69679,0.0,-0.99971
9674.04,SYN.BTC-28FEB20,1582369144871,open,0.38,2.1,0.3675,0.3915,0.37978311,78.35,0.3795,0.0,BTC-28FEB20-6000-C,9643.51,0.0,0.0095,0.1,0.0,0.0,0.0,4e-05,-0.00025,0.96587,0.0,1.0
9710.4,SYN.BTC-6MAR20,1582369144871,open,0.1,0.0,0.072,0.1285,0.09453075,53.8,None,0.0,BTC-6MAR20-10500-P,9643.51,0.0,0.0005,0.1,0.0,0.0,0.0,5.60165,-11.70249,-2.94501,0.00031,-0.76522
9674.04,SYN.BTC-28FEB20,1582369144871,open,0.0,309.6,0.0005,0.0105,0.0,68.3,0.0005,0.0,BTC-28FEB20-6000-P,9643.51,0.0,0.0,0.0,0.0005,30.3,160.07,0.0,0.0,0.0,0.0,0.0
10396.56,SYN.BTC-25SEP20,1582369144871,open,0.62,2.4,0.5615,0.687,0.61802879,70.22,0.65,0.0,BTC-25SEP20-16000-P,9643.51,0.0,0.09,1.0,0.7755,1.0,123.43,27.7429,-4.51217,-81.12789,6e-05,-0.70135
10396.56,SYN.BTC-25SEP20,1582369144871,open,0.11,437.1,0.0695,0.1575,0.10726595,68.54,0.108,0.0,BTC-25SEP20-14000-C,9643.51,67.94,0.1055,18.6,0.1095,3.0,69.3,30.48471,-4.83946,16.87537,7e-05,0.38171
10396.56,SYN.BTC-25SEP20,1582369144871,open,0.45,1.0,0.4265,0.4765,0.44888319,65.36,0.425,0.0,BTC-25SEP20-6000-C,9643.51,54.69,0.437,0.1,0.0,0.0,0.0,12.91167,-1.95472,28.3952,3e-05,0.91067
10396.56,SYN.BTC-25SEP20,1582369144873,open,0.09,207.7,0.0535,0.1225,0.08299751,65.36,0.079,0.0,BTC-25SEP20-8000-P,9643.51,63.38,0.0785,4.9,0.082,15.6,64.92,23.66644,-3.58289,-18.62348,6e-05,-0.21988
10396.56,SYN.BTC-25SEP20,1582369144873,open,0.15,394.7,0.108,0.2,0.14921412,66.71,0.149,0.0,BTC-25SEP20-12000-C,9643.51,65.99,0.147,17.0,0.1515,3.0,67.46,31.88892,-4.92723,21.00423,7e-05,0.49081
10396.56,SYN.BTC-25SEP20,1582369144873,open,0.05,199.5,0.0215,0.086,0.04565696,73.0,0.0515,0.0,BTC-25SEP20-20000-C,9643.51,72.68,0.045,2.0,0.0465,4.9,73.4,21.56649,-3.64629,8.7617,5e-05,0.18815
9674.04,SYN.BTC-28FEB20,1582369144873,open,0.01,1175.7,0.0005,0.019,0.00452115,52.41,0.0045,0.0,BTC-28FEB20-9000-P,9643.51,50.44,0.004,54.6,0.005,62.0,54.14,2.61702,-11.67105,-0.21181,0.00033,-0.13149
10396.56,SYN.BTC-25SEP20,1582369144873,open,0.62,700.1,0.6095,0.6345,0.6204981,70.76,0.654,0.0,BTC-25SEP20-4000-C,9643.51,52.5,0.616,0.1,0.0,0.0,0.0,4.086,-0.66969,22.02463,1e-05,0.97868
9710.4,SYN.BTC-6MAR20,1582369144877,open,0.02,18.3,0.008,0.046,0.01796094,51.6,0.0175,0.0,BTC-6MAR20-10250-C,9643.51,50.14,0.017,24.0,0.019,23.0,53.17,6.39011,-12.80483,0.98387,0.00037,0.30519
10108.03,BTC-26JUN20,1582369144880,open,0.01,449.6,0.0005,0.0155,0.00573944,72.07,0.007,0.0,BTC-26JUN20-5000-P,9643.51,70.15,0.005,31.0,0.0065,41.0,73.92,4.02512,-1.16156,-1.23665,2e-05,-0.03002
10108.03,BTC-26JUN20,1582369144882,open,1.2,0.0,1.138,1.2475,1.18743855,76.72,None,0.0,BTC-26JUN20-22000-P,9643.51,0.0,0.001,2.0,2.21,1.0,500.0,7.55659,-2.32114,-73.37516,3e-05,-0.93433
10108.03,BTC-26JUN20,1582369144882,open,0.81,1.0,0.7565,0.861,0.80345347,72.86,0.9,0.0,BTC-26JUN20-18000-P,9643.51,0.0,0.001,2.0,0.0,0.0,0.0,12.30213,-3.58881,-57.9774,5e-05,-0.87306
9674.04,SYN.BTC-28FEB20,1582369144882,open,0.17,250.0,0.1565,0.191,0.1734255,68.02,0.157,0.0,BTC-28FEB20-8000-C,9643.51,0.0,0.001,0.1,0.0,0.0,0.0,0.3941,-2.28105,1.26794,4e-05,0.98761
10396.56,SYN.BTC-25SEP20,1582369144882,open,0.01,321.2,0.002,0.034,0.01193546,77.91,0.011,0.0,BTC-25SEP20-32000-C,9643.51,76.83,0.011,19.5,0.013,6.0,79.09,9.20318,-1.6608,2.79765,2e-05,0.05743
9674.04,SYN.BTC-28FEB20,1582369144882,open,0.0,819.3,0.0005,0.0105,1.56e-06,68.05,0.0005,0.0,BTC-28FEB20-7000-P,9643.51,0.0,0.0,0.0,0.0005,33.9,112.83,0.00372,-0.01512,-0.00012,0.0,-8e-05
9674.04,SYN.BTC-28FEB20,1582369144882,open,0.0,1203.7,0.0005,0.011,0.00124862,57.71,0.0015,0.0,BTC-28FEB20-11000-C,9643.51,55.42,0.001,84.1,0.0015,30.0,59.77,1.11992,-5.49962,0.0649,0.00013,0.04292
9819.5,BTC-27MAR20,1582369144884,open,0.08,805.7,0.0565,0.115,0.08018439,57.65,0.082,0.0,BTC-27MAR20-10000-P,9643.51,57.08,0.0795,14.4,0.081,3.0,58.32,11.93279,-10.15308,-5.34534,0.00023,-0.50635
10108.03,BTC-26JUN20,1582369144884,open,0.7,34.7,0.6945,0.714,0.70411669,88.94,0.7145,0.0,BTC-26JUN20-3000-C,9643.51,0.0,0.0,0.0,0.0,0.0,0.0,0.81324,-0.2896,10.06879,0.0,0.99527
9674.04,SYN.BTC-28FEB20,1582369144884,open,0.35,0.1,0.3175,0.371,0.34380521,62.12,0.36,0.0,BTC-28FEB20-13000-P,9643.51,0.0,0.006,0.1,0.353,4.7,167.54,0.00502,-0.02655,-2.09255,0.0,-0.9999
9674.04,SYN.BTC-28FEB20,1582369144884,open,0.48,8.6,0.473,0.493,0.48315259,106.5,0.481,0.0,BTC-28FEB20-5000-C,9643.51,0.0,0.0005,0.1,0.0,0.0,0.0,2e-05,-0.00021,0.80489,0.0,1.0
10396.56,SYN.BTC-25SEP20,1582369144884,open,0.24,312.2,0.189,0.2925,0.23563437,65.74,0.2365,0.0,BTC-25SEP20-11000-P,9643.51,65.04,0.2335,3.6,0.2375,3.0,66.36,31.581,-4.80873,-41.78152,8e-05,-0.44386
10396.56,SYN.BTC-25SEP20,1582369144884,open,0.38,5.2,0.3475,0.4115,0.37650576,65.36,0.392,0.0,BTC-25SEP20-7000-C,9643.51,49.8,0.351,0.1,0.5015,100.0,127.79,18.607,-2.81693,29.14099,4e-05,0.85042
10396.56,SYN.BTC-25SEP20,1582369144884,open,0.31,73.6,0.2785,0.3545,0.31351222,65.36,0.3135,0.0,BTC-25SEP20-8000-C,9643.51,53.19,0.2865,8.0,0.337,8.0,75.55,23.66644,-3.58289,28.69174,6e-05,0.78012
9819.5,BTC-27MAR20,1582369144886,open,0.0,2083.1,0.0005,0.0125,0.00297056,81.7,0.0035,0.0,BTC-27MAR20-16000-C,9643.51,79.49,0.0025,84.0,0.0035,24.0,83.94,2.20773,-2.66224,0.27457,3e-05,0.0331
9819.5,BTC-27MAR20,1582369144886,open,0.03,1146.2,0.0155,0.058,0.0329689,61.43,0.0325,0.0,BTC-27MAR20-11000-C,9643.51,60.51,0.032,2.0,0.034,36.2,62.39,10.46235,-9.48546,2.46951,0.00019,0.30394
9710.4,SYN.BTC-6MAR20,1582369144886,open,0.06,6.1,0.048,0.0975,0.06456882,49.25,0.0645,0.0,BTC-6MAR20-9250-C,9643.51,0.0,0.001,0.1,0.0,0.0,0.0,6.17996,-11.81836,2.23191,0.00038,0.71614
9674.04,SYN.BTC-28FEB20,1582369144886,open,0.0,1439.4,0.0005,0.0115,0.00174538,63.62,0.002,0.0,BTC-28FEB20-8500-P,9643.51,61.67,0.0015,37.0,0.002,2.5,65.49,1.2692,-6.87091,-0.08084,0.00013,-0.05016
9710.4,SYN.BTC-6MAR20,1582369144886,open,0.24,0.0,0.212,0.267,0.23774569,63.18,None,0.0,BTC-6MAR20-12000-P,9643.51,0.0,0.0005,0.1,0.0,0.0,0.0,1.64413,-4.0339,-4.09496,8e-05,-0.95771
9674.04,SYN.BTC-28FEB20,1582369144886,open,0.14,24.1,0.115,0.1645,0.13831292,57.71,0.137,0.0,BTC-28FEB20-11000-P,9643.51,0.0,0.0005,0.1,0.0,0.0,0.0,1.11991,-5.49955,-1.70586,0.00013,-0.95708
9674.04,SYN.BTC-28FEB20,1582369144886,open,0.33,26.5,0.3145,0.341,0.3280984,69.14,0.3255,0.0,BTC-28FEB20-6500-C,9643.51,0.0,0.0005,0.1,0.0,0.0,0.0,0.00014,-0.00081,1.04635,0.0,1.0
9819.5,BTC-27MAR20,1582369144893,open,0.84,0.0,0.7975,0.8765,0.83455499,87.9,1.23,0.0,BTC-27MAR20-18000-P,9643.51,0.0,0.0125,1.0,0.0,0.0,0.0,1.23714,-1.60504,-16.56772,2e-05,-0.98338
10108.03,BTC-26JUN20,1582369144893,open,0.0,330.7,0.0005,0.0105,0.00091043,88.94,0.001,0.0,BTC-26JUN20-3000-P,9643.51,82.74,0.0005,22.0,0.0015,25.2,95.07,0.81324,-0.2896,-0.19497,0.0,-0.00473
9710.4,SYN.BTC-6MAR20,1582369144893,open,0.14,0.0,0.1145,0.171,0.13907853,55.52,None,0.0,BTC-6MAR20-11000-P,9643.51,0.0,0.0005,0.1,0.0,0.0,0.0,3.78272,-8.15492,-3.46901,0.0002,-0.87364
9819.5,BTC-27MAR20,1582369144898,open,0.12,1649.3,0.094,0.1475,0.11684374,57.65,0.125,0.0,BTC-27MAR20-9000-C,9643.51,55.35,0.1145,3.0,0.125,0.4,65.49,10.06309,-8.56232,5.50049,0.0002,0.7204
9674.04,SYN.BTC-28FEB20,1582369144910,open,0.01,125.8,0.0005,0.029,0.0077926,47.45,0.0085,0.0,BTC-28FEB20-9250-P,9643.51,45.31,0.007,27.0,0.0085,25.3,49.32,3.62744,-14.64653,-0.35362,0.00051,-0.21928
9819.5,BTC-27MAR20,1582369144912,open,1.05,5.3,0.997,1.0825,1.03768814,94.88,0.907,0.0,BTC-27MAR20-20000-P,9643.51,0.0,0.0005,1.0,0.0,0.0,0.0,0.81594,-1.14271,-18.47687,1e-05,-0.98973
9710.4,SYN.BTC-6MAR20,1582369144912,open,0.04,19.5,0.025,0.0745,0.03889234,49.05,0.039,0.0,BTC-6MAR20-9750-P,9643.51,47.2,0.0375,21.0,0.04,6.0,50.53,7.27588,-13.85986,-1.84335,0.00045,-0.49924
9674.04,SYN.BTC-28FEB20,1582369144912,open,0.07,5.0,0.044,0.0945,0.06576223,49.44,0.093,0.0,BTC-28FEB20-10250-P,9643.51,0.0,0.002,0.1,0.0,0.0,0.0,3.29344,-13.85523,-1.36919,0.00044,-0.81344
10108.03,BTC-26JUN20,1582369144919,open,0.01,593.5,0.0005,0.0245,0.00800158,78.5,0.0085,0.0,BTC-26JUN20-24000-C,9643.51,76.75,0.007,31.0,0.009,46.0,80.12,6.0089,-1.88863,1.42089,2e-05,0.04909
9710.4,SYN.BTC-6MAR20,1582369144919,open,0.03,82.3,0.022,0.0685,0.03481438,49.05,0.035,0.0,BTC-6MAR20-9750-C,9643.51,47.97,0.034,18.0,0.0355,0.5,49.97,7.27588,-13.85986,1.59605,0.00045,0.50076
9674.04,SYN.BTC-28FEB20,1582369144919,open,0.0,248.8,0.0005,0.0105,0.0,68.97,0.0005,0.0,BTC-28FEB20-5000-P,9643.51,0.0,0.0,0.0,0.0005,30.5,215.05,0.0,0.0,0.0,0.0,0.0
9819.5,BTC-27MAR20,1582369144921,open,0.06,1557.3,0.041,0.0935,0.0618026,57.65,0.0615,0.0,BTC-27MAR20-10000-C,9643.51,56.99,0.061,0.2,0.0625,3.5,58.22,11.93279,-10.15308,3.93567,0.00023,0.49365
9674.04,SYN.BTC-28FEB20,1582369144921,open,0.05,594.7,0.0255,0.0745,0.04539132,48.62,0.045,0.0,BTC-28FEB20-10000-P,9643.51,44.31,0.0435,3.0,0.0455,3.0,48.86,4.3074,-17.82044,-1.15101,0.00059,-0.69371
9819.5,BTC-27MAR20,1582369144930,open,3.09,1.4,2.994,3.1565,3.07353002,111.95,3.0435,0.0,BTC-27MAR20-40000-P,9643.51,0.0,0.0005,1.0,0.0,0.0,0.0,0.00493,-0.00815,-37.12371,0.0,-0.99996
10108.03,BTC-26JUN20,1582369144930,open,0.28,152.3,0.2335,0.3305,0.27778012,66.35,0.273,0.0,BTC-26JUN20-12000-P,9643.51,0.0,0.005,0.3,0.318,1.0,83.86,22.87225,-6.07648,-30.28459,0.0001,-0.59795
9819.5,BTC-27MAR20,1582369144932,open,0.0,428.4,0.0005,0.0105,9.03e-06,110.95,0.0005,0.0,BTC-27MAR20-36000-C,9643.51,0.0,0.0,0.0,0.0005,151.0,148.34,0.01396,-0.02286,0.001,0.0,0.00012
9819.5,BTC-27MAR20,1582369144932,open,0.64,21.2,0.5985,0.672,0.63238143,81.7,0.501,0.0,BTC-27MAR20-16000-P,9643.51,0.0,0.05,0.1,0.95,0.1,393.76,2.20773,-2.66224,-14.57505,3e-05,-0.9669
9819.5,BTC-27MAR20,1582369144932,open,0.54,38.5,0.532,0.5515,0.54180014,85.93,0.5315,0.0,BTC-27MAR20-4500-C,9643.51,0.0,0.0005,0.1,0.0,0.0,0.0,0.09426,-0.11955,4.16732,0.0,0.99907
9819.5,BTC-27MAR20,1582369144932,open,0.0,221.1,0.0005,0.0105,1.438e-05,109.48,0.0005,0.0,BTC-27MAR20-34000-C,9643.51,0.0,0.0,0.0,0.0005,4.0,142.76,0.02134,-0.03449,0.00158,0.0,0.00019
9819.5,BTC-27MAR20,1582369144932,open,2.68,0.1,2.5945,2.741,2.66618348,110.95,2.64,0.0,BTC-27MAR20-36000-P,9643.51,0.0,0.0005,1.0,0.0,0.0,0.0,0.01396,-0.02286,-33.41064,0.0,-0.99988
9710.4,SYN.BTC-6MAR20,1582369144932,open,0.2,0.0,0.186,0.222,0.20333879,65.59,None,0.0,BTC-6MAR20-7750-C,9643.51,0.0,0.0005,0.1,0.0,0.0,0.0,1.21461,-3.0936,2.62877,6e-05,0.97077
9710.4,SYN.BTC-6MAR20,1582369144932,open,0.19,0.0,0.1625,0.217,0.18777069,59.59,None,0.0,BTC-6MAR20-11500-P,9643.51,0.0,0.0005,0.1,0.0,0.0,0.0,2.52288,-5.83775,-3.81935,0.00013,-0.92723
9674.04,SYN.BTC-28FEB20,1582369144932,open,0.03,140.3,0.0125,0.0565,0.02805377,47.08,0.0285,0.0,BTC-28FEB20-9750-P,9643.51,43.0,0.026,2.9,0.0285,3.0,47.97,4.87173,-19.51985,-0.88502,0.00069,-0.54025
10396.56,SYN.BTC-25SEP20,1582369144932,open,0.26,126.1,0.221,0.305,0.25967985,65.36,0.263,0.0,BTC-25SEP20-9000-C,9643.51,55.85,0.2345,8.0,0.2795,8.0,72.83,27.59513,-4.17765,27.37118,7e-05,0.70482
10396.56,SYN.BTC-25SEP20,1582369144934,open,0.46,103.0,0.3995,0.5195,0.45386521,68.54,0.4855,0.0,BTC-25SEP20-14000-P,9643.51,0.0,0.08,1.0,0.489,0.8,80.32,30.48471,-4.83946,-65.92627,7e-05,-0.61829
10108.03,BTC-26JUN20,1582369144940,open,0.61,21.0,0.5965,0.618,0.6064502,77.91,0.599,0.0,BTC-26JUN20-4000-C,9643.51,0.0,0.604,0.1,0.0,0.0,0.0,1.82633,-0.56976,13.20006,1e-05,0.98815
9710.4,SYN.BTC-6MAR20,1582369144957,open,0.0,93.2,0.0005,0.012,0.00247645,64.08,0.0025,0.0,BTC-6MAR20-8000-P,9643.51,61.36,0.002,50.0,0.003,30.2,66.75,1.80377,-4.48826,-0.171,8e-05,-0.04745
10108.03,BTC-26JUN20,1582369144974,open,0.01,253.2,0.0005,0.0175,0.0046989,81.95,0.006,0.0,BTC-26JUN20-28000-C,9643.51,80.09,0.004,25.0,0.0055,31.0,83.88,3.98476,-1.30755,0.86313,1e-05,0.02966
9674.04,SYN.BTC-28FEB20,1582369144976,open,0.03,365.3,0.017,0.061,0.03370035,47.1,0.034,0.0,BTC-28FEB20-9500-C,9643.51,44.59,0.0325,20.6,0.035,3.0,49.81,4.63158,-18.56485,0.92967,0.00065,0.63067
9819.5,BTC-27MAR20,1582369145000,open,0.02,2033.1,0.006,0.0375,0.01749657,64.69,0.018,0.0,BTC-27MAR20-12000-C,9643.51,63.42,0.0165,58.1,0.0185,58.6,65.94,7.82315,-7.46942,1.47217,0.00014,0.17903
9710.4,SYN.BTC-6MAR20,1582369145619,open,0.03,252.7,0.0155,0.06,0.02653891,49.06,0.027,0.0,BTC-6MAR20-9500-P,9643.51,48.31,0.026,1.0,0.027,3.0,49.7,6.98871,-13.31528,-1.42095,0.00043,-0.38828
264.81,ETH-27MAR20,1582369145714,open,0.83,0.0,0.7625,0.889,0.821792,116.53,None,0.0,ETH-27MAR20-480-P,259.96,0.0,0.004,50.0,0.0,0.0,0.0,0.10483,-0.18031,-0.43125,0.00138,-0.93291
282.93,SYN.ETH-25SEP20,1582369145712,open,0.05,564.0,0.019,0.0965,0.05082,100.4,0.0575,0.0,ETH-25SEP20-800-C,259.96,95.65,0.042,297.0,0.057,297.0,103.51,0.54745,-0.1273,0.19689,0.00115,0.16848
260.8,SYN.ETH-28FEB20,1582369145714,open,0.1,2124.0,0.0625,0.132,0.097958,98.64,0.092,0.0,ETH-28FEB20-240-C,259.96,0.0,0.0,0.0,0.0,0.0,0.0,0.10137,-0.85091,0.02806,0.00939,0.7663
274.71,ETH-26JUN20,1582369145716,open,0.05,1364.0,0.018,0.0885,0.047654,102.43,0.051,0.0,ETH-26JUN20-560-C,259.96,100.72,0.045,320.0,0.0505,295.0,104.22,0.43171,-0.17706,0.13092,0.00163,0.18695
261.8,SYN.ETH-6MAR20,1582369145716,open,0.01,7.0,0.0005,0.0195,0.005709,115.67,0.007,0.0,ETH-6MAR20-190-P,259.96,109.67,0.0045,300.0,0.007,300.0,121.41,0.05593,-0.25122,-0.00575,0.002,-0.05657
261.8,SYN.ETH-6MAR20,1582369145716,open,0.31,0.0,0.292,0.3415,0.316085,119.32,None,0.0,ETH-6MAR20-180-C,259.96,0.0,0.001,10.0,0.0,0.0,0.0,0.03997,-0.18522,0.05972,0.00139,0.96276
260.8,SYN.ETH-28FEB20,1582369145716,open,0.0,930.0,0.0005,0.0105,0.0,125.58,0.001,0.0,ETH-28FEB20-120-P,259.96,0.0,0.0,0.0,0.003,300.0,321.75,0.0,0.0,0.0,0.0,0.0
282.93,SYN.ETH-25SEP20,1582369145716,open,1.75,0.0,1.6355,1.8645,1.74342,100.44,None,0.0,ETH-25SEP20-760-P,259.96,0.0,0.0,0.0,0.0,0.0,0.0,0.58263,-0.13554,-4.27957,0.00123,-0.81406
260.8,SYN.ETH-28FEB20,1582369145716,open,0.01,2101.0,0.001,0.0335,0.011148,106.19,0.0095,0.0,ETH-28FEB20-300-C,259.96,102.48,0.01,534.0,0.0125,10.0,110.38,0.08231,-0.74378,0.00648,0.00708,0.16554
261.8,SYN.ETH-6MAR20,1582369145716,open,0.01,561.0,0.0005,0.029,0.009429,120.18,0.0125,0.0,ETH-6MAR20-360-C,259.96,117.23,0.0085,300.0,0.0105,300.0,123.42,0.08446,-0.39418,0.0081,0.00291,0.09711
260.8,SYN.ETH-28FEB20,1582369145716,open,0.46,138.0,0.447,0.4785,0.463173,0.0,0.467,0.0,ETH-28FEB20-140-C,259.96,0.0,0.0,0.0,0.0,0.0,0.0,0.0,0.0,0.02254,0.0,1.0
264.81,ETH-27MAR20,1582369145718,open,0.17,4868.0,0.128,0.2105,0.170296,101.97,0.165,0.0,ETH-27MAR20-240-C,259.96,96.17,0.164,433.0,0.1735,233.0,104.91,0.28792,-0.43334,0.12565,0.00434,0.68153
274.71,ETH-26JUN20,1582369145718,open,0.09,1216.0,0.043,0.1355,0.085611,99.83,0.0915,0.0,ETH-26JUN20-440-C,259.96,97.56,0.081,605.0,0.089,605.0,101.48,0.56149,-0.22445,0.20466,0.00218,0.30337
264.81,ETH-27MAR20,1582369145718,open,0.0,12555.0,0.0005,0.013,0.003392,126.06,0.003,0.0,ETH-27MAR20-600-C,259.96,120.77,0.0025,15.0,0.0045,300.0,131.48,0.04923,-0.09161,0.00564,0.0006,0.02633
264.81,ETH-27MAR20,1582369145718,open,0.7,36.0,0.688,0.7075,0.697951,126.57,0.702,0.0,ETH-27MAR20-80-C,259.96,0.0,0.0,0.0,0.0,0.0,0.0,0.0014,-0.00262,0.07411,2e-05,0.99951
274.71,ETH-26JUN20,1582369145718,open,0.03,510.0,0.0085,0.0615,0.028403,104.56,0.0355,0.0,ETH-26JUN20-680-C,259.96,102.46,0.026,310.0,0.031,300.0,106.73,0.32096,-0.13437,0.08585,0.00119,0.11975
260.8,SYN.ETH-28FEB20,1582369145718,open,0.0,1848.0,0.0005,0.0105,8e-06,125.57,0.0005,0.0,ETH-28FEB20-150-P,259.96,0.0,0.0,0.0,0.001,5.0,200.29,0.00024,-0.00206,-1e-05,2e-05,-0.00019
282.93,SYN.ETH-25SEP20,1582369145718,open,0.59,0.0,0.4995,0.674,0.585186,94.46,None,0.0,ETH-25SEP20-400-P,259.96,0.0,0.0,0.0,0.0,0.0,0.0,0.86248,-0.1887,-1.89146,0.00193,-0.54515
260.8,SYN.ETH-28FEB20,1582369145718,open,0.23,2303.0,0.21,0.263,0.235812,124.81,0.222,0.0,ETH-28FEB20-200-C,259.96,0.0,0.233,1.0,0.0,0.0,0.0,0.02828,-0.30032,0.03042,0.00207,0.96041
261.8,SYN.ETH-6MAR20,1582369145718,open,0.01,303.0,0.0005,0.024,0.007959,109.37,0.008,0.0,ETH-6MAR20-200-P,259.96,103.84,0.0065,600.0,0.0095,301.0,114.74,0.07223,-0.3068,-0.00801,0.00273,-0.07875
261.8,SYN.ETH-6MAR20,1582369145718,open,0.12,0.0,0.0755,0.164,0.118768,102.36,None,0.0,ETH-6MAR20-280-P,259.96,96.46,0.1145,180.0,0.122,180.0,106.8,0.18997,-0.75512,-0.06638,0.00768,-0.60002
