underlying_price,underlying_index,timestamp,state,settlement_price,open_interest,min_price,max_price,mark_price,mark_iv,last_price,interest_rate,instrument_name,index_price,bid_iv,best_bid_price,best_bid_amount,best_ask_price,best_ask_amount,ask_iv,vega,theta,rho,gamma,delta
267.3,SYN.ETH-19FEB20,1582023540092,open,0.15,0.0,0.113,0.164,0.139267,0.0,None,0.0,ETH-19FEB20-230-C,267.13,0.0,0.119,2.0,0.149,2.0,286.75,0.0,0.0,0.00552,0.0,1.0
267.5,SYN.ETH-20FEB20,1582023540110,open,0.0,0.072,0.148,0.107874,115.49,None,0.0,ETH-20FEB20-295-P,267.13,0.0,0.089,2.0,0.139,2.0,256.33,0.03991,-1.22885,-0.01348,0.0094,-0.873
285.44,ETH-26JUN20,1582023540112,open,0.2,338.0,0.152,0.271,0.209888,94.63,0.191,0.0,ETH-26JUN20-280-P,267.13,91.58,0.203,320.0,0.215,538.0,96.9,0.64382,-0.23637,-0.59073,0.00237,-0.37624
285.44,ETH-26JUN20,1582023540114,open,0.13,214.0,0.086,0.184,0.133498,94.62,0.125,0.0,ETH-26JUN20-240-P,267.13,90.86,0.126,583.0,0.137,583.0,96.38,0.56872,-0.20878,-0.41448,0.00209,-0.27776
10243.18,BTC-26JUN20,1582023540498,open,0.07,830.1,0.037,0.1075,0.0662715,71.66,0.0705,0.0,BTC-26JUN20-14000-C,9739.85,70.55,0.064,34.3,0.0685,26.8,72.73,21.20114,-5.89397,8.49706,8e-05,0.30121
10537.78,SYN.BTC-25SEP20,1582023540516,open,0.08,198.3,0.0555,0.126,0.08555259,67.67,0.082,0.0,BTC-25SEP20-8000-P,9739.85,64.32,0.078,20.6,0.082,4.9,66.1,23.93513,-3.6831,-19.11574,5e-05,-0.21558
9747.47,SYN.BTC-20FEB20,1582023540517,open,28.0,0.0005,0.0135,0.00201047,46.89,0.0015,0.0,BTC-20FEB20-9375-P,9739.85,43.12,0.0015,133.0,0.0025,30.0,50.16,1.39648,-17.45655,-0.06104,0.00061,-0.11984
10537.78,SYN.BTC-25SEP20,1582023540520,open,0.08,198.3,0.0555,0.126,0.08555259,67.67,0.082,0.0,BTC-25SEP20-8000-P,9739.85,64.55,0.0785,15.7,0.082,4.9,66.1,23.93513,-3.6831,-19.11574,5e-05,-0.21558
10537.78,SYN.BTC-25SEP20,1582023540533,open,0.08,198.3,0.0555,0.126,0.08555259,67.67,0.082,0.0,BTC-25SEP20-8000-P,9739.85,64.32,0.078,20.6,0.082,4.9,66.1,23.93513,-3.6831,-19.11574,5e-05,-0.21558
10537.78,SYN.BTC-25SEP20,1582023540547,open,0.08,198.3,0.0555,0.126,0.08555259,67.67,0.082,0.0,BTC-25SEP20-8000-P,9739.85,64.32,0.078,4.9,0.082,4.9,66.1,23.93513,-3.6831,-19.11574,5e-05,-0.21558
10537.78,SYN.BTC-25SEP20,1582023540548,open,0.08,198.3,0.0555,0.126,0.08555259,67.67,0.082,0.0,BTC-25SEP20-8000-P,9739.85,64.55,0.0785,15.7,0.082,4.9,66.1,23.93513,-3.6831,-19.11574,5e-05,-0.21558
9943.2,BTC-27MAR20,1582023540572,open,0.22,191.1,0.1985,0.2695,0.23125735,66.37,0.2465,0.0,BTC-27MAR20-12000-P,9739.85,60.08,0.2255,3.0,0.233,3.0,68.17,9.48108,-8.30632,-10.43531,0.00014,-0.78012
10243.18,BTC-26JUN20,1582023540574,open,0.27,132.1,0.2295,0.3295,0.27499621,69.05,0.29,0.0,BTC-26JUN20-12000-P,9739.85,63.23,0.2615,4.0,0.321,4.0,88.58,23.88891,-6.39955,-30.62192,9e-05,-0.57168
9945.92,BTC-27MAR20,1582023540574,open,1.6,0.0,1.564,1.6735,1.61582562,123.91,None,0.0,BTC-27MAR20-26000-P,9739.85,0.0,0.0015,0.1,0.0,0.0,0.0,1.11686,-1.82685,-26.85676,1e-05,-0.98638
9945.92,BTC-27MAR20,1582023540596,open,1.79,0.0,1.761,1.8765,1.81643792,126.79,None,0.0,BTC-27MAR20-28000-P,9739.85,0.0,0.001,0.1,0.0,0.0,0.0,0.8466,-1.41697,-28.96565,1e-05,-0.9901
9945.92,BTC-27MAR20,1582023540644,open,2.59,0.1,2.55,2.6965,2.62094846,153.97,2.64,0.0,BTC-27MAR20-36000-P,9739.85,0.0,0.001,0.1,0.0,0.0,0.0,0.81632,-1.65917,-37.273,1e-05,-0.9905
9945.92,BTC-27MAR20,1582023540665,open,2.39,0.0,2.3525,2.4905,2.419559,144.37,None,0.0,BTC-27MAR20-34000-P,9739.85,0.0,0.001,0.1,0.0,0.0,0.0,0.69952,-1.33318,-35.21033,0.0,-0.99204
10243.33,BTC-26JUN20,1582023540682,open,1.15,0.0,1.113,1.23,1.16538451,82.18,None,0.0,BTC-26JUN20-22000-P,9740.04,0.0,0.001,2.0,2.21,1.0,500.0,10.14328,-3.23388,-74.94595,3e-05,-0.9068
9945.92,BTC-27MAR20,1582023540682,open,2.19,0.0,2.1555,2.287,2.21870113,141.35,None,0.0,BTC-27MAR20-32000-P,9740.04,0.0,0.001,0.1,0.0,0.0,0.0,0.82959,-1.548,-33.11967,1e-05,-0.99033
10243.33,BTC-26JUN20,1582023540682,open,0.78,1.0,0.739,0.85,0.78861478,77.06,0.9,0.0,BTC-26JUN20-18000-P,9740.04,0.0,0.001,2.0,1.0,1.0,177.04,14.69598,-4.39378,-58.97067,5e-05,-0.84187
9945.92,BTC-27MAR20,1582023540682,open,2.99,1.4,2.944,3.106,3.02324911,165.86,3.0435,0.0,BTC-27MAR20-40000-P,9740.04,0.0,0.001,0.1,0.0,0.0,0.0,0.83184,-1.82138,-41.42293,0.0,-0.9903
9945.92,BTC-27MAR20,1582023540683,open,0.8,0.0,0.776,0.859,0.81394458,95.3,1.23,0.0,BTC-27MAR20-18000-P,9740.04,0.0,0.0125,1.0,0.0,0.0,0.0,2.62704,-3.30494,-18.33294,3e-05,-0.96237
9945.92,BTC-27MAR20,1582023540683,open,0.0,200.0,0.0005,0.0105,0.0009049,82.78,0.001,0.0,BTC-27MAR20-5500-P,9740.04,76.7,0.0005,25.0,0.0015,77.2,89.0,0.79881,-0.87296,-0.10496,1e-05,-0.00927
9945.92,BTC-27MAR20,1582023540684,open,0.6,21.2,0.5795,0.657,0.6148009,85.91,0.501,0.0,BTC-27MAR20-16000-P,9740.04,0.0,0.05,0.1,0.95,0.1,386.29,3.67161,-4.16416,-16.07657,4e-05,-0.94289
267.5,SYN.ETH-20FEB20,1582023540699,open,0.0,0.003,0.058,0.025664,105.77,None,0.0,ETH-20FEB20-265-P,267.13,92.78,0.022,180.0,0.028,342.0,114.04,0.07551,-2.12902,-0.00634,0.01941,-0.43581
10243.33,BTC-26JUN20,1582023540708,open,0.61,12.0,0.602,0.6235,0.61184857,78.63,0.6205,0.0,BTC-26JUN20-4000-C,9740.04,0.0,0.6095,8.1,0.618,8.0,99.48,1.94892,-0.59457,13.59186,1e-05,0.98765
9946.11,BTC-27MAR20,1582023540712,open,0.45,18.4,0.436,0.4605,0.4477104,79.87,0.436,0.0,BTC-27MAR20-5500-C,9740.04,0.0,0.447,0.1,0.454,8.0,117.41,0.66525,-0.7014,5.62253,1e-05,0.99248
10243.52,BTC-26JUN20,1582023540732,open,0.27,132.1,0.2295,0.3295,0.27499621,69.06,0.29,0.0,BTC-26JUN20-12000-P,9740.04,63.46,0.262,0.4,0.321,4.0,88.59,23.8905,-6.4011,-30.62032,9e-05,-0.57161
274.76,ETH-27MAR20,1582023540752,open,0.3,3400.0,0.265,0.331,0.298207,104.11,0.309,0.0,ETH-27MAR20-200-C,267.15,84.59,0.286,244.0,0.302,200.0,109.48,0.18971,-0.26073,0.16232,0.00233,0.8675
274.76,ETH-27MAR20,1582023540753,open,0.57,159.0,0.551,0.581,0.565457,127.83,0.583,0.0,ETH-27MAR20-120-C,267.15,0.0,0.554,24.0,0.571,24.0,160.67,0.03019,-0.05095,0.12011,0.0003,0.98671
274.76,ETH-27MAR20,1582023540753,open,0.37,2570.0,0.332,0.388,0.359584,107.1,0.351,0.0,ETH-27MAR20-180-C,267.15,47.97,0.345,21.0,0.376,20.0,136.07,0.13281,-0.18777,0.1595,0.00158,0.91901
267.3,SYN.ETH-19FEB20,1582023540751,open,0.11,0.0,0.075,0.128,0.102148,78.94,None,0.0,ETH-19FEB20-240-C,267.15,0.0,0.08,2.0,0.114,2.0,248.41,0.00102,-0.0403,0.00574,0.00075,0.99749
269.1,SYN.ETH-28FEB20,1582023540751,open,0.06,3701.0,0.022,0.09,0.054104,108.53,0.046,0.0,ETH-28FEB20-280-C,267.15,103.76,0.051,459.0,0.057,197.0,112.98,0.17503,-0.96182,0.02861,0.00823,0.44707
269.1,SYN.ETH-28FEB20,1582023540753,open,0.37,1113.0,0.349,0.389,0.36903,125.77,0.333,0.0,ETH-28FEB20-170-C,267.15,0.0,0.354,19.0,0.377,19.0,195.51,0.01187,-0.0756,0.04521,0.00048,0.98993
267.5,SYN.ETH-20FEB20,1582023540751,open,0.0,0.054,0.131,0.091439,114.39,None,0.0,ETH-20FEB20-290-P,267.15,0.0,0.071,2.0,0.123,2.0,246.74,0.04899,-1.4939,-0.01263,0.01165,-0.82743
267.3,SYN.ETH-19FEB20,1582023540751,open,0.09,0.0,0.056,0.112,0.084043,97.93,None,0.0,ETH-19FEB20-245-C,267.15,0.0,0.061,2.0,0.097,2.0,230.07,0.00961,-0.4708,0.00566,0.00573,0.9671
269.1,SYN.ETH-28FEB20,1582023540752,open,0.41,534.0,0.388,0.424,0.405649,120.94,0.368,0.0,ETH-28FEB20-160-C,267.15,0.0,0.392,19.0,0.413,19.0,209.58,0.00445,-0.02726,0.04303,0.00019,0.99667
267.7,SYN.ETH-21FEB20,1582023540752,open,0.22,32.0,0.192,0.239,0.215697,108.73,0.175,0.0,ETH-21FEB20-210-C,267.15,0.0,0.197,16.0,0.226,16.0,230.84,0.00355,-0.06704,0.01643,0.00058,0.99482
267.7,SYN.ETH-21FEB20,1582023540752,open,0.04,1870.0,0.006,0.066,0.033798,106.73,0.032,0.0,ETH-21FEB20-270-C,267.15,101.65,0.032,180.0,0.038,479.0,118.61,0.09471,-1.75752,0.00947,0.01572,0.48284
267.5,SYN.ETH-20FEB20,1582023540752,open,0.0,0.003,0.057,0.026411,107.45,None,0.0,ETH-20FEB20-270-C,267.15,98.98,0.024,180.0,0.03,180.0,120.03,0.07624,-2.18368,0.00606,0.0193,0.46716
267.5,SYN.ETH-20FEB20,1582023540751,open,6.0,0.001,0.041,0.014107,110.17,0.015,0.0,ETH-20FEB20-280-C,267.15,101.53,0.012,524.0,0.017,240.0,121.68,0.06616,-1.94295,0.00386,0.01633,0.29497
9742.04,SYN.BTC-19FEB20,1582023540768,open,0.01,75.8,0.0005,0.0265,0.0072897,39.35,0.005,0.0,BTC-19FEB20-9750-C,9740.04,35.3,0.0065,38.8,0.008,1.0,42.98,1.90264,-37.43078,0.11211,0.00212,0.48693
9945.92,BTC-27MAR20,1582023540780,open,0.01,1950.3,0.0005,0.0275,0.01027299,75.29,0.0105,0.0,BTC-27MAR20-14000-C,9740.04,73.88,0.0095,64.0,0.011,42.5,76.56,5.57302,-5.53888,0.91358,7e-05,0.09879
274.76,ETH-27MAR20,1582023540782,open,0.35,7.0,0.302,0.42,0.359261,107.62,1.702,0.0,ETH-27MAR20-360-P,267.15,0.0,0.01,55.0,0.599,1.0,300.01,0.29386,-0.4175,-0.30993,0.00349,-0.72776
10243.52,BTC-26JUN20,1582023540782,open,0.28,229.8,0.244,0.3105,0.27454625,66.29,0.286,0.0,BTC-26JUN20-8000-C,9740.04,63.87,0.2705,14.9,0.2755,10.0,66.85,17.28463,-4.44504,18.83075,7e-05,0.79519
10243.52,BTC-26JUN20,1582023540785,open,0.11,529.0,0.0685,0.147,0.10316469,68.91,0.105,0.0,BTC-26JUN20-12000-C,9740.04,67.76,0.1005,30.6,0.106,23.1,70.12,23.88479,-6.38529,11.74403,9e-05,0.42787
10537.78,SYN.BTC-25SEP20,1582023540787,open,0.08,198.3,0.0555,0.126,0.08555259,67.67,0.082,0.0,BTC-25SEP20-8000-P,9740.04,64.32,0.078,20.6,0.082,4.9,66.1,23.93513,-3.6831,-19.11574,5e-05,-0.21558
9945.92,BTC-27MAR20,1582023540789,open,0.14,1530.7,0.1045,0.159,0.13043531,60.01,0.1315,0.0,BTC-27MAR20-9000-C,9740.04,56.28,0.1265,34.0,0.133,17.0,62.4,10.58802,-8.38719,6.19088,0.00017,0.73028
9945.92,BTC-27MAR20,1582023540791,open,0.03,950.2,0.018,0.061,0.03566391,60.32,0.036,0.0,BTC-27MAR20-9000-P,9740.04,58.28,0.0335,3.0,0.0355,35.8,60.17,10.60222,-8.44244,-3.15926,0.00017,-0.27044
9945.92,BTC-27MAR20,1582023540799,open,0.14,1530.7,0.1045,0.159,0.13043531,60.01,0.1315,0.0,BTC-27MAR20-9000-C,9740.04,56.28,0.1265,34.0,0.133,7.0,62.4,10.58802,-8.38719,6.19088,0.00017,0.73028
10243.52,BTC-26JUN20,1582023540802,open,0.0,436.2,0.0005,0.012,0.00245907,79.22,0.0035,0.0,BTC-26JUN20-4000-P,9740.04,76.72,0.002,19.9,0.003,44.8,81.81,2.00681,-0.61678,-0.55093,1e-05,-0.01277
10243.33,BTC-26JUN20,1582023540804,open,0.05,359.3,0.0325,0.089,0.05576726,66.42,0.055,0.0,BTC-26JUN20-8000-P,9740.04,64.48,0.0525,7.5,0.0545,4.9,65.67,17.29781,-4.45776,-9.43421,7e-05,-0.20508
10243.33,BTC-26JUN20,1582023540807,open,0.05,359.3,0.0325,0.089,0.05576726,66.42,0.055,0.0,BTC-26JUN20-8000-P,9740.04,63.88,0.0515,14.9,0.0545,4.9,65.67,17.29781,-4.45776,-9.43421,7e-05,-0.20508
10243.52,BTC-26JUN20,1582023540808,open,0.14,655.1,0.1055,0.1895,0.1430861,66.47,0.1425,0.0,BTC-26JUN20-10000-P,9740.04,65.12,0.14,7.5,0.145,7.0,67.3,23.48547,-6.05646,-19.57191,0.0001,-0.39805
10243.52,BTC-26JUN20,1582023540809,open,0.11,529.0,0.0685,0.147,0.10316469,68.91,0.105,0.0,BTC-26JUN20-12000-C,9740.04,67.76,0.1005,30.6,0.106,3.6,70.12,23.88479,-6.38529,11.74403,9e-05,0.42787
10537.78,SYN.BTC-25SEP20,1582023540811,open,0.33,75.4,0.291,0.368,0.32616393,67.57,0.33,0.0,BTC-25SEP20-8000-C,9740.04,65.07,0.3205,10.3,0.327,5.0,67.94,23.92818,-3.67687,29.09672,5e-05,0.78453
10537.78,SYN.BTC-25SEP20,1582023540813,open,0.13,591.3,0.09,0.175,0.12746021,67.68,0.125,0.0,BTC-25SEP20-9000-P,9740.04,64.66,0.1195,4.9,0.125,17.6,66.74,27.84751,-4.28557,-26.29302,6e-05,-0.28674
10537.78,SYN.BTC-25SEP20,1582023540814,open,0.08,198.3,0.0555,0.126,0.08555259,67.67,0.082,0.0,BTC-25SEP20-8000-P,9740.04,64.32,0.078,4.9,0.082,4.9,66.1,23.93513,-3.6831,-19.11574,5e-05,-0.21558
10243.52,BTC-26JUN20,1582023540816,open,0.11,529.0,0.0685,0.147,0.10316469,68.91,0.105,0.0,BTC-26JUN20-12000-C,9740.04,67.76,0.1005,30.6,0.1055,19.5,69.91,23.88479,-6.38529,11.74403,9e-05,0.42787
10243.52,BTC-26JUN20,1582023540820,open,0.14,655.1,0.1055,0.1895,0.1430861,66.47,0.1425,0.0,BTC-26JUN20-10000-P,9740.04,64.91,0.1395,4.9,0.145,7.0,67.3,23.48547,-6.05646,-19.57191,0.0001,-0.39805
10243.52,BTC-26JUN20,1582023540823,open,0.14,655.1,0.1055,0.1895,0.1430861,66.47,0.1425,0.0,BTC-26JUN20-10000-P,9740.04,64.91,0.1395,4.9,0.145,8.3,67.3,23.48547,-6.05646,-19.57191,0.0001,-0.39805
293.83,SYN.ETH-25SEP20,1582023540821,open,0.14,634.0,0.084,0.202,0.140951,96.2,0.138,0.0,ETH-25SEP20-480-C,267.15,93.85,0.134,492.0,0.147,282.0,98.23,0.87385,-0.19116,0.43765,0.00175,0.3882
10537.78,SYN.BTC-25SEP20,1582023540828,open,0.08,198.3,0.0555,0.126,0.08555259,67.67,0.082,0.0,BTC-25SEP20-8000-P,9740.04,64.32,0.078,20.6,0.082,4.9,66.1,23.93513,-3.6831,-19.11574,5e-05,-0.21558
10243.52,BTC-26JUN20,1582023540830,open,0.05,359.3,0.0325,0.089,0.05576726,66.43,0.055,0.0,BTC-26JUN20-8000-P,9740.04,64.18,0.052,21.7,0.0545,4.9,65.68,17.29773,-4.45793,-9.43409,7e-05,-0.20507
10243.52,BTC-26JUN20,1582023540831,open,0.14,655.1,0.1055,0.1895,0.1430861,66.47,0.1425,0.0,BTC-26JUN20-10000-P,9740.04,65.12,0.14,14.2,0.145,8.3,67.3,23.48547,-6.05646,-19.57191,0.0001,-0.39805
10243.52,BTC-26JUN20,1582023540842,open,0.14,655.1,0.1055,0.1895,0.1430861,66.47,0.1425,0.0,BTC-26JUN20-10000-P,9740.04,64.91,0.1395,19.1,0.145,8.3,67.3,23.48547,-6.05646,-19.57191,0.0001,-0.39805
285.47,ETH-26JUN20,1582023540961,open,0.29,253.0,0.234,0.368,0.300363,94.8,0.365,0.0,ETH-26JUN20-320-P,267.15,92.11,0.294,320.0,0.31,463.0,98.88,0.67462,-0.24812,-0.77501,0.00247,-0.46854
285.45,ETH-26JUN20,1582023540963,open,0.05,1369.0,0.025,0.083,0.050827,94.8,0.049,0.0,ETH-26JUN20-180-P,267.15,92.6,0.048,300.0,0.054,300.0,97.24,0.36943,-0.13588,-0.18792,0.00135,-0.13562
267.7,SYN.ETH-21FEB20,1582023540965,open,0.04,1870.0,0.006,0.066,0.033798,106.73,0.032,0.0,ETH-21FEB20-270-C,267.15,101.65,0.032,180.0,0.038,217.0,118.61,0.09471,-1.75752,0.00947,0.01572,0.48284
267.7,SYN.ETH-21FEB20,1582023540968,open,0.04,1870.0,0.006,0.066,0.033798,106.73,0.032,0.0,ETH-21FEB20-270-C,267.15,101.65,0.032,217.0,0.038,217.0,118.61,0.09471,-1.75752,0.00947,0.01572,0.48284
267.7,SYN.ETH-21FEB20,1582023540977,open,0.06,489.0,0.019,0.087,0.053341,106.66,0.05,0.0,ETH-21FEB20-260-C,267.15,99.59,0.051,217.0,0.058,180.0,120.6,0.08899,-1.65023,0.01235,0.01478,0.63891
10537.78,SYN.BTC-25SEP20,1582023540983,open,0.16,370.0,0.1185,0.2135,0.16132487,68.51,0.163,0.0,BTC-25SEP20-12000-C,9740.04,67.6,0.1585,13.8,0.1645,3.6,69.54,32.62127,-5.08228,22.04366,7e-05,0.50858
274.74,ETH-27MAR20,1582023540988,open,0.13,13433.0,0.078,0.162,0.120114,100.22,0.118,0.0,ETH-27MAR20-280-C,267.15,97.78,0.117,686.0,0.125,410.0,104.04,0.35122,-0.46467,0.11996,0.00447,0.54089
9945.92,BTC-27MAR20,1582023541225,open,0.22,191.1,0.1985,0.2695,0.23125735,66.65,0.2465,0.0,BTC-27MAR20-12000-P,9740.04,60.97,0.226,4.0,0.233,3.0,68.46,9.52433,-8.38057,-10.42115,0.00014,-0.77847
10243.52,BTC-26JUN20,1582023541233,open,0.27,132.1,0.2295,0.3295,0.27499621,69.06,0.29,0.0,BTC-26JUN20-12000-P,9740.04,63.68,0.2625,4.0,0.321,4.0,88.59,23.8905,-6.4011,-30.62032,9e-05,-0.57161
9946.11,BTC-27MAR20,1582023541268,open,0.03,1937.0,0.01,0.048,0.02436117,66.26,0.0235,0.0,BTC-27MAR20-12000-C,9740.04,65.88,0.024,57.5,0.025,3.0,66.93,9.48265,-8.29476,2.01749,0.00014,0.21984
10243.52,BTC-26JUN20,1582023541270,open,0.11,529.0,0.0685,0.147,0.10316469,68.91,0.105,0.0,BTC-26JUN20-12000-C,9740.04,67.76,0.1005,30.6,0.106,23.1,70.12,23.88479,-6.38529,11.74403,9e-05,0.42787
9747.47,SYN.BTC-20FEB20,1582023541271,open,0.5,0.0005,0.025,0.00704504,43.36,0.0055,0.0,BTC-20FEB20-9625-P,9740.04,37.37,0.0055,24.0,0.0075,24.0,45.09,2.54981,-29.47062,-0.17203,0.0012,-0.3364
10243.52,BTC-26JUN20,1582023541279,open,0.11,529.0,0.0685,0.147,0.10316469,68.91,0.105,0.0,BTC-26JUN20-12000-C,9740.04,67.76,0.1005,30.6,0.106,3.6,70.12,23.88479,-6.38529,11.74403,9e-05,0.42787
10243.52,BTC-26JUN20,1582023541281,open,0.11,529.0,0.0685,0.147,0.10316469,68.91,0.105,0.0,BTC-26JUN20-12000-C,9740.04,67.76,0.1005,30.6,0.1055,19.5,69.91,23.88479,-6.38529,11.74403,9e-05,0.42787
10243.52,BTC-26JUN20,1582023541282,open,0.28,229.8,0.244,0.3105,0.27454625,66.29,0.286,0.0,BTC-26JUN20-8000-C,9740.04,63.87,0.2705,14.9,0.2765,6.0,67.44,17.28463,-4.44504,18.83075,7e-05,0.79519
10243.52,BTC-26JUN20,1582023541288,open,0.28,229.8,0.244,0.3105,0.27454625,66.29,0.286,0.0,BTC-26JUN20-8000-C,9740.04,63.87,0.2705,14.9,0.276,13.9,67.14,17.28463,-4.44504,18.83075,7e-05,0.79519
10243.52,BTC-26JUN20,1582023541291,open,0.28,229.8,0.244,0.3105,0.27454625,66.29,0.286,0.0,BTC-26JUN20-8000-C,9740.04,63.87,0.2705,14.9,0.276,23.9,67.14,17.28463,-4.44504,18.83075,7e-05,0.79519
10243.52,BTC-26JUN20,1582023541293,open,0.28,229.8,0.244,0.3105,0.27454625,66.29,0.286,0.0,BTC-26JUN20-8000-C,9740.04,63.87,0.2705,1.0,0.276,23.9,67.14,17.28463,-4.44504,18.83075,7e-05,0.79519
10243.52,BTC-26JUN20,1582023541345,open,0.28,229.8,0.244,0.3105,0.27454625,66.29,0.286,0.0,BTC-26JUN20-8000-C,9740.04,63.87,0.2705,14.9,0.276,23.9,67.14,17.28463,-4.44504,18.83075,7e-05,0.79519
10243.52,BTC-26JUN20,1582023541347,open,0.11,529.0,0.0685,0.147,0.10316469,68.91,0.105,0.0,BTC-26JUN20-12000-C,9740.04,67.76,0.1005,30.6,0.106,23.1,70.12,23.88479,-6.38529,11.74403,9e-05,0.42787
293.83,SYN.ETH-25SEP20,1582023541502,open,0.0,814.0,0.001,0.012,0.002449,99.85,0.003,0.0,ETH-25SEP20-60-P,267.15,88.02,0.001,219.0,0.004,300.0,108.18,0.04665,-0.01059,-0.01743,9e-05,-0.0074
293.83,SYN.ETH-25SEP20,1582023541509,open,0.0,814.0,0.001,0.012,0.002449,99.85,0.003,0.0,ETH-25SEP20-60-P,267.15,88.02,0.001,469.0,0.004,300.0,108.18,0.04665,-0.01059,-0.01743,9e-05,-0.0074
274.76,ETH-27MAR20,1582023541518,open,0.07,2459.0,0.035,0.105,0.067443,100.49,0.073,0.0,ETH-27MAR20-240-P,267.15,99.16,0.066,400.0,0.069,192.0,101.92,0.29849,-0.39595,-0.09936,0.00379,-0.28106
269.1,SYN.ETH-28FEB20,1582023541521,open,0.03,1646.0,0.011,0.068,0.035614,102.93,0.043,0.0,ETH-28FEB20-250-P,267.15,98.35,0.033,510.0,0.038,254.0,107.08,0.15429,-0.80406,-0.02456,0.00765,-0.30168
269.1,SYN.ETH-28FEB20,1582023541523,open,0.05,832.0,0.014,0.077,0.042797,110.73,0.053,0.0,ETH-28FEB20-290-C,267.15,106.22,0.04,253.0,0.046,533.0,115.84,0.1678,-0.94069,0.02416,0.00773,0.37466
269.1,SYN.ETH-28FEB20,1582023541525,open,0.09,733.0,0.047,0.121,0.0843,102.45,0.093,0.0,ETH-28FEB20-260-C,267.15,101.98,0.084,196.0,0.091,180.0,113.08,0.16939,-0.87866,0.03853,0.00844,0.61351
269.1,SYN.ETH-28FEB20,1582023541529,open,0.06,3701.0,0.022,0.09,0.054104,108.53,0.046,0.0,ETH-28FEB20-280-C,267.15,103.76,0.051,462.0,0.057,197.0,112.98,0.17503,-0.96182,0.02861,0.00823,0.44707
267.7,SYN.ETH-21FEB20,1582023541530,open,0.01,2045.0,0.001,0.027,0.006864,113.43,0.006,0.0,ETH-21FEB20-300-C,267.15,108.94,0.006,608.0,0.009,371.0,123.69,0.05284,-1.04216,0.0028,0.00825,0.13982
267.7,SYN.ETH-21FEB20,1582023541533,open,0.02,1110.0,0.001,0.038,0.012381,112.22,0.009,0.0,ETH-21FEB20-290-C,267.15,106.96,0.011,261.0,0.015,277.0,121.8,0.07136,-1.3925,0.0045,0.01126,0.22556
10243.52,BTC-26JUN20,1582023541537,open,0.35,125.9,0.3205,0.3745,0.34513719,66.24,0.3905,0.0,BTC-26JUN20-7000-C,9740.04,64.02,0.3425,1.0,0.3505,23.5,70.58,12.33268,-3.1696,19.26546,5e-05,0.8778
267.7,SYN.ETH-21FEB20,1582023541537,open,0.04,1062.0,0.011,0.079,0.042734,107.68,0.05,0.0,ETH-21FEB20-270-P,267.15,94.3,0.038,217.0,0.044,137.0,111.26,0.09471,-1.77326,-0.0118,0.01558,-0.51667
269.1,SYN.ETH-28FEB20,1582023541546,open,0.05,832.0,0.014,0.077,0.042797,110.73,0.053,0.0,ETH-28FEB20-290-C,267.15,106.22,0.04,253.0,0.046,530.0,115.84,0.1678,-0.94069,0.02416,0.00773,0.37466
269.1,SYN.ETH-28FEB20,1582023541550,open,0.09,733.0,0.047,0.121,0.0843,102.45,0.093,0.0,ETH-28FEB20-260-C,267.15,101.98,0.084,196.0,0.091,209.0,113.08,0.16939,-0.87866,0.03853,0.00844,0.61351
269.1,SYN.ETH-28FEB20,1582023541552,open,0.06,3701.0,0.022,0.09,0.054104,108.53,0.046,0.0,ETH-28FEB20-280-C,267.15,103.76,0.051,462.0,0.057,194.0,112.98,0.17503,-0.96182,0.02861,0.00823,0.44707
274.76,ETH-27MAR20,1582023541571,open,0.23,1251.0,0.188,0.298,0.241544,104.61,0.228,0.0,ETH-27MAR20-320-P,267.15,98.47,0.234,144.0,0.245,159.0,107.41,0.33916,-0.46838,-0.24328,0.00414,-0.61172
10537.78,SYN.BTC-25SEP20,1582023541584,open,0.16,370.0,0.1185,0.2135,0.16132487,68.51,0.163,0.0,BTC-25SEP20-12000-C,9740.04,67.6,0.1585,23.8,0.1645,3.6,69.54,32.62127,-5.08228,22.04366,7e-05,0.50858
9947.25,BTC-27MAR20,1582023541689,open,0.41,68.6,0.3845,0.4585,0.41830157,76.33,0.435,0.0,BTC-27MAR20-14000-P,9741.06,0.0,0.3655,5.0,0.456,5.0,121.67,5.72886,-5.77262,-13.5811,7e-05,-0.89742
10243.65,BTC-26JUN20,1582023541688,open,0.01,567.9,0.0035,0.036,0.01327333,83.77,0.013,0.0,BTC-26JUN20-24000-C,9741.06,82.81,0.0125,25.0,0.014,6.0,84.65,8.34639,-2.7127,2.122,3e-05,0.07194
10244.67,BTC-26JUN20,1582023541692,open,0.43,12.5,0.385,0.492,0.43340827,71.92,0.415,0.0,BTC-26JUN20-14000-P,9741.06,0.0,0.001,2.0,0.51,1.0,106.21,21.24568,-5.92777,-40.90672,8e-05,-0.69748
10537.78,SYN.BTC-25SEP20,1582023541688,open,0.07,144.1,0.0365,0.115,0.06811849,73.55,0.0675,0.0,BTC-25SEP20-18000-C,9741.06,72.7,0.066,18.9,0.0705,4.9,74.5,26.37237,-4.41078,11.99258,5e-05,0.25704
10537.78,SYN.BTC-25SEP20,1582023541690,open,0.02,83.9,0.009,0.057,0.02452444,80.27,0.027,0.0,BTC-25SEP20-28000-C,9741.06,79.53,0.0235,20.0,0.0255,2.0,80.96,14.80757,-2.70296,5.06869,3e-05,0.10437
9747.47,SYN.BTC-20FEB20,1582023541689,open,3.5,0.0005,0.019,0.00427744,46.41,0.004,0.0,BTC-20FEB20-10000-C,9741.06,42.71,0.0035,56.0,0.005,24.0,49.7,2.10074,-25.98806,0.11105,0.00093,0.22597
9947.25,BTC-27MAR20,1582023541720,open,0.0,200.0,0.0005,0.0105,0.0009049,82.8,0.001,0.0,BTC-27MAR20-5500-P,9741.06,76.71,0.0005,25.0,0.0015,77.3,89.01,0.79878,-0.87311,-0.10496,1e-05,-0.00926
10244.67,BTC-26JUN20,1582023541770,open,0.28,229.8,0.244,0.3105,0.27454625,66.25,0.286,0.0,BTC-26JUN20-8000-C,9741.06,63.84,0.2705,14.9,0.276,10.0,67.11,17.27929,-4.44135,18.8381,7e-05,0.79533
267.3,SYN.ETH-19FEB20,1582023541779,open,0.13,0.0,0.094,0.146,0.120629,0.0,None,0.0,ETH-19FEB20-235-C,267.15,0.0,0.1,2.0,0.131,2.0,264.06,0.0,0.0,0.00564,0.0,1.0
267.3,SYN.ETH-19FEB20,1582023541781,open,0.07,15.0,0.036,0.096,0.066683,101.38,0.067,0.0,ETH-19FEB20-250-C,267.15,68.99,0.065,60.0,0.071,60.0,144.26,0.02038,-1.03297,0.00544,0.01173,0.91497
267.7,SYN.ETH-21FEB20,1582023541786,open,0.26,2.0,0.23,0.274,0.252744,0.0,0.285,0.0,ETH-21FEB20-200-C,267.15,0.0,0.236,16.0,0.261,16.0,247.39,0.0,0.0,0.01576,0.0,1.0
285.45,ETH-26JUN20,1582023541791,open,0.54,528.0,0.505,0.557,0.530416,97.58,0.565,0.0,ETH-26JUN20-140-C,267.15,48.71,0.51,25.0,0.545,25.0,115.07,0.2136,-0.08086,0.40835,0.00076,0.93557
274.76,ETH-27MAR20,1582023541869,open,0.3,3400.0,0.265,0.331,0.298207,104.11,0.309,0.0,ETH-27MAR20-200-C,267.15,84.59,0.286,244.0,0.304,19.0,112.24,0.18971,-0.26073,0.16232,0.00233,0.8675
274.76,ETH-27MAR20,1582023541876,open,0.3,3400.0,0.265,0.331,0.298207,104.11,0.309,0.0,ETH-27MAR20-200-C,267.15,84.59,0.286,244.0,0.303,200.0,110.87,0.18971,-0.26073,0.16232,0.00233,0.8675
274.76,ETH-27MAR20,1582023541885,open,0.3,3400.0,0.265,0.331,0.298207,104.11,0.309,0.0,ETH-27MAR20-200-C,267.15,84.59,0.286,244.0,0.303,210.0,110.87,0.18971,-0.26073,0.16232,0.00233,0.8675
285.45,ETH-26JUN20,1582023541910,open,0.79,2.0,0.781,0.8,0.790486,107.64,0.749,0.0,ETH-26JUN20-60-C,267.15,0.0,0.784,34.0,0.796,34.0,150.29,0.01508,-0.0063,0.20824,5e-05,0.99709
274.74,ETH-27MAR20,1582023541918,open,0.02,2352.0,0.006,0.05,0.022654,115.33,0.026,0.0,ETH-27MAR20-440-C,267.15,111.53,0.02,919.0,0.025,540.0,118.54,0.19666,-0.29943,0.03336,0.00218,0.13966
274.74,ETH-27MAR20,1582023541948,open,0.05,3978.0,0.02,0.085,0.048884,107.5,0.048,0.0,ETH-27MAR20-360-C,267.15,104.79,0.046,864.0,0.053,192.0,111.32,0.29361,-0.41669,0.06356,0.00349,0.27182
274.74,ETH-27MAR20,1582023541950,open,0.05,3978.0,0.02,0.085,0.048884,107.5,0.048,0.0,ETH-27MAR20-360-C,267.15,104.79,0.046,864.0,0.053,479.0,111.32,0.29361,-0.41669,0.06356,0.00349,0.27182
274.74,ETH-27MAR20,1582023541954,open,0.05,3978.0,0.02,0.085,0.048884,107.5,0.048,0.0,ETH-27MAR20-360-C,267.15,104.79,0.046,864.0,0.052,360.0,110.4,0.29361,-0.41669,0.06356,0.00349,0.27182
269.1,SYN.ETH-28FEB20,1582023542047,open,0.02,391.0,0.003,0.04,0.0161,105.91,0.03,0.0,ETH-28FEB20-230-P,267.15,100.59,0.014,533.0,0.018,240.0,110.55,0.10835,-0.58102,-0.01293,0.00522,-0.16148
285.47,ETH-26JUN20,1582023542264,open,1.4,0.0,1.329,1.522,1.419352,106.88,None,0.0,ETH-26JUN20-680-P,267.15,0.0,0.0,0.0,0.0,0.0,0.0,0.39029,-0.16183,-2.29036,0.00127,-0.85295
9747.47,SYN.BTC-20FEB20,1582023542270,open,28.0,0.0005,0.0135,0.00201047,46.89,0.0015,0.0,BTC-20FEB20-9375-P,9741.06,43.12,0.0015,153.0,0.0025,30.0,50.16,1.39648,-17.45655,-0.06104,0.00061,-0.11984
9747.47,SYN.BTC-20FEB20,1582023542282,open,2.2,0.0005,0.018,0.00366969,44.13,0.0025,0.0,BTC-20FEB20-9500-P,9741.06,40.74,0.003,24.0,0.0045,44.0,48.11,1.97752,-23.26355,-0.10385,0.00092,-0.20364
9747.47,SYN.BTC-20FEB20,1582023542283,open,0.5,0.0005,0.025,0.00704504,43.36,0.0055,0.0,BTC-20FEB20-9625-P,9741.06,37.37,0.0055,44.0,0.0075,24.0,45.09,2.54981,-29.47062,-0.17203,0.0012,-0.3364
9747.47,SYN.BTC-20FEB20,1582023542285,open,10.1,0.0005,0.0245,0.00736492,44.68,0.0075,0.0,BTC-20FEB20-9875-C,9741.06,41.4,0.0065,44.0,0.0085,24.0,48.94,2.58371,-30.77569,0.1708,0.00118,0.34835
9790.91,SYN.BTC-28FEB20,1582023542287,open,0.06,437.9,0.0305,0.0775,0.05265267,55.49,0.051,0.0,BTC-28FEB20-9500-C,9741.06,51.95,0.0505,34.4,0.0545,21.0,58.5,5.9862,-16.81647,1.57339,0.00042,0.64659
9946.23,BTC-27MAR20,1582023542289,open,0.14,1530.7,0.1045,0.159,0.13043531,59.99,0.1315,0.0,BTC-27MAR20-9000-C,9741.06,56.26,0.1265,34.0,0.133,31.0,62.39,10.5865,-8.38353,6.19205,0.00017,0.73038
9946.23,BTC-27MAR20,1582023542290,open,0.03,950.2,0.018,0.061,0.03566391,60.33,0.036,0.0,BTC-27MAR20-9000-P,9741.06,58.29,0.0335,38.6,0.0355,35.8,60.18,10.60191,-8.44345,-3.15902,0.00017,-0.27041
10243.65,BTC-26JUN20,1582023542292,open,0.0,436.2,0.0005,0.012,0.00245907,79.22,0.0035,0.0,BTC-26JUN20-4000-P,9741.06,76.72,0.002,44.9,0.003,44.8,81.81,2.00682,-0.61679,-0.55093,1e-05,-0.01277
10244.67,BTC-26JUN20,1582023542300,open,0.28,229.8,0.244,0.3105,0.27476122,66.25,0.286,0.0,BTC-26JUN20-8000-C,9741.06,63.84,0.2705,14.9,0.276,23.9,67.11,17.27929,-4.44135,18.8381,7e-05,0.79533
10537.78,SYN.BTC-25SEP20,1582023542302,open,0.33,75.4,0.291,0.368,0.32629279,67.57,0.33,0.0,BTC-25SEP20-8000-C,9741.06,65.07,0.3205,10.3,0.327,15.3,67.94,23.92818,-3.67687,29.09672,5e-05,0.78453
10537.78,SYN.BTC-25SEP20,1582023542304,open,0.13,591.3,0.09,0.175,0.12734131,67.68,0.125,0.0,BTC-25SEP20-9000-P,9741.06,64.66,0.1195,17.6,0.125,17.6,66.74,27.84751,-4.28557,-26.29302,6e-05,-0.28674
9742.04,SYN.BTC-19FEB20,1582023542357,open,0.01,62.7,0.0005,0.0285,0.0081812,40.16,0.007,0.0,BTC-19FEB20-9750-P,9741.06,31.11,0.0065,0.8,0.009,18.8,43.92,1.9027,-38.21,-0.12175,0.00208,-0.51264
9747.47,SYN.BTC-20FEB20,1582023542370,open,10.1,0.0005,0.0245,0.00742169,44.68,0.0075,0.0,BTC-20FEB20-9875-C,9741.06,41.4,0.0065,44.0,0.009,24.0,50.79,2.58371,-30.77569,0.1708,0.00118,0.34835
9747.47,SYN.BTC-20FEB20,1582023542372,open,10.1,0.0005,0.0245,0.00742169,44.68,0.0075,0.0,BTC-20FEB20-9875-C,9741.06,41.4,0.0065,44.0,0.009,44.0,50.79,2.58371,-30.77569,0.1708,0.00118,0.34835
267.5,SYN.ETH-20FEB20,1582023542490,open,2.0,0.001,0.03,0.007515,106.04,0.006,0.0,ETH-20FEB20-250-P,267.15,97.61,0.006,240.0,0.009,240.0,113.81,0.04974,-1.40599,-0.00253,0.01276,-0.17673
267.5,SYN.ETH-20FEB20,1582023542490,open,0.0,0.057,0.119,0.088256,103.8,None,0.0,ETH-20FEB20-245-C,267.15,0.0,0.063,3.0,0.107,3.0,201.16,0.03644,-1.00829,0.011,0.00955,0.88836
267.5,SYN.ETH-20FEB20,1582023542490,open,0.0,0.039,0.105,0.072612,104.35,None,0.0,ETH-20FEB20-250-C,267.15,95.22,0.071,60.0,0.077,60.0,126.59,0.0491,-1.36577,0.01037,0.0128,0.82684
267.5,SYN.ETH-20FEB20,1582023542502,open,2.0,0.001,0.024,0.004688,112.98,0.004,0.0,ETH-20FEB20-295-C,267.15,100.19,0.003,600.0,0.007,300.0,127.67,0.03868,-1.16499,0.0016,0.00931,0.12143
267.5,SYN.ETH-20FEB20,1582023542502,open,2.0,0.001,0.029,0.006952,112.39,0.005,0.0,ETH-20FEB20-290-C,267.15,100.92,0.005,537.0,0.009,240.0,123.27,0.04815,-1.44252,0.00221,0.01165,0.16796
267.5,SYN.ETH-20FEB20,1582023542502,open,0.0,0.014,0.086,0.048127,110.99,None,0.0,ETH-20FEB20-275-P,267.15,91.96,0.043,180.0,0.05,180.0,117.83,0.07296,-2.15857,-0.0092,0.01788,-0.62092
267.5,SYN.ETH-20FEB20,1582023542521,open,1.0,0.038,0.115,0.075913,113.55,0.068,0.0,ETH-20FEB20-285-P,267.15,89.07,0.071,60.0,0.077,60.0,118.48,0.05826,-1.76357,-0.01162,0.01395,-0.76973
267.3,SYN.ETH-19FEB20,1582023542522,open,0.07,15.0,0.036,0.096,0.066683,101.38,0.067,0.0,ETH-19FEB20-250-C,267.15,68.99,0.065,60.0,0.072,60.0,152.36,0.02038,-1.03297,0.00544,0.01173,0.91497
267.5,SYN.ETH-20FEB20,1582023542524,open,0.0,0.013,0.078,0.045647,104.8,None,0.0,ETH-20FEB20-260-C,267.15,98.49,0.044,180.0,0.05,180.0,121.24,0.07016,-1.96008,0.00846,0.01821,0.66127
267.5,SYN.ETH-20FEB20,1582023542526,open,0.0,0.013,0.078,0.045647,104.8,None,0.0,ETH-20FEB20-260-C,267.15,98.49,0.044,180.0,0.051,180.0,124.98,0.07016,-1.96008,0.00846,0.01821,0.66127
267.5,SYN.ETH-20FEB20,1582023542528,open,0.0,0.003,0.058,0.025664,105.77,None,0.0,ETH-20FEB20-265-P,267.15,92.78,0.022,180.0,0.028,522.0,114.04,0.07551,-2.12902,-0.00634,0.01941,-0.43581
267.3,SYN.ETH-19FEB20,1582023542532,open,0.06,1.0,0.036,0.106,0.069389,109.72,0.062,0.0,ETH-19FEB20-285-P,267.15,0.0,0.065,60.0,0.071,60.0,124.65,0.02645,-1.45106,-0.00608,0.01406,-0.8783
267.3,SYN.ETH-19FEB20,1582023542534,open,0.04,19.0,0.005,0.065,0.034627,92.04,0.034,0.0,ETH-19FEB20-260-C,267.15,94.37,0.035,60.0,0.041,60.0,129.84,0.04266,-1.96309,0.00451,0.02704,0.73774
267.5,SYN.ETH-20FEB20,1582023542535,open,40.0,0.006,0.067,0.034667,104.6,0.034,0.0,ETH-20FEB20-265-C,267.15,98.69,0.033,180.0,0.04,180.0,123.48,0.0755,-2.10505,0.00728,0.01963,0.56457
267.3,SYN.ETH-19FEB20,1582023542537,open,0.02,0.0,0.001,0.057,0.024219,95.37,None,0.0,ETH-19FEB20-270-P,267.15,83.76,0.022,181.0,0.029,180.0,120.17,0.05128,-2.445,-0.00385,0.03137,-0.57618
10244.72,BTC-26JUN20,1582023542695,open,1.15,0.0,1.112,1.2295,1.16451438,81.58,None,0.0,BTC-26JUN20-22000-P,9742.19,0.0,0.001,2.0,2.21,1.0,500.0,9.97088,-3.15572,-75.00241,3e-05,-0.90895
10244.72,BTC-26JUN20,1582023542695,open,0.71,34.7,0.6985,0.718,0.70803833,87.99,0.7145,0.0,BTC-26JUN20-3000-C,9742.19,0.0,0.7,9.0,0.714,9.0,121.67,0.8049,-0.27478,10.39738,0.0,0.99548
10244.72,BTC-26JUN20,1582023542695,open,0.01,230.1,0.0005,0.027,0.00852596,87.59,0.0095,0.0,BTC-26JUN20-28000-C,9742.19,86.68,0.008,25.0,0.009,6.0,88.39,6.00626,-2.04106,1.4027,2e-05,0.0473
9947.3,BTC-27MAR20,1582023542696,open,0.0,845.6,0.0005,0.012,0.00225725,99.04,0.002,0.0,BTC-27MAR20-20000-C,9742.19,97.41,0.002,10.0,0.0025,24.0,100.48,1.63003,-2.13123,0.19554,2e-05,0.0212
9947.3,BTC-27MAR20,1582023542696,open,0.02,962.6,0.0085,0.0415,0.0210944,60.21,0.0215,0.0,BTC-27MAR20-8500-P,9742.19,58.92,0.02,41.3,0.0215,32.3,60.69,8.46791,-6.73108,-2.09684,0.00014,-0.18204
9947.3,BTC-27MAR20,1582023542696,open,0.55,28.5,0.538,0.5575,0.54779301,89.75,0.5365,0.0,BTC-27MAR20-4500-C,9742.19,0.0,0.54,9.0,0.552,9.0,138.16,0.19743,-0.23392,4.64777,0.0,0.99806
9947.3,BTC-27MAR20,1582023542696,open,2.99,1.4,2.9415,3.103,3.02163521,147.13,3.0435,0.0,BTC-27MAR20-40000-P,9742.19,0.0,0.001,0.1,0.0,0.0,0.0,0.33473,-0.65015,-41.4763,0.0,-0.99652
10244.72,BTC-26JUN20,1582023542696,open,0.01,501.3,0.0005,0.022,0.00626683,91.82,0.0065,0.0,BTC-26JUN20-32000-C,9742.19,91.23,0.006,10.6,0.0065,6.0,92.32,4.67964,-1.66705,1.03143,1e-05,0.03478
9948.43,BTC-27MAR20,1582023542696,open,2.19,0.0,2.1525,2.285,2.21708059,127.97,None,0.0,BTC-27MAR20-32000-P,9742.19,0.0,0.001,0.1,0.0,0.0,0.0,0.40465,-0.68362,-33.16683,0.0,-0.9957
9948.43,BTC-27MAR20,1582023542696,open,0.02,823.4,0.005,0.035,0.01510669,70.42,0.014,0.0,BTC-27MAR20-13000-C,9742.19,69.58,0.0145,64.0,0.0155,3.0,70.95,7.2433,-6.73318,1.32245,0.0001,0.14321
10244.72,BTC-26JUN20,1582023542696,open,2.11,0.0,2.0635,2.2085,2.13015333,92.52,None,0.0,BTC-26JUN20-32000-P,9742.19,0.0,0.0,0.0,0.0,0.0,0.0,4.83376,-1.73513,-111.91657,1e-05,-0.96382
10244.72,BTC-26JUN20,1582023542696,open,0.01,452.0,0.0005,0.015,0.00548954,71.5,0.0065,0.0,BTC-26JUN20-5000-P,9742.19,70.21,0.005,39.0,0.006,6.0,72.78,3.98802,-1.10625,-1.23533,2e-05,-0.02866
9948.43,BTC-27MAR20,1582023542696,open,0.0,1389.6,0.0005,0.0105,5.472e-05,92.02,0.0005,0.0,BTC-27MAR20-4000-P,9742.19,0.0,0.0,0.0,0.0005,32.9,114.32,0.07123,-0.08653,-0.00714,0.0,-0.00064
10244.72,BTC-26JUN20,1582023542696,open,0.0,330.6,0.0005,0.0105,0.00090214,88.37,0.001,0.0,BTC-26JUN20-3000-P,9742.19,82.31,0.0005,38.0,0.0015,25.2,94.57,0.82383,-0.28245,-0.20055,0.0,-0.00464
9948.43,BTC-27MAR20,1582023542696,open,0.0,1413.5,0.0005,0.011,0.00143191,76.73,0.002,0.0,BTC-27MAR20-6000-P,9742.19,72.78,0.001,64.0,0.002,24.0,80.9,1.21564,-1.23135,-0.16993,2e-05,-0.01503
9948.43,BTC-27MAR20,1582023542696,open,0.6,21.2,0.5785,0.657,0.6140136,84.83,0.501,0.0,BTC-27MAR20-16000-P,9742.19,0.0,0.05,0.1,0.95,0.1,386.56,3.54152,-3.96581,-16.09903,4e-05,-0.94546
10244.72,BTC-26JUN20,1582023542696,open,0.02,140.9,0.0055,0.0425,0.01705624,81.57,0.016,0.0,BTC-26JUN20-22000-C,9742.19,80.46,0.016,32.0,0.018,6.0,82.52,9.96769,-3.15429,2.67505,3e-05,0.09101
9948.43,BTC-27MAR20,1582023542696,open,1.4,0.0,1.3655,1.47,1.41420978,115.97,None,0.0,BTC-27MAR20-24000-P,9742.19,0.0,0.001,0.1,0.0,0.0,0.0,1.21273,-1.85668,-24.76811,1e-05,-0.98501
9948.43,BTC-27MAR20,1582023542696,open,0.0,428.4,0.0005,0.0105,3.42e-05,112.84,0.0005,0.0,BTC-27MAR20-36000-C,9742.19,0.0,0.0,0.0,0.0005,111.0,139.09,0.04574,-0.06813,0.00372,0.0,0.00039
9948.43,BTC-27MAR20,1582023542696,open,0.0,267.1,0.0005,0.0105,0.00011108,112.7,0.0005,0.0,BTC-27MAR20-32000-C,9742.19,0.0,0.0,0.0,0.0005,0.3,128.15,0.12712,-0.18911,0.0112,0.0,0.0012
9948.43,BTC-27MAR20,1582023542696,open,0.8,0.0,0.7745,0.859,0.81322971,94.27,1.23,0.0,BTC-27MAR20-18000-P,9742.19,0.0,0.0125,1.0,0.0,0.0,0.0,2.52662,-3.14431,-18.34838,3e-05,-0.96413
10244.72,BTC-26JUN20,1582023542696,open,0.43,72.7,0.409,0.45,0.42745299,67.91,0.44,0.0,BTC-26JUN20-6000-C,9742.19,0.0,0.4095,7.0,0.4425,7.0,85.02,7.56253,-1.99259,18.42021,3e-05,0.93669
9756.71,SYN.BTC-21FEB20,1582023542695,open,0.0,158.9,0.0005,0.0105,1.5e-07,61.86,0.0005,0.0,BTC-21FEB20-7750-P,9742.19,0.0,0.0,0.0,0.0005,50.0,119.46,0.00047,-0.00142,-1e-05,0.0,-1e-05
9948.43,BTC-27MAR20,1582023542697,open,0.5,27.1,0.4875,0.5095,0.4980622,90.95,0.4935,0.0,BTC-27MAR20-5000-C,9742.19,0.0,0.489,8.0,0.503,8.0,127.61,0.56928,-0.68352,5.11662,1e-05,0.9937
10245.85,BTC-26JUN20,1582023542697,open,0.96,0.1,0.924,1.038,0.974822,79.42,1.85,0.0,BTC-26JUN20-20000-P,9742.19,0.0,0.001,2.0,1.55,1.0,351.91,12.0873,-3.72434,-67.14706,4e-05,-0.88128
10245.85,BTC-26JUN20,1582023542696,open,1.72,0.0,1.6815,1.814,1.74165836,88.12,None,0.0,BTC-26JUN20-28000-P,9742.19,0.0,0.0,0.0,0.0,0.0,0.0,6.14251,-2.1,-97.42383,2e-05,-0.95136
9948.43,BTC-27MAR20,1582023542696,open,1.2,5.6,1.168,1.2655,1.21311752,106.02,1.545,0.0,BTC-27MAR20-22000-P,9742.19,0.0,0.001,0.1,0.0,0.0,0.0,1.25913,-1.76222,-22.68524,1e-05,-0.98434
9745.83,SYN.BTC-19FEB20,1582023542695,open,0.0,0.0,0.0005,0.0105,7e-08,52.25,None,0.0,BTC-19FEB20-8750-P,9742.19,0.0,0.0,0.0,0.0005,20.1,112.57,0.00025,-0.00065,0.0,0.0,-1e-05
9948.43,BTC-27MAR20,1582023542698,open,0.0,1421.0,0.0005,0.014,0.00444516,68.8,0.0045,0.0,BTC-27MAR20-7000-P,9742.19,67.3,0.004,55.8,0.005,54.0,70.57,3.03025,-2.75218,-0.50904,4e-05,-0.04486
9948.43,BTC-27MAR20,1582023542697,open,0.41,68.6,0.384,0.458,0.41773373,75.61,0.435,0.0,BTC-27MAR20-14000-P,9742.19,0.0,0.3655,5.0,0.456,5.0,121.81,5.62875,-5.61815,-13.60234,7e-05,-0.89989
9948.43,BTC-27MAR20,1582023542697,open,0.35,0.0,0.3345,0.3655,0.34899763,71.63,None,0.0,BTC-27MAR20-6500-C,9742.19,0.0,0.335,7.0,0.358,7.0,100.33,1.87361,-1.77178,6.46236,3e-05,0.97499
10245.85,BTC-26JUN20,1582023542697,open,1.53,0.0,1.491,1.618,1.5484587,86.19,None,0.0,BTC-26JUN20-26000-P,9742.19,0.0,0.0,0.0,0.0,0.0,0.0,7.1689,-2.39721,-90.05548,2e-05,-0.94088
10245.85,BTC-26JUN20,1582023542697,open,0.52,0.0,0.5045,0.534,0.51742747,71.35,None,0.0,BTC-26JUN20-5000-C,9742.19,31.95,0.512,7.0,0.5275,7.0,90.5,3.96396,-1.09737,16.42854,1e-05,0.97155
9948.43,BTC-27MAR20,1582023542697,open,2.39,0.0,2.35,2.489,2.41809139,132.95,None,0.0,BTC-27MAR20-34000-P,9742.19,0.0,0.001,0.1,0.0,0.0,0.0,0.37623,-0.66029,-35.24541,0.0,-0.99604
9948.43,BTC-27MAR20,1582023542698,open,0.0,199.0,0.0005,0.011,0.00123624,111.05,0.001,0.0,BTC-27MAR20-24000-C,9742.19,108.37,0.001,2.4,0.0015,24.0,113.64,0.94403,-1.38392,0.10304,1e-05,0.01122
9948.43,BTC-27MAR20,1582023542697,open,2.59,0.1,2.5465,2.693,2.61912494,138.12,2.64,0.0,BTC-27MAR20-36000-P,9742.19,0.0,0.001,0.1,0.0,0.0,0.0,0.36374,-0.6632,-37.32227,0.0,-0.99619
9948.43,BTC-27MAR20,1582023542697,open,0.0,37.1,0.0005,0.0105,0.00022574,92.0,0.001,0.0,BTC-27MAR20-4500-P,9742.19,0.0,0.0,0.0,0.0005,0.2,100.44,0.2364,-0.28711,-0.02673,0.0,-0.00236
9948.43,BTC-27MAR20,1582023542698,open,1.79,0.0,1.759,1.8785,1.81523053,119.77,None,0.0,BTC-27MAR20-28000-P,9742.19,0.0,0.001,0.1,0.0,0.0,0.0,0.57708,-0.91241,-28.99663,0.0,-0.9936
10245.85,BTC-26JUN20,1582023542698,open,1.34,0.0,1.301,1.423,1.35597846,84.12,None,0.0,BTC-26JUN20-24000-P,9742.19,0.0,0.0,0.0,0.0,0.0,0.0,8.45109,-2.75795,-82.58638,3e-05,-0.9269
10245.85,BTC-26JUN20,1582023542698,open,0.6,2.2,0.557,0.6665,0.60622992,74.4,0.639,0.0,BTC-26JUN20-16000-P,9742.19,0.0,0.001,2.0,0.71,1.0,123.93,17.81852,-5.14358,-50.30756,6e-05,-0.78439
9756.71,SYN.BTC-21FEB20,1582023542695,open,0.0,451.5,0.0005,0.0105,0.00037644,59.93,0.0005,0.0,BTC-21FEB20-8750-P,9742.19,0.0,0.0,0.0,0.001,30.3,70.75,0.4023,-3.67286,-0.01493,9e-05,-0.01905
10245.85,BTC-26JUN20,1582023542698,open,0.78,1.0,0.738,0.8495,0.78793264,76.87,0.9,0.0,BTC-26JUN20-18000-P,9742.19,0.0,0.001,2.0,1.0,1.0,177.2,14.65264,-4.36967,-58.98829,5e-05,-0.84264
9948.43,BTC-27MAR20,1582023542698,open,0.01,1037.7,0.0005,0.0185,0.00692517,63.88,0.0076,0.0,BTC-27MAR20-7500-P,9742.19,62.88,0.0065,80.8,0.0075,41.0,65.18,4.30248,-3.62802,-0.79404,7e-05,-0.06999
10245.85,BTC-26JUN20,1582023542698,open,1.92,0.0,1.8725,2.011,1.93562815,90.45,None,0.0,BTC-26JUN20-30000-P,9742.19,0.0,0.0,0.0,0.0,0.0,0.0,5.43747,-1.90813,-104.68836,2e-05,-0.9582
9948.43,BTC-27MAR20,1582023542698,open,0.0,154.2,0.0005,0.0105,0.00020443,112.64,0.001,0.0,BTC-27MAR20-30000-C,9742.19,0.0,0.0,0.0,0.001,40.2,130.98,0.21365,-0.31769,0.01971,0.0,0.00211
10245.85,BTC-26JUN20,1582023542698,open,0.01,485.4,0.001,0.031,0.01055362,85.77,0.01,0.0,BTC-26JUN20-26000-C,9742.19,84.95,0.01,25.0,0.011,6.0,86.41,7.05544,-2.34775,1.71394,2e-05,0.05793
9948.43,BTC-27MAR20,1582023542698,open,0.31,583.8,0.284,0.32,0.30072803,68.51,0.3,0.0,BTC-27MAR20-7000-C,9742.19,0.0,0.284,7.0,0.3115,7.0,93.65,2.99801,-2.71133,6.76182,4e-05,0.95573
9948.43,BTC-27MAR20,1582023542698,open,1.0,5.3,0.971,1.0615,1.0128632,100.44,0.907,0.0,BTC-27MAR20-20000-P,9742.19,0.0,0.001,0.1,0.0,0.0,0.0,1.74212,-2.30985,-20.5428,2e-05,-0.97706
9948.43,BTC-27MAR20,1582023542698,open,0.0,898.4,0.0005,0.0105,1.095e-05,112.9,0.0005,0.0,BTC-27MAR20-40000-C,9742.19,0.0,0.0,0.0,0.0005,39.0,148.72,0.01671,-0.02491,0.00127,0.0,0.00013
9948.43,BTC-27MAR20,1582023542698,open,0.5,2.0,0.481,0.557,0.5154989,80.67,0.4565,0.0,BTC-27MAR20-15000-P,9742.19,0.0,0.0005,0.1,0.0,0.0,0.0,4.46716,-4.75743,-14.88628,5e-05,-0.9265
9948.43,BTC-27MAR20,1582023542698,open,0.6,41.5,0.588,0.6075,0.59793346,79.12,0.6085,0.0,BTC-27MAR20-4000-C,9742.19,0.0,0.59,10.0,0.603,10.0,160.85,0.01351,-0.01411,4.14959,0.0,0.99989
9948.43,BTC-27MAR20,1582023542698,open,0.0,221.1,0.0005,0.0105,6.121e-05,112.76,0.0005,0.0,BTC-27MAR20-34000-C,9742.19,0.0,0.0,0.0,0.001,68.1,143.3,0.07602,-0.11316,0.00642,0.0,0.00068
9948.43,BTC-27MAR20,1582023542698,open,0.0,344.8,0.0005,0.012,0.00244456,72.04,0.003,0.0,BTC-27MAR20-6500-P,9742.19,69.59,0.002,64.0,0.003,42.0,74.76,1.90977,-1.81625,-0.28938,3e-05,-0.02559
9948.43,BTC-27MAR20,1582023542699,open,0.0,216.8,0.0005,0.0105,0.00038221,112.61,0.0015,0.0,BTC-27MAR20-28000-C,9742.19,0.0,0.0,0.0,0.001,0.1,124.08,0.36072,-0.53623,0.03506,0.0,0.00378
9745.83,SYN.BTC-19FEB20,1582023542695,open,0.07,0.0,0.0565,0.1015,0.07790854,82.22,None,0.0,BTC-19FEB20-10500-P,9742.19,0.0,0.067,4.0,0.0955,4.0,231.91,0.35641,-14.65132,-0.24419,0.00019,-0.96643
9948.43,BTC-27MAR20,1582023542699,open,1.6,0.0,1.5615,1.675,1.61451146,117.01,None,0.0,BTC-27MAR20-26000-P,9742.19,0.0,0.0015,0.1,0.0,0.0,0.0,0.78897,-1.21871,-26.89634,1e-05,-0.99087
9751.27,SYN.BTC-20FEB20,1582023542695,open,0.0,0.058,0.0955,0.07697551,0.0,None,0.0,BTC-20FEB20-9000-C,9742.19,0.0,0.0615,5.0,0.089,5.0,141.76,0.0,0.0,0.4625,0.0,1.0
9794.82,SYN.BTC-28FEB20,1582023542696,open,0.0,671.1,0.0005,0.0105,2.729e-05,80.08,0.001,0.0,BTC-28FEB20-6500-P,9742.19,0.0,0.0,0.0,0.001,50.9,118.28,0.04108,-0.16653,-0.00203,0.0,-0.00074
9794.82,SYN.BTC-28FEB20,1582023542695,open,0.0,794.7,0.0005,0.0105,0.00018982,80.05,0.0005,0.0,BTC-28FEB20-7000-P,9742.19,0.0,0.0,0.0,0.001,62.2,99.25,0.20933,-0.84845,-0.01226,1e-05,-0.00443
9948.43,BTC-27MAR20,1582023542699,open,0.0,317.1,0.0005,0.011,0.00145098,103.83,0.0015,0.0,BTC-27MAR20-22000-C,9742.19,99.3,0.001,66.5,0.002,64.0,108.16,1.12276,-1.53886,0.12649,1e-05,0.0137
9948.43,BTC-27MAR20,1582023542700,open,0.0,519.6,0.0005,0.0105,0.00072373,112.59,0.001,0.0,BTC-27MAR20-26000-C,9742.19,108.42,0.0005,43.0,0.001,24.0,116.58,0.60889,-0.90497,0.06275,1e-05,0.0068
9756.71,SYN.BTC-21FEB20,1582023542695,open,0.0,236.6,0.0005,0.0105,1.211e-05,60.5,0.0005,0.0,BTC-21FEB20-8250-P,9742.19,0.0,0.0,0.0,0.0005,30.0,90.68,0.02416,-0.11811,-0.00064,1e-05,-0.00081
9794.82,SYN.BTC-28FEB20,1582023542696,open,0.0,1096.5,0.0005,0.0115,0.00194532,72.24,0.0015,0.0,BTC-28FEB20-8000-P,9742.19,68.79,0.0015,30.0,0.0025,82.3,75.96,1.35918,-4.97131,-0.10843,7e-05,-0.03897
9751.27,SYN.BTC-20FEB20,1582023542696,open,0.1,0.02,0.0645,0.0412485,50.91,0.036,0.0,BTC-20FEB20-10125-P,9742.19,0.0,0.026,5.0,0.063,5.0,140.81,1.67072,-22.6741,-0.44375,0.00067,-0.84429
10542.09,SYN.BTC-25SEP20,1582023542698,open,1.3,7.0,1.25,1.391,1.31258068,78.29,1.35,0.0,BTC-25SEP20-24000-P,9742.19,0.0,0.0005,1.0,1.49,1.0,146.01,18.80606,-3.34787,-137.5376,4e-05,-0.85318
9948.43,BTC-27MAR20,1582023542700,open,1.99,0.0,1.956,2.0815,2.01611335,123.48,None,0.0,BTC-27MAR20-30000-P,9742.19,0.0,0.001,0.1,0.0,0.0,0.0,0.46312,-0.75493,-31.08493,0.0,-0.995
10542.09,SYN.BTC-25SEP20,1582023542695,open,0.54,1.0,0.5225,0.5585,0.53821346,67.84,0.581,0.0,BTC-25SEP20-5000-C,9742.19,51.55,0.529,6.0,0.5505,6.0,81.63,7.96001,-1.22795,26.37423,2e-05,0.95352
9745.83,SYN.BTC-19FEB20,1582023542695,open,0.0,26.7,0.0005,0.0105,0.00074529,64.25,0.001,0.0,BTC-19FEB20-10250-C,9742.19,59.34,0.0005,1.1,0.001,48.0,68.49,0.5406,-7.26342,0.01298,0.00037,0.05626
9756.71,SYN.BTC-21FEB20,1582023542695,open,0.17,0.0,0.156,0.2055,0.17923828,88.51,None,0.0,BTC-21FEB20-11500-P,9742.19,0.0,0.001,0.1,0.0,0.0,0.0,0.41975,-6.45953,-0.89108,6e-05,-0.97998
9756.71,SYN.BTC-21FEB20,1582023542695,open,0.22,0.1,0.2065,0.2575,0.23041489,105.5,0.195,0.0,BTC-21FEB20-12000-P,9742.19,0.0,0.001,0.1,0.0,0.0,0.0,0.33285,-6.10539,-0.93408,4e-05,-0.98474
9745.83,SYN.BTC-19FEB20,1582023542695,open,0.0,11.5,0.0005,0.0105,0.00010508,64.84,0.0005,0.0,BTC-19FEB20-10500-C,9742.19,0.0,0.0,0.0,0.0005,30.8,81.54,0.12583,-1.02406,0.00228,9e-05,0.00987
10542.09,SYN.BTC-25SEP20,1582023542698,open,2.04,0.0,1.9835,2.142,2.05497835,83.76,None,0.0,BTC-25SEP20-32000-P,9742.19,0.0,0.0005,1.0,0.0,0.0,0.0,12.54663,-2.38987,-188.71439,2e-05,-0.91665
9751.27,SYN.BTC-20FEB20,1582023542695,open,5.0,0.0005,0.012,0.00149217,51.05,0.003,0.0,BTC-20FEB20-10250-C,9742.19,46.4,0.001,66.0,0.002,30.0,55.14,1.12935,-14.55058,0.04404,0.00045,0.08938
9948.43,BTC-27MAR20,1582023542700,open,0.31,3.0,0.289,0.3615,0.32200056,70.63,0.3395,0.0,BTC-27MAR20-13000-P,9742.19,0.0,0.2705,5.0,0.361,5.0,111.89,7.27335,-6.78152,-12.16002,0.0001,-0.85591
9756.71,SYN.BTC-21FEB20,1582023542695,open,0.27,0.0,0.2565,0.3105,0.28167138,123.27,None,0.0,BTC-21FEB20-12500-P,9742.19,0.0,0.0005,0.1,0.0,0.0,0.0,0.30071,-6.44541,-0.97479,3e-05,-0.98644
9745.83,SYN.BTC-19FEB20,1582023542695,open,0.0,10.4,0.0005,0.0105,0.00029168,64.5,0.0005,0.0,BTC-19FEB20-10375-C,9742.19,0.0,0.0,0.0,0.0005,31.3,70.66,0.27652,-2.8427,0.00572,0.00019,0.02474
10542.09,SYN.BTC-25SEP20,1582023542696,open,0.77,0.5,0.717,0.8495,0.7763131,73.82,0.815,0.0,BTC-25SEP20-18000-P,9742.19,0.0,0.0005,1.0,0.835,0.5,95.26,26.47222,-4.44371,-96.37584,5e-05,-0.74129
10542.09,SYN.BTC-25SEP20,1582023542699,open,0.01,429.9,0.0005,0.015,0.00546952,71.62,0.0055,0.0,BTC-25SEP20-4000-P,9742.19,70.42,0.005,33.0,0.006,6.0,72.91,4.23326,-0.68949,-1.72093,1e-05,-0.02163
9756.71,SYN.BTC-21FEB20,1582023542695,open,0.15,0.0,0.131,0.18,0.15378599,81.81,None,0.0,BTC-21FEB20-11250-P,9742.19,0.0,0.001,0.1,0.0,0.0,0.0,0.54191,-7.70851,-0.86606,9e-05,-0.97287
9745.83,SYN.BTC-19FEB20,1582023542695,open,0.0,58.9,0.0005,0.0135,0.00149196,46.52,0.001,0.0,BTC-19FEB20-10000-C,9742.19,41.43,0.001,20.0,0.002,33.2,51.1,1.01871,-14.54038,0.03043,0.00096,0.13166
9756.71,SYN.BTC-21FEB20,1582023542695,open,0.12,0.7,0.106,0.155,0.1286046,77.21,0.1175,0.0,BTC-21FEB20-11000-P,9742.19,0.0,0.1135,4.0,0.148,4.0,174.24,0.79267,-10.64096,-0.83443,0.00014,-0.95691
10542.09,SYN.BTC-25SEP20,1582023542696,open,0.28,123.1,0.234,0.3195,0.27327148,67.56,0.2775,0.0,BTC-25SEP20-9000-C,9742.19,65.19,0.267,10.9,0.2745,15.9,68.03,27.84566,-4.27812,27.96011,6e-05,0.71355
9745.83,SYN.BTC-19FEB20,1582023542695,open,0.06,0.0,0.044,0.089,0.06526415,75.38,None,0.0,BTC-19FEB20-10375-P,9742.19,0.0,0.054,4.0,0.083,4.0,214.71,0.4675,-17.61876,-0.23812,0.00027,-0.95313
9745.83,SYN.BTC-19FEB20,1582023542695,open,0.06,0.0,0.0315,0.0695,0.05069416,0.0,None,0.0,BTC-19FEB20-9250-C,9742.19,0.0,0.035,5.0,0.0625,5.0,160.55,0.0,0.0,0.22192,0.0,1.0
9756.71,SYN.BTC-21FEB20,1582023542696,open,0.25,0.0,0.2315,0.284,0.25604046,114.43,None,0.0,BTC-21FEB20-12250-P,9742.19,0.0,0.0005,0.1,0.0,0.0,0.0,0.31426,-6.25283,-0.95454,4e-05,-0.98573
9745.83,SYN.BTC-19FEB20,1582023542695,open,0.05,0.0,0.0315,0.0765,0.05288676,70.79,None,0.0,BTC-19FEB20-10250-P,9742.19,0.0,0.041,4.0,0.071,4.0,199.23,0.67788,-23.99371,-0.22857,0.00042,-0.92469
9751.27,SYN.BTC-20FEB20,1582023542695,open,0.0,0.02,0.0605,0.04020205,44.33,None,0.0,BTC-20FEB20-9375-C,9742.19,0.0,0.0215,5.0,0.0565,5.0,120.41,1.27015,-15.00975,0.4284,0.00059,0.89511
9751.27,SYN.BTC-20FEB20,1582023542695,open,0.5,0.0005,0.0105,0.0007098,54.76,0.001,0.0,BTC-20FEB20-9125-P,9742.19,51.27,0.0005,48.0,0.001,0.1,58.73,0.64567,-6.92147,-0.02219,0.00024,-0.04358
9745.83,SYN.BTC-19FEB20,1582023542695,open,0.08,0.0,0.0575,0.0945,0.0761748,0.0,None,0.0,BTC-19FEB20-9000-C,9742.19,0.0,0.0615,5.0,0.086,5.0,187.99,0.0,0.0,0.21592,0.0,1.0
9756.71,SYN.BTC-21FEB20,1582023542695,open,0.0,420.1,0.0005,0.0105,7.684e-05,60.13,0.0005,0.0,BTC-21FEB20-8500-P,9742.19,0.0,0.0,0.0,0.001,64.1,85.99,0.11456,-0.74966,-0.00354,3e-05,-0.00452
9745.83,SYN.BTC-19FEB20,1582023542695,open,0.0,69.2,0.0005,0.0105,0.00069866,52.07,0.001,0.0,BTC-19FEB20-9375-P,9742.19,48.48,0.0005,0.1,0.001,30.0,56.62,0.5874,-6.80899,-0.01479,0.0005,-0.06254
9756.71,SYN.BTC-21FEB20,1582023542695,open,0.0,269.3,0.0005,0.0105,3.473e-05,71.62,0.0005,0.0,BTC-21FEB20-11750-C,9742.19,0.0,0.0,0.0,0.001,83.7,107.17,0.05268,-0.33885,0.00144,1e-05,0.00191
9751.27,SYN.BTC-20FEB20,1582023542696,open,31.2,0.0005,0.011,0.00109777,50.09,0.0015,0.0,BTC-20FEB20-9250-P,9742.19,42.48,0.0005,167.0,0.002,50.0,58.26,0.92224,-10.70463,-0.03484,0.00038,-0.06842
9794.82,SYN.BTC-28FEB20,1582023542696,open,0.49,1.6,0.479,0.499,0.48932246,0.0,0.4915,0.0,BTC-28FEB20-5000-C,9742.19,0.0,0.482,8.0,0.4945,8.0,239.36,0.0,0.0,1.35283,0.0,1.0
9751.27,SYN.BTC-20FEB20,1582023542695,open,0.0,0.0685,0.1145,0.09041484,68.18,None,0.0,BTC-20FEB20-10625-P,9742.19,0.0,0.078,4.0,0.1095,4.0,177.95,0.62304,-11.32331,-0.52552,0.00019,-0.9583
10542.09,SYN.BTC-25SEP20,1582023542695,open,0.01,139.4,0.004,0.039,0.01383822,84.54,0.0135,0.0,BTC-25SEP20-36000-C,9742.19,83.64,0.013,20.0,0.015,6.0,85.75,9.91793,-1.90677,3.01724,2e-05,0.06135
9756.71,SYN.BTC-21FEB20,1582023542695,open,0.21,0.1,0.1895,0.221,0.20536452,0.0,0.2215,0.0,BTC-21FEB20-7750-C,9742.19,0.0,0.1935,6.0,0.2135,6.0,204.32,0.0,0.0,0.61059,0.0,1.0
9756.71,SYN.BTC-21FEB20,1582023542695,open,0.16,0.0,0.137,0.171,0.15410967,0.0,None,0.0,BTC-21FEB20-8250-C,9742.19,0.0,0.141,5.0,0.1635,5.0,168.77,0.0,0.0,0.64999,0.0,1.0
10542.09,SYN.BTC-25SEP20,1582023542696,open,0.44,101.5,0.3915,0.5145,0.44704627,70.56,0.475,0.0,BTC-25SEP20-14000-P,9742.19,0.0,0.001,1.0,0.4895,1.0,84.48,31.68317,-5.08349,-66.26872,7e-05,-0.59647
9794.82,SYN.BTC-28FEB20,1582023542696,open,0.0,248.8,0.0005,0.0105,0.0,80.1,0.0005,0.0,BTC-28FEB20-5000-P,9742.19,0.0,0.0,0.0,0.0005,50.5,168.75,1e-05,-3e-05,0.0,0.0,0.0
9794.82,SYN.BTC-28FEB20,1582023542695,open,0.39,1.1,0.375,0.399,0.3871894,0.0,0.3535,0.0,BTC-28FEB20-6000-C,9742.19,0.0,0.3785,7.0,0.395,7.0,199.52,0.0,0.0,1.6234,0.0,1.0
9756.71,SYN.BTC-21FEB20,1582023542695,open,0.0,844.4,0.0005,0.0105,0.00073468,71.02,0.001,0.0,BTC-21FEB20-11000-C,9742.19,66.75,0.0005,98.7,0.001,0.5,74.94,0.6001,-7.16803,0.02301,0.00011,0.03067
9794.82,SYN.BTC-28FEB20,1582023542696,open,0.0,309.6,0.0005,0.0105,2.45e-06,80.09,0.0005,0.0,BTC-28FEB20-6000-P,9742.19,0.0,0.0,0.0,0.0005,49.0,126.37,0.00496,-0.02009,-0.00021,0.0,-8e-05
9794.82,SYN.BTC-28FEB20,1582023542696,open,0.0,826.0,0.0005,0.0105,0.00090584,80.03,0.001,0.0,BTC-28FEB20-7500-P,9742.19,73.41,0.0005,81.3,0.0015,65.0,86.89,0.71807,-2.90955,-0.05048,3e-05,-0.01814
9751.27,SYN.BTC-20FEB20,1582023542696,open,0.4,0.0005,0.0105,0.00029232,54.96,0.0005,0.0,BTC-20FEB20-9000-P,9742.19,0.0,0.0,0.0,0.001,30.0,68.3,0.33773,-2.85048,-0.01014,0.00013,-0.01995
9751.27,SYN.BTC-20FEB20,1582023542696,open,0.0,0.0325,0.072,0.05213327,45.76,None,0.0,BTC-20FEB20-9250-C,9742.19,0.0,0.0345,5.0,0.0665,5.0,125.49,0.74468,-9.08464,0.44889,0.00033,0.94792
9751.27,SYN.BTC-20FEB20,1582023542696,open,33.7,0.0005,0.0105,0.00074076,59.45,0.0005,0.0,BTC-20FEB20-10500-C,9742.19,55.37,0.0005,23.0,0.001,30.0,63.06,0.6414,-7.22334,0.02129,0.00022,0.04322
9751.27,SYN.BTC-20FEB20,1582023542696,open,0.0,0.056,0.1025,0.07794371,65.05,None,0.0,BTC-20FEB20-10500-P,9742.19,0.0,0.065,4.0,0.097,4.0,166.54,0.82198,-14.25353,-0.51059,0.00026,-0.94098
10542.09,SYN.BTC-25SEP20,1582023542696,open,0.09,336.8,0.053,0.139,0.08916699,72.13,0.089,0.0,BTC-25SEP20-16000-C,9742.19,71.34,0.087,17.8,0.091,4.9,72.78,29.29202,-4.80437,14.71182,6e-05,0.32083
10542.09,SYN.BTC-25SEP20,1582023542698,open,0.01,447.4,0.003,0.0275,0.0126967,68.09,0.014,0.0,BTC-25SEP20-5000-P,9742.19,67.17,0.012,20.0,0.0135,14.0,69.14,8.01808,-1.24158,-3.78492,2e-05,-0.0469
10542.09,SYN.BTC-25SEP20,1582023542698,open,0.02,259.4,0.006,0.047,0.01828561,82.7,0.0185,0.0,BTC-25SEP20-32000-C,9742.19,82.01,0.0175,21.6,0.019,6.0,83.32,12.0985,-2.27528,3.88299,2e-05,0.07943
9745.83,SYN.BTC-19FEB20,1582023542695,open,0.03,0.1,0.019,0.063,0.04006179,57.43,0.04,0.0,BTC-19FEB20-10125-P,9742.19,0.0,0.0275,5.0,0.059,5.0,182.18,0.77319,-22.2039,-0.22221,0.00059,-0.91031
9745.83,SYN.BTC-19FEB20,1582023542695,open,0.04,0.1,0.0185,0.058,0.03837414,44.58,0.0315,0.0,BTC-19FEB20-9375-C,9742.19,0.0,0.0215,5.0,0.044,5.0,100.67,0.3855,-8.59325,0.21621,0.00038,0.96306
9751.27,SYN.BTC-20FEB20,1582023542695,open,0.0,0.045,0.0845,0.06456914,48.08,None,0.0,BTC-20FEB20-9125-C,9742.19,0.0,0.048,5.0,0.0775,5.0,133.1,0.4223,-5.41292,0.45572,0.00018,0.97399
10542.09,SYN.BTC-25SEP20,1582023542695,open,2.41,0.0,2.3535,2.522,2.43011755,85.99,None,0.0,BTC-25SEP20-36000-P,9742.19,0.0,0.0005,1.0,0.0,0.0,0.0,10.49371,-2.0519,-213.64209,2e-05,-0.93404
9745.83,SYN.BTC-19FEB20,1582023542695,open,0.1,0.0,0.071,0.107,0.08900022,0.0,None,0.0,BTC-19FEB20-8875-C,9742.19,0.0,0.075,5.0,0.0985,5.0,205.7,0.0,0.0,0.21293,0.0,1.0
9794.82,SYN.BTC-28FEB20,1582023542698,open,0.32,0.1,0.302,0.36,0.32868107,86.7,0.36,0.0,BTC-28FEB20-13000-P,9742.19,0.0,0.0055,0.1,0.0,0.0,0.0,1.02989,-4.5209,-3.44746,5e-05,-0.97217
9756.71,SYN.BTC-21FEB20,1582023542695,open,0.2,0.0,0.181,0.2315,0.20480487,96.68,None,0.0,BTC-21FEB20-11750-P,9742.19,0.0,0.0005,0.1,0.0,0.0,0.0,0.36262,-6.09566,-0.91316,5e-05,-0.98314
10542.09,SYN.BTC-25SEP20,1582023542696,open,0.04,75.1,0.0145,0.0725,0.03506112,77.76,0.035,0.0,BTC-25SEP20-24000-C,9742.19,76.87,0.0335,26.0,0.0365,6.0,78.57,18.58541,-3.28641,6.93512,4e-05,0.14427
9745.83,SYN.BTC-19FEB20,1582023542695,open,0.0,81.0,0.0005,0.0135,0.00140801,45.81,0.002,0.0,BTC-19FEB20-9500-P,9742.19,41.49,0.001,5.1,0.002,30.1,51.28,0.98339,-13.72227,-0.02959,0.00094,-0.12513
9745.83,SYN.BTC-19FEB20,1582023542696,open,0.07,0.0,0.0445,0.082,0.06337698,0.0,None,0.0,BTC-19FEB20-9125-C,9742.19,0.0,0.0485,5.0,0.074,5.0,173.27,0.0,0.0,0.21892,0.0,1.0
9751.27,SYN.BTC-20FEB20,1582023542695,open,3.5,0.0005,0.0105,0.00038804,60.05,0.0005,0.0,BTC-20FEB20-10625-C,9742.19,0.0,0.0,0.0,0.001,30.0,70.93,0.39895,-3.78392,0.01198,0.00014,0.0243
9756.71,SYN.BTC-21FEB20,1582023542695,open,0.0,231.6,0.0005,0.0105,1.134e-05,71.98,0.0005,0.0,BTC-21FEB20-12000-C,9742.19,0.0,0.0,0.0,0.0005,49.0,105.71,0.02018,-0.11064,0.00051,0.0,0.00067
9756.71,SYN.BTC-21FEB20,1582023542695,open,0.0,114.0,0.0005,0.0105,1.01e-06,72.55,0.0005,0.0,BTC-21FEB20-12500-C,9742.19,0.0,0.0,0.0,0.001,73.3,135.89,0.00239,-0.00989,5e-05,0.0,7e-05
9794.82,SYN.BTC-28FEB20,1582023542699,open,0.44,4.1,0.427,0.449,0.43825483,0.0,0.414,0.0,BTC-28FEB20-5500-C,9742.19,0.0,0.4305,8.0,0.4455,8.0,225.14,0.0,0.0,1.48812,0.0,1.0
9751.27,SYN.BTC-20FEB20,1582023542698,open,0.0,0.0435,0.0895,0.06532764,58.83,None,0.0,BTC-20FEB20-10375-P,9742.19,0.0,0.052,5.0,0.0855,5.0,158.43,0.97591,-15.30413,-0.49694,0.00034,-0.92635
10542.09,SYN.BTC-25SEP20,1582023542696,open,0.94,1.1,0.891,1.026,0.9513429,75.3,1.0,0.0,BTC-25SEP20-20000-P,9742.19,0.0,0.0005,1.0,1.1,0.5,128.75,23.63841,-4.04784,-110.52956,5e-05,-0.78913
10542.09,SYN.BTC-25SEP20,1582023542698,open,0.63,700.1,0.615,0.64,0.62588293,71.23,0.654,0.0,BTC-25SEP20-4000-C,9742.19,0.0,0.6205,6.1,0.6335,6.0,86.03,4.16504,-0.67469,22.41104,1e-05,0.97878
9745.83,SYN.BTC-19FEB20,1582023542695,open,0.0,14.3,0.0005,0.0105,3.951e-05,52.23,0.0005,0.0,BTC-19FEB20-9125-P,9742.19,0.0,0.0,0.0,0.0005,30.3,74.52,0.06731,-0.38501,-0.00115,6e-05,-0.00486
9745.83,SYN.BTC-19FEB20,1582023542696,open,0.0,10.3,0.0005,0.0105,7.6e-07,52.26,0.0005,0.0,BTC-19FEB20-8875-P,9742.19,0.0,0.0,0.0,0.0005,20.1,99.93,0.00227,-0.00739,-3e-05,0.0,-0.00012
9751.27,SYN.BTC-20FEB20,1582023542696,open,0.0,0.0315,0.0765,0.05304743,54.4,None,0.0,BTC-20FEB20-10250-P,9742.19,0.0,0.039,5.0,0.074,5.0,149.28,1.26148,-18.29261,-0.47562,0.00047,-0.89609
9794.82,SYN.BTC-28FEB20,1582023542695,open,0.01,1005.1,0.0005,0.0225,0.00722057,62.95,0.007,0.0,BTC-28FEB20-11000-C,9742.19,60.97,0.0065,60.0,0.008,30.0,65.01,3.63028,-11.57011,0.35866,0.00022,0.14256
9751.27,SYN.BTC-20FEB20,1582023542695,open,1.1,0.0005,0.0105,0.00094854,54.29,0.0015,0.0,BTC-20FEB20-10375-C,9742.19,47.93,0.0005,56.3,0.0015,30.0,60.16,0.80865,-9.24943,0.02849,0.0003,0.0578
9794.82,SYN.BTC-28FEB20,1582023542697,open,0.0,278.7,0.0005,0.0105,1.2e-07,80.09,0.001,0.0,BTC-28FEB20-5500-P,9742.19,0.0,0.0,0.0,0.0005,50.0,146.65,0.00033,-0.00119,-1e-05,0.0,0.0
9745.83,SYN.BTC-19FEB20,1582023542696,open,0.0,46.7,0.0005,0.0105,0.00075131,51.81,0.0015,0.0,BTC-19FEB20-10125-C,9742.19,47.49,0.0005,30.3,0.001,30.0,55.41,0.62643,-7.32213,0.01571,0.00053,0.06795
9794.82,SYN.BTC-28FEB20,1582023542698,open,0.27,7.0,0.252,0.309,0.27815282,80.87,0.254,0.0,BTC-28FEB20-12500-P,9742.19,0.0,0.206,5.0,0.314,5.0,179.06,1.3495,-5.52535,-3.28493,6e-05,-0.96137
10542.09,SYN.BTC-25SEP20,1582023542696,open,0.6,1.9,0.5495,0.6785,0.60751336,72.35,0.6255,0.0,BTC-25SEP20-16000-P,9742.19,0.0,0.0005,1.0,0.65,0.5,87.05,29.33507,-4.82632,-81.63943,6e-05,-0.67804
9756.71,SYN.BTC-21FEB20,1582023542695,open,0.19,0.3,0.1635,0.196,0.17973247,0.0,0.189,0.0,BTC-21FEB20-8000-C,9742.19,0.0,0.1675,6.0,0.1885,6.0,186.78,0.0,0.0,0.63029,0.0,1.0
9756.71,SYN.BTC-21FEB20,1582023542695,open,0.01,379.3,0.0005,0.0205,0.00377777,53.56,0.0035,0.0,BTC-21FEB20-10250-C,9742.19,49.74,0.003,68.9,0.0045,27.0,56.86,2.06685,-19.24792,0.11653,0.00051,0.15537
9745.83,SYN.BTC-19FEB20,1582023542695,open,0.11,0.0,0.084,0.1195,0.10183052,0.0,None,0.0,BTC-19FEB20-8750-C,9742.19,0.0,0.088,5.0,0.111,5.0,222.88,0.0,0.0,0.20993,0.0,1.0
10542.09,SYN.BTC-25SEP20,1582023542696,open,0.39,5.2,0.3585,0.4235,0.38799153,67.52,0.392,0.0,BTC-25SEP20-7000-C,9742.19,47.16,0.3555,5.0,0.4085,5.0,78.52,18.94104,-2.90844,29.44188,4e-05,0.8516
10542.09,SYN.BTC-25SEP20,1582023542700,open,1.66,0.0,1.615,1.764,1.68165211,81.03,None,0.0,BTC-25SEP20-28000-P,9742.19,0.0,0.0005,1.0,0.0,0.0,0.0,15.15434,-2.79232,-163.45945,3e-05,-0.89229
9756.71,SYN.BTC-21FEB20,1582023542696,open,0.0,208.7,0.0005,0.0105,3.5e-06,72.31,0.0005,0.0,BTC-21FEB20-12250-C,9742.19,0.0,0.0,0.0,0.0005,49.0,114.59,0.00721,-0.03417,0.00017,0.0,0.00022
9745.83,SYN.BTC-19FEB20,1582023542695,open,0.0,125.0,0.0005,0.0105,0.00018768,52.16,0.0005,0.0,BTC-19FEB20-9250-P,9742.19,0.0,0.0,0.0,0.001,50.0,71.17,0.22972,-1.82912,-0.00469,0.00019,-0.01986
9745.83,SYN.BTC-19FEB20,1582023542695,open,0.0,13.5,0.0005,0.0105,6.34e-06,52.26,0.001,0.0,BTC-19FEB20-9000-P,9742.19,0.0,0.0,0.0,0.0005,50.7,87.26,0.01452,-0.06176,-0.00021,1e-05,-0.0009
10245.85,BTC-26JUN20,1582023542714,open,0.22,762.3,0.1805,0.256,0.2153219,66.35,0.211,0.0,BTC-26JUN20-9000-C,9742.19,63.77,0.21,22.4,0.216,1.0,66.68,21.15071,-5.44466,17.55365,9e-05,0.70054
9745.83,SYN.BTC-19FEB20,1582023542718,open,0.01,75.8,0.0005,0.027,0.0073637,38.76,0.005,0.0,BTC-19FEB20-9750-C,9742.19,34.34,0.0065,38.8,0.0085,11.0,44.58,1.90424,-36.90605,0.11397,0.00216,0.49479
10245.85,BTC-26JUN20,1582023542715,open,0.22,762.3,0.1805,0.256,0.2153219,66.35,0.211,0.0,BTC-26JUN20-9000-C,9742.19,63.77,0.21,22.4,0.2165,11.0,66.92,21.15071,-5.44466,17.55365,9e-05,0.70054
9794.82,SYN.BTC-28FEB20,1582023542725,open,0.02,990.0,0.008,0.0455,0.02305024,55.91,0.022,0.0,BTC-28FEB20-9500-P,9742.19,50.06,0.0195,26.2,0.022,36.0,54.19,5.98369,-16.93841,-0.99555,0.00041,-0.35261
9745.83,SYN.BTC-19FEB20,1582023542728,open,0.01,62.7,0.0005,0.0285,0.0081812,40.75,0.007,0.0,BTC-19FEB20-9750-P,9742.19,32.15,0.0065,0.8,0.009,19.8,44.94,1.90428,-38.80387,-0.11989,0.00205,-0.50457
10542.09,SYN.BTC-25SEP20,1582023542730,open,0.54,1.0,0.5225,0.5585,0.53821346,67.84,0.581,0.0,BTC-25SEP20-5000-C,9742.19,51.55,0.529,6.1,0.5505,6.0,81.63,7.96001,-1.22795,26.37423,2e-05,0.95352
9794.82,SYN.BTC-28FEB20,1582023542733,open,0.22,18.2,0.202,0.259,0.22811765,75.73,0.171,0.0,BTC-28FEB20-12000-P,9742.19,0.0,0.156,5.0,0.229,5.0,80.01,1.88086,-7.21178,-3.09974,0.0001,-0.94153
10245.85,BTC-26JUN20,1582023542734,open,0.52,0.0,0.5045,0.534,0.51742747,71.35,None,0.0,BTC-26JUN20-5000-C,9742.19,31.95,0.512,7.1,0.5275,7.0,90.5,3.96396,-1.09737,16.42854,1e-05,0.97155
9745.83,SYN.BTC-19FEB20,1582023542736,open,0.0,13.5,0.0005,0.0105,6.34e-06,52.26,0.001,0.0,BTC-19FEB20-9000-P,9742.19,0.0,0.0,0.0,0.0005,50.8,87.26,0.01452,-0.06176,-0.00021,1e-05,-0.0009
10542.09,SYN.BTC-25SEP20,1582023542739,open,0.33,75.4,0.291,0.368,0.32629279,67.55,0.33,0.0,BTC-25SEP20-8000-C,9742.19,64.98,0.3205,10.4,0.327,15.3,67.86,23.92136,-3.67442,29.11679,5e-05,0.78479
10245.85,BTC-26JUN20,1582023542741,open,0.22,762.3,0.1805,0.256,0.2153219,66.35,0.211,0.0,BTC-26JUN20-9000-C,9742.19,63.77,0.21,22.4,0.2165,25.9,66.92,21.15071,-5.44466,17.55365,9e-05,0.70054
10244.72,BTC-26JUN20,1582023542749,open,0.14,655.1,0.1055,0.1895,0.14287016,66.4,0.1425,0.0,BTC-26JUN20-10000-P,9742.19,64.93,0.1395,14.2,0.145,8.3,67.33,23.48725,-6.05085,-19.56415,0.0001,-0.39799
9756.71,SYN.BTC-21FEB20,1582023542896,open,0.03,578.4,0.0145,0.0615,0.03343021,51.13,0.035,0.0,BTC-21FEB20-10000-P,9742.19,39.55,0.03,18.0,0.0335,18.0,51.35,3.01795,-26.82754,-0.56262,0.00079,-0.69848
267.5,SYN.ETH-20FEB20,1582023542907,open,252.0,0.001,0.017,0.002516,106.34,0.001,0.0,ETH-20FEB20-240-P,267.15,87.32,0.001,306.0,0.003,100.0,111.06,0.02631,-0.67292,-0.00102,0.00673,-0.072
10245.85,BTC-26JUN20,1582023542911,open,0.28,229.8,0.244,0.3105,0.27476122,66.34,0.286,0.0,BTC-26JUN20-8000-C,9742.19,63.8,0.2705,22.4,0.276,23.9,67.08,17.28564,-4.44914,18.82936,7e-05,0.79525
9756.71,SYN.BTC-21FEB20,1582023542914,open,0.03,578.4,0.0145,0.0615,0.03343021,51.13,0.035,0.0,BTC-21FEB20-10000-P,9742.19,39.55,0.03,18.0,0.0335,28.0,51.35,3.01795,-26.82754,-0.56262,0.00079,-0.69848
9756.71,SYN.BTC-21FEB20,1582023542918,open,0.03,578.4,0.0145,0.0615,0.03343021,51.13,0.035,0.0,BTC-21FEB20-10000-P,9742.19,39.55,0.03,20.0,0.0335,28.0,51.35,3.01795,-26.82754,-0.56262,0.00079,-0.69848
9756.71,SYN.BTC-21FEB20,1582023542920,open,0.03,578.4,0.0145,0.0615,0.03343021,51.13,0.035,0.0,BTC-21FEB20-10000-P,9742.19,39.55,0.03,20.0,0.0335,18.0,51.35,3.01795,-26.82754,-0.56262,0.00079,-0.69848
10245.85,BTC-26JUN20,1582023542924,open,0.28,229.8,0.244,0.3105,0.27476122,66.34,0.286,0.0,BTC-26JUN20-8000-C,9742.19,63.8,0.2705,14.9,0.276,23.9,67.08,17.28564,-4.44914,18.82936,7e-05,0.79525
267.53,SYN.ETH-20FEB20,1582023543018,open,0.0,0.076,0.135,0.105291,105.15,None,0.0,ETH-20FEB20-240-C,267.15,0.0,0.081,3.0,0.123,3.0,212.33,0.02566,-0.71922,0.01134,0.00663,0.93032
267.73,SYN.ETH-21FEB20,1582023543018,open,0.26,0.0,0.233,0.314,0.270841,129.89,None,0.0,ETH-21FEB20-340-P,267.15,0.0,0.0,0.0,0.0,0.0,0.0,0.01245,-0.28117,-0.02634,0.0017,-0.97805
267.73,SYN.ETH-21FEB20,1582023543018,open,0.19,0.0,0.161,0.239,0.197329,118.19,None,0.0,ETH-21FEB20-320-P,267.15,0.0,0.0,0.0,0.0,0.0,0.0,0.0244,-0.50147,-0.02421,0.00366,-0.95027
267.73,SYN.ETH-21FEB20,1582023543018,open,0.0,1168.0,0.001,0.011,0.000752,126.4,0.001,0.0,ETH-21FEB20-340-C,267.15,0.0,0.0,0.0,0.001,10.0,131.87,0.01104,-0.20128,0.00039,0.00155,0.01905
267.73,SYN.ETH-21FEB20,1582023543020,open,0.16,1.0,0.125,0.203,0.161618,115.15,0.131,0.0,ETH-21FEB20-310-P,267.15,0.0,0.01,1.0,0.0,0.0,0.0,0.03643,-0.72935,-0.02275,0.0056,-0.91668
267.73,SYN.ETH-21FEB20,1582023543020,open,0.3,0.0,0.269,0.352,0.307807,132.37,None,0.0,ETH-21FEB20-350-P,267.15,0.0,0.0,0.0,0.0,0.0,0.0,0.00803,-0.18489,-0.02731,0.00107,-0.98685
267.33,SYN.ETH-19FEB20,1582023543020,open,0.0,0.0,0.001,0.011,1e-06,105.39,None,0.0,ETH-19FEB20-220-P,267.15,0.0,0.0,0.0,0.001,1.0,208.42,4e-05,-0.00024,0.0,2e-05,-7e-05
267.73,SYN.ETH-21FEB20,1582023543020,open,0.0,606.0,0.001,0.012,0.001501,126.27,0.003,0.0,ETH-21FEB20-330-C,267.15,118.08,0.001,45.0,0.002,322.0,132.91,0.01844,-0.40193,0.00071,0.00259,0.03517
267.33,SYN.ETH-19FEB20,1582023543020,open,0.18,0.0,0.152,0.201,0.176943,0.0,None,0.0,ETH-19FEB20-220-C,267.15,0.0,0.0,0.0,0.0,0.0,0.0,0.0,0.0,0.00528,0.0,1.0
267.73,SYN.ETH-21FEB20,1582023543020,open,0.23,0.0,0.197,0.278,0.234235,128.37,None,0.0,ETH-21FEB20-330-P,267.15,0.0,0.0,0.0,0.0,0.0,0.0,0.01951,-0.43538,-0.02524,0.00269,-0.96232
267.73,SYN.ETH-21FEB20,1582023543020,open,0.0,1214.0,0.001,0.011,0.000362,126.46,0.001,0.0,ETH-21FEB20-350-C,267.15,0.0,0.0,0.0,0.001,5.0,145.03,0.00626,-0.097,0.0002,0.00088,0.00987
267.33,SYN.ETH-19FEB20,1582023543022,open,0.0,0.0,0.001,0.011,2.5e-05,105.36,None,0.0,ETH-19FEB20-230-P,267.15,0.0,0.0,0.0,0.001,1.0,167.54,0.00069,-0.0066,-1e-05,0.00038,-0.00164
267.33,SYN.ETH-19FEB20,1582023543024,open,0.0,0.0,0.001,0.011,5e-06,105.38,None,0.0,ETH-19FEB20-225-P,267.15,0.0,0.0,0.0,0.002,310.0,213.8,0.00018,-0.00139,0.0,0.0001,-0.00038
267.33,SYN.ETH-19FEB20,1582023543024,open,0.16,0.0,0.133,0.183,0.158242,0.0,None,0.0,ETH-19FEB20-225-C,267.15,0.0,0.138,2.0,0.167,2.0,307.55,0.0,0.0,0.0054,0.0,1.0
267.33,SYN.ETH-19FEB20,1582023543026,open,0.06,0.0,0.018,0.081,0.050654,102.27,None,0.0,ETH-19FEB20-255-C,267.15,87.75,0.049,60.0,0.055,60.0,134.19,0.03272,-1.67297,0.00502,0.01866,0.83333
267.33,SYN.ETH-19FEB20,1582023543026,open,0.0,0.0,0.001,0.011,9.8e-05,105.35,None,0.0,ETH-19FEB20-235-P,267.15,0.0,0.0,0.0,0.001,3.0,147.33,0.00216,-0.02609,-4e-05,0.0012,-0.00581
267.33,SYN.ETH-19FEB20,1582023543026,open,0.0,3.0,0.001,0.015,0.001382,106.46,0.003,0.0,ETH-19FEB20-290-C,267.15,0.0,0.0,0.0,0.002,3.0,115.76,0.01608,-0.36943,0.00039,0.00881,0.06237
267.33,SYN.ETH-19FEB20,1582023543026,open,0.01,2.0,0.001,0.043,0.013977,92.5,0.019,0.0,ETH-19FEB20-265-P,267.15,92.62,0.014,1.0,0.019,417.0,118.7,0.05104,-2.36045,-0.00275,0.03218,-0.41465
267.33,SYN.ETH-19FEB20,1582023543026,open,0.0,24.0,0.001,0.019,0.002255,105.06,0.004,0.0,ETH-19FEB20-250-P,267.15,86.61,0.001,308.0,0.003,5.0,113.69,0.02163,-0.60282,-0.00061,0.01201,-0.09211
267.33,SYN.ETH-19FEB20,1582023543026,open,0.01,2.0,0.001,0.026,0.004652,103.16,0.003,0.0,ETH-19FEB20-255-P,267.15,88.8,0.003,240.0,0.006,5.0,113.66,0.03297,-1.24369,-0.00111,0.01864,-0.16866
267.33,SYN.ETH-19FEB20,1582023543026,open,0.08,0.0,0.054,0.123,0.086322,108.48,None,0.0,ETH-19FEB20-290-P,267.15,0.0,0.0,0.0,0.0,0.0,0.0,0.01682,-0.91226,-0.00654,0.00904,-0.93391
267.33,SYN.ETH-19FEB20,1582023543026,open,0.01,1.0,0.001,0.032,0.007569,93.72,0.012,0.0,ETH-19FEB20-260-P,267.15,90.15,0.007,240.0,0.012,507.0,120.25,0.04288,-2.00945,-0.00175,0.02669,-0.2649
267.33,SYN.ETH-19FEB20,1582023543032,open,0.0,2.0,0.001,0.011,0.000325,105.33,0.001,0.0,ETH-19FEB20-240-P,267.15,0.0,0.0,0.0,0.002,300.0,146.85,0.00557,-0.08685,-0.00011,0.00308,-0.01718
267.33,SYN.ETH-19FEB20,1582023543032,open,0.0,0.0,0.001,0.013,0.000923,105.29,None,0.0,ETH-19FEB20-245-P,267.15,0.0,0.0,0.0,0.002,300.0,124.47,0.01197,-0.24666,-0.00028,0.00663,-0.04301
267.7,SYN.ETH-21FEB20,1582023543099,open,0.02,1110.0,0.001,0.038,0.012462,112.22,0.009,0.0,ETH-21FEB20-290-C,267.15,106.96,0.011,551.0,0.015,277.0,121.8,0.07136,-1.3925,0.0045,0.01126,0.22556
267.53,SYN.ETH-20FEB20,1582023543215,open,0.0,0.076,0.135,0.105291,105.15,None,0.0,ETH-20FEB20-240-C,267.15,0.0,0.082,3.0,0.123,3.0,212.33,0.02566,-0.71922,0.01134,0.00663,0.93032
267.7,SYN.ETH-21FEB20,1582023543225,open,0.37,0.0,0.346,0.383,0.364956,0.0,None,0.0,ETH-21FEB20-170-C,267.15,0.0,0.351,18.0,0.371,18.0,329.95,0.0,0.0,0.01339,0.0,1.0
9745.83,SYN.BTC-19FEB20,1582023543257,open,0.01,62.7,0.0005,0.0285,0.0081812,40.75,0.007,0.0,BTC-19FEB20-9750-P,9742.19,32.15,0.0065,18.8,0.009,19.8,44.94,1.90428,-38.80387,-0.11989,0.00205,-0.50457
9751.27,SYN.BTC-20FEB20,1582023543271,open,1.0,0.001,0.032,0.01220826,42.46,0.0125,0.0,BTC-20FEB20-9750-C,9742.19,39.99,0.0115,38.0,0.013,3.0,45.23,2.7882,-31.56147,0.24833,0.00134,0.50778
9751.27,SYN.BTC-20FEB20,1582023543282,open,28.0,0.0005,0.0135,0.00199039,47.08,0.0015,0.0,BTC-20FEB20-9375-P,9742.19,43.43,0.0015,133.0,0.0025,30.0,50.51,1.38564,-17.3915,-0.06036,0.0006,-0.11846
274.76,ETH-27MAR20,1582023543282,open,0.14,1102.0,0.093,0.188,0.139247,100.28,0.13,0.0,ETH-27MAR20-280-P,267.15,96.14,0.134,144.0,0.143,124.0,103.18,0.35123,-0.46498,-0.17057,0.00447,-0.45896
9751.27,SYN.BTC-20FEB20,1582023543283,open,10.1,0.0005,0.0245,0.00742169,44.39,0.0075,0.0,BTC-20FEB20-9875-C,9742.19,40.91,0.0065,44.0,0.009,24.0,50.27,2.5942,-30.70021,0.1726,0.0012,0.35187
274.76,ETH-27MAR20,1582023543288,open,0.14,1102.0,0.093,0.188,0.139247,100.28,0.13,0.0,ETH-27MAR20-280-P,267.15,96.92,0.135,206.0,0.143,124.0,103.18,0.35123,-0.46498,-0.17057,0.00447,-0.45896
274.76,ETH-27MAR20,1582023543289,open,0.14,1102.0,0.093,0.188,0.139247,100.28,0.13,0.0,ETH-27MAR20-280-P,267.15,97.71,0.136,400.0,0.143,124.0,103.18,0.35123,-0.46498,-0.17057,0.00447,-0.45896
9948.43,BTC-27MAR20,1582023543304,open,0.0,1421.0,0.0005,0.014,0.00444516,68.8,0.0045,0.0,BTC-27MAR20-7000-P,9742.19,67.3,0.004,55.7,0.005,54.0,70.57,3.03025,-2.75218,-0.50904,4e-05,-0.04486
9794.82,SYN.BTC-28FEB20,1582023543320,open,0.06,437.9,0.0305,0.0775,0.05276291,55.28,0.051,0.0,BTC-28FEB20-9500-C,9742.19,51.55,0.0505,18.0,0.0545,21.0,58.12,5.97621,-16.72541,1.5791,0.00042,0.64862
9751.27,SYN.BTC-20FEB20,1582023543321,open,1.0,0.001,0.032,0.01220826,42.46,0.0125,0.0,BTC-20FEB20-9750-C,9742.19,39.99,0.0115,18.0,0.013,3.0,45.23,2.7882,-31.56147,0.24833,0.00134,0.50778
293.87,SYN.ETH-25SEP20,1582023543321,open,0.07,12.0,0.033,0.127,0.074289,101.37,0.057,0.0,ETH-25SEP20-720-C,267.15,99.08,0.069,200.0,0.079,295.0,103.35,0.68907,-0.15884,0.272,0.00131,0.22794
293.87,SYN.ETH-25SEP20,1582023543321,open,1.38,0.0,1.291,1.51,1.395167,100.44,None,0.0,ETH-25SEP20-680-P,267.15,0.0,0.0,0.0,0.0,0.0,0.0,0.71894,-0.16421,-3.80414,0.00138,-0.75377
293.87,SYN.ETH-25SEP20,1582023543321,open,1.51,0.0,1.418,1.643,1.524668,101.48,None,0.0,ETH-25SEP20-720-P,267.15,0.0,0.0,0.0,0.0,0.0,0.0,0.68998,-0.15923,-4.06482,0.00131,-0.77153
9947.3,BTC-27MAR20,1582023543342,open,0.21,718.1,0.186,0.2315,0.20758536,60.96,0.209,0.0,BTC-27MAR20-8000-C,9742.19,46.2,0.2,1.0,0.223,7.0,82.15,6.16573,-4.96185,7.00686,0.0001,0.8864
9756.71,SYN.BTC-21FEB20,1582023543358,open,0.03,578.4,0.0145,0.0615,0.03343021,51.13,0.035,0.0,BTC-21FEB20-10000-P,9742.19,39.55,0.03,18.0,0.0335,18.0,51.35,3.01795,-26.82754,-0.56262,0.00079,-0.69848
10245.85,BTC-26JUN20,1582023543360,open,0.28,229.8,0.244,0.3105,0.27476122,66.34,0.286,0.0,BTC-26JUN20-8000-C,9742.19,63.8,0.2705,22.4,0.276,23.9,67.08,17.28564,-4.44914,18.82936,7e-05,0.79525
9756.71,SYN.BTC-21FEB20,1582023543363,open,0.03,578.4,0.0145,0.0615,0.03343021,51.13,0.035,0.0,BTC-21FEB20-10000-P,9742.19,39.55,0.03,18.0,0.0335,28.0,51.35,3.01795,-26.82754,-0.56262,0.00079,-0.69848
9947.3,BTC-27MAR20,1582023543364,open,0.21,718.1,0.186,0.2315,0.20758536,60.96,0.209,0.0,BTC-27MAR20-8000-C,9742.19,47.44,0.2005,7.0,0.223,7.0,82.15,6.16573,-4.96185,7.00686,0.0001,0.8864
9794.82,SYN.BTC-28FEB20,1582023543369,open,0.06,437.9,0.0305,0.0775,0.05276291,55.28,0.051,0.0,BTC-28FEB20-9500-C,9742.19,51.55,0.0505,34.4,0.0545,21.0,58.12,5.97621,-16.72541,1.5791,0.00042,0.64862
9948.43,BTC-27MAR20,1582023543370,open,0.05,1160.8,0.0225,0.07,0.04261994,63.17,0.041,0.0,BTC-27MAR20-11000-C,9742.19,61.8,0.041,61.6,0.0435,17.4,63.91,11.83913,-9.87237,3.14745,0.00018,0.34751
9756.71,SYN.BTC-21FEB20,1582023543375,open,0.11,0.6,0.085,0.1225,0.10320719,43.42,0.1425,0.0,BTC-21FEB20-8750-C,9742.19,0.0,0.098,14.0,0.116,5.0,142.15,0.06035,-0.4556,0.68765,2e-05,0.99778
9948.43,BTC-27MAR20,1582023543383,open,0.05,1160.8,0.0225,0.07,0.04261994,63.17,0.041,0.0,BTC-27MAR20-11000-C,9742.19,61.8,0.041,61.6,0.0435,15.0,63.91,11.83913,-9.87237,3.14745,0.00018,0.34751
9751.27,SYN.BTC-20FEB20,1582023543393,open,1.0,0.001,0.032,0.01220826,42.46,0.0125,0.0,BTC-20FEB20-9750-C,9742.19,39.99,0.0115,38.0,0.013,3.0,45.23,2.7882,-31.56147,0.24833,0.00134,0.50778
9756.71,SYN.BTC-21FEB20,1582023543396,open,0.03,578.4,0.0145,0.0615,0.03343021,51.13,0.035,0.0,BTC-21FEB20-10000-P,9742.19,39.55,0.03,18.0,0.0335,18.0,51.35,3.01795,-26.82754,-0.56262,0.00079,-0.69848
267.7,SYN.ETH-21FEB20,1582023543398,open,0.01,1341.0,0.001,0.038,0.012762,107.61,0.011,0.0,ETH-21FEB20-250-P,267.15,96.62,0.01,277.0,0.014,275.0,112.01,0.07081,-1.32489,-0.00496,0.01165,-0.22249
269.1,SYN.ETH-28FEB20,1582023543404,open,0.05,527.0,0.02,0.087,0.050638,102.95,0.049,0.0,ETH-28FEB20-260-P,267.15,96.94,0.047,507.0,0.053,258.0,106.47,0.16942,-0.88308,-0.03185,0.0084,-0.38671
269.1,SYN.ETH-28FEB20,1582023543410,open,0.0,2916.0,0.001,0.013,0.002823,122.08,0.003,0.0,ETH-28FEB20-190-P,267.15,114.57,0.002,600.0,0.004,536.0,130.72,0.03287,-0.20317,-0.00263,0.00137,-0.03335
267.73,SYN.ETH-21FEB20,1582023543413,open,0.01,466.0,0.001,0.019,0.003596,114.12,0.004,0.0,ETH-21FEB20-310-C,267.15,109.46,0.003,619.0,0.005,331.0,123.8,0.03575,-0.70938,0.00164,0.00555,0.08127
267.73,SYN.ETH-21FEB20,1582023543419,open,0.0,606.0,0.001,0.013,0.001501,126.27,0.003,0.0,ETH-21FEB20-330-C,267.15,118.08,0.001,45.0,0.002,321.0,132.91,0.01844,-0.40193,0.00071,0.00259,0.03517
267.73,SYN.ETH-21FEB20,1582023543422,open,0.0,969.0,0.001,0.014,0.001951,116.58,0.002,0.0,ETH-21FEB20-320-C,267.15,103.57,0.001,373.0,0.003,320.0,127.14,0.02344,-0.47513,0.00096,0.00356,0.04729
267.73,SYN.ETH-21FEB20,1582023543426,open,0.07,404.0,0.03,0.107,0.067336,111.46,0.069,0.0,ETH-21FEB20-280-P,267.15,94.82,0.062,198.0,0.068,180.0,113.49,0.08739,-1.69358,-0.01527,0.01388,-0.65671
267.7,SYN.ETH-21FEB20,1582023543428,open,0.01,1429.0,0.001,0.024,0.00567,107.7,0.005,0.0,ETH-21FEB20-240-P,267.15,97.24,0.004,631.0,0.007,582.0,114.84,0.04668,-0.87403,-0.00259,0.00768,-0.11695
269.1,SYN.ETH-28FEB20,1582023543431,open,0.05,527.0,0.02,0.087,0.050638,102.95,0.049,0.0,ETH-28FEB20-260-P,267.15,96.94,0.047,504.0,0.053,258.0,106.47,0.16942,-0.88308,-0.03185,0.0084,-0.38671
10542.09,SYN.BTC-25SEP20,1582023543431,open,0.3,251.5,0.249,0.362,0.3001847,68.65,0.297,0.0,BTC-25SEP20-12000-P,9742.19,67.14,0.2955,6.6,0.304,3.6,69.88,32.63331,-5.09431,-50.22592,7e-05,-0.49071
274.74,ETH-27MAR20,1582023543438,open,0.13,13433.0,0.078,0.162,0.120145,100.22,0.118,0.0,ETH-27MAR20-280-C,267.15,97.78,0.117,686.0,0.125,408.0,104.04,0.35122,-0.46467,0.11996,0.00447,0.54089
269.1,SYN.ETH-28FEB20,1582023543440,open,0.09,267.0,0.053,0.139,0.094716,109.05,0.089,0.0,ETH-28FEB20-280-P,267.15,98.38,0.088,188.0,0.095,212.0,109.16,0.17507,-0.96662,-0.04713,0.00819,-0.55234
269.1,SYN.ETH-28FEB20,1582023543420,open,0.01,1464.0,0.001,0.022,0.006787,112.51,0.009,0.0,ETH-28FEB20-210-P,267.15,108.96,0.006,600.0,0.008,313.0,117.38,0.06329,-0.36049,-0.00603,0.00287,-0.07599
269.1,SYN.ETH-28FEB20,1582023543456,open,0.0,1084.0,0.001,0.011,0.000956,130.05,0.002,0.0,ETH-28FEB20-170-P,267.15,130.81,0.001,150.0,0.003,378.0,156.31,0.01392,-0.09168,-0.00095,0.00055,-0.0121
274.79,ETH-27MAR20,1582023543456,open,0.2,4886.0,0.152,0.234,0.193924,100.41,0.19,0.0,ETH-27MAR20-240-C,267.15,94.93,0.188,458.0,0.199,433.0,105.07,0.29842,-0.39556,0.14976,0.00379,0.71912
285.48,ETH-26JUN20,1582023543456,open,0.48,395.0,0.442,0.505,0.473401,96.17,0.47,0.0,ETH-26JUN20-160-C,267.15,63.33,0.447,24.0,0.49,24.0,111.43,0.29109,-0.10861,0.43305,0.00105,0.90302
269.14,SYN.ETH-28FEB20,1582023543456,open,0.0,930.0,0.001,0.011,3e-06,130.0,0.001,0.0,ETH-28FEB20-120-P,267.15,0.0,0.0,0.0,0.001,650.0,218.19,9e-05,-0.00062,0.0,0.0,-5e-05
274.76,ETH-27MAR20,1582023543429,open,0.01,1457.0,0.001,0.026,0.009536,127.03,0.009,0.0,ETH-27MAR20-560-C,267.15,122.96,0.008,585.0,0.011,315.0,130.59,0.10863,-0.18216,0.01506,0.00109,0.06234
267.7,SYN.ETH-21FEB20,1582023543459,open,0.01,1341.0,0.001,0.038,0.012762,107.61,0.011,0.0,ETH-21FEB20-250-P,267.15,96.62,0.01,277.0,0.014,277.0,112.01,0.07081,-1.32489,-0.00496,0.01165,-0.22249
269.1,SYN.ETH-28FEB20,1582023543463,open,0.07,732.0,0.031,0.102,0.065771,102.47,0.07,0.0,ETH-28FEB20-270-C,267.15,103.04,0.066,190.0,0.072,204.0,112.21,0.17622,-0.91424,0.0335,0.00878,0.52574
10245.85,BTC-26JUN20,1582023543465,open,0.09,759.2,0.0625,0.1345,0.09382751,66.4,0.0905,0.0,BTC-26JUN20-9000-P,9742.19,64.54,0.09,25.6,0.0935,7.4,66.24,21.15179,-5.44896,-14.2288,9e-05,-0.29949
269.1,SYN.ETH-28FEB20,1582023543465,open,0.07,253.0,0.033,0.109,0.069099,102.97,0.075,0.0,ETH-28FEB20-270-P,267.15,97.96,0.066,180.0,0.072,309.0,107.12,0.17622,-0.91865,-0.03956,0.00873,-0.47406
9756.71,SYN.BTC-21FEB20,1582023543467,open,0.07,90.7,0.056,0.105,0.07887544,63.8,0.089,0.0,BTC-21FEB20-10500-P,9742.19,0.0,0.0735,3.0,0.084,5.0,89.11,1.5459,-17.1478,-0.75064,0.00032,-0.89764
274.76,ETH-27MAR20,1582023543468,open,0.04,3371.0,0.011,0.064,0.032775,111.53,0.032,0.0,ETH-27MAR20-400-C,267.15,108.36,0.03,871.0,0.035,487.0,114.03,0.24275,-0.35742,0.04578,0.00278,0.19333
274.76,ETH-27MAR20,1582023543470,open,0.5,653.0,0.477,0.516,0.495342,121.79,0.507,0.0,ETH-27MAR20-140-C,267.15,0.0,0.49,79.0,0.508,22.0,163.77,0.05647,-0.09079,0.13599,0.00059,0.97224
267.7,SYN.ETH-21FEB20,1582023543472,open,0.06,489.0,0.02,0.087,0.053554,106.66,0.05,0.0,ETH-21FEB20-260-C,267.15,99.59,0.051,217.0,0.058,217.0,120.6,0.08899,-1.65023,0.01235,0.01478,0.63891
269.14,SYN.ETH-28FEB20,1582023543472,open,0.48,113.0,0.464,0.495,0.479803,0.0,0.48,0.0,ETH-28FEB20-140-C,267.15,0.0,0.468,21.0,0.485,21.0,235.27,0.0,0.0,0.03788,0.0,1.0
269.14,SYN.ETH-28FEB20,1582023543476,open,0.14,1916.0,0.095,0.167,0.131818,102.6,0.148,0.0,ETH-28FEB20-240-C,267.15,92.52,0.127,225.0,0.141,243.0,120.7,0.13197,-0.68549,0.04701,0.00656,0.7774
269.14,SYN.ETH-28FEB20,1582023543476,open,0.0,1849.0,0.001,0.011,0.000151,130.01,0.001,0.0,ETH-28FEB20-150-P,267.15,0.0,0.0,0.0,0.001,70.0,162.4,0.00312,-0.02057,-0.00017,0.00012,-0.00225
285.48,ETH-26JUN20,1582023543479,open,1.26,0.0,1.195,1.382,1.283015,104.67,None,0.0,ETH-26JUN20-640-P,267.15,0.0,0.01,50.0,0.0,0.0,0.0,0.41578,-0.16884,-2.13815,0.00138,-0.83819
274.76,ETH-27MAR20,1582023543442,open,0.08,9837.0,0.04,0.117,0.076792,104.51,0.078,0.0,ETH-27MAR20-320-C,267.15,101.45,0.073,655.0,0.08,649.0,107.13,0.3391,-0.46784,0.08875,0.00414,0.38804
274.79,ETH-27MAR20,1582023543479,open,0.75,0.0,0.702,0.833,0.763618,120.04,None,0.0,ETH-27MAR20-480-P,267.15,0.0,0.004,50.0,0.0,0.0,0.0,0.16186,-0.25649,-0.47272,0.00172,-0.89419
269.1,SYN.ETH-28FEB20,1582023543444,open,0.04,1969.0,0.009,0.066,0.033956,113.0,0.031,0.0,ETH-28FEB20-300-C,267.15,109.8,0.032,240.0,0.037,532.0,118.37,0.15648,-0.89524,0.02021,0.00707,0.31144
267.7,SYN.ETH-21FEB20,1582023543480,open,0.12,289.0,0.078,0.14,0.109137,105.96,0.109,0.0,ETH-21FEB20-240-C,267.15,0.0,0.084,15.0,0.132,15.0,203.38,0.04568,-0.84169,0.0164,0.00764,0.88653
9756.71,SYN.BTC-21FEB20,1582023543482,open,0.11,0.6,0.085,0.1225,0.10320719,43.42,0.1425,0.0,BTC-21FEB20-8750-C,9742.19,0.0,0.0985,5.0,0.116,5.0,142.15,0.06035,-0.4556,0.68765,2e-05,0.99778
285.48,ETH-26JUN20,1582023543488,open,0.87,0.0,0.805,0.977,0.887221,101.02,None,0.0,ETH-26JUN20-520-P,267.15,0.0,0.01,50.0,0.0,0.0,0.0,0.53012,-0.20777,-1.65803,0.00182,-0.75767
293.87,SYN.ETH-25SEP20,1582023543488,open,1.13,0.0,1.042,1.248,1.140844,98.71,None,0.0,ETH-25SEP20-600-P,267.15,0.0,0.0,0.0,0.0,0.0,0.0,0.78275,-0.17569,-3.2736,0.00152,-0.7084
285.48,ETH-26JUN20,1582023543456,open,0.06,1422.0,0.023,0.098,0.055152,101.95,0.056,0.0,ETH-26JUN20-560-C,267.15,100.69,0.053,614.0,0.057,339.0,103.03,0.48777,-0.19294,0.15526,0.00166,0.20919
285.48,ETH-26JUN20,1582023543492,open,0.74,0.0,0.68,0.847,0.760141,99.92,None,0.0,ETH-26JUN20-480-P,267.15,0.0,0.01,50.0,0.0,0.0,0.0,0.57252,-0.22194,-1.49043,0.00199,-0.71848
9947.3,BTC-27MAR20,1582023543459,open,0.22,191.1,0.198,0.269,0.23082444,66.35,0.2465,0.0,BTC-27MAR20-12000-P,9742.19,60.57,0.2255,3.0,0.233,3.0,68.6,9.49728,-8.31838,-10.43001,0.00014,-0.77962
285.48,ETH-26JUN20,1582023543500,open,1.0,0.0,0.933,1.109,1.01684,102.0,None,0.0,ETH-26JUN20-560-P,267.15,0.0,0.01,50.0,0.0,0.0,0.0,0.48803,-0.19313,-1.8219,0.00166,-0.79063
285.48,ETH-26JUN20,1582023543502,open,0.42,2711.0,0.383,0.457,0.420265,94.78,0.391,0.0,ETH-26JUN20-180-C,267.15,67.5,0.389,23.0,0.44,23.0,109.46,0.36935,-0.13582,0.44773,0.00135,0.86444
285.48,ETH-26JUN20,1582023543502,open,0.29,651.0,0.242,0.341,0.292728,94.61,0.321,0.0,ETH-26JUN20-240-C,267.15,90.22,0.284,576.0,0.294,320.0,95.25,0.56872,-0.20875,0.43303,0.00209,0.72233
274.79,ETH-27MAR20,1582023543502,open,0.64,1148.0,0.625,0.648,0.636625,127.21,0.653,0.0,ETH-27MAR20-100-C,267.15,0.0,0.628,27.0,0.641,27.0,175.81,0.00996,-0.01672,0.10254,0.0001,0.99623
274.79,ETH-27MAR20,1582023543505,open,0.0,2324.0,0.001,0.011,8.8e-05,128.29,0.001,0.0,ETH-27MAR20-80-P,267.15,0.0,0.0,0.0,0.001,699.0,165.93,0.00216,-0.00366,-0.00023,2e-05,-0.00071
293.87,SYN.ETH-25SEP20,1582023543490,open,0.54,0.0,0.461,0.632,0.545451,94.23,None,0.0,ETH-25SEP20-400-P,267.15,0.0,0.0,0.0,0.0,0.0,0.0,0.90849,-0.19467,-1.89019,0.00185,-0.52231
293.87,SYN.ETH-25SEP20,1582023543520,open,0.02,483.0,0.01,0.043,0.02348,93.84,0.02,0.0,ETH-25SEP20-120-P,267.15,90.92,0.021,270.0,0.026,550.0,96.68,0.25548,-0.05452,-0.13978,0.00052,-0.05548
269.14,SYN.ETH-28FEB20,1582023543520,open,0.59,46.0,0.579,0.603,0.591237,0.0,0.428,0.0,ETH-28FEB20-110-C,267.15,0.0,0.582,25.0,0.595,25.0,292.73,0.0,0.0,0.02976,0.0,1.0
269.14,SYN.ETH-28FEB20,1582023543520,open,0.67,20.0,0.656,0.675,0.665557,0.0,0.328,0.0,ETH-28FEB20-90-C,267.15,0.0,0.658,28.0,0.669,28.0,347.57,0.0,0.0,0.02435,0.0,1.0
293.87,SYN.ETH-25SEP20,1582023543522,open,0.62,0.0,0.592,0.64,0.615084,93.79,0.359,0.0,ETH-25SEP20-120-C,267.15,68.65,0.598,28.0,0.629,28.0,108.39,0.25528,-0.05444,0.58327,0.00052,0.94457
293.87,SYN.ETH-25SEP20,1582023543525,open,0.16,157.0,0.117,0.227,0.17036,91.6,0.211,0.0,ETH-25SEP20-240-P,267.15,87.1,0.159,250.0,0.174,512.0,93.04,0.74127,-0.15441,-0.7636,0.00156,-0.261
267.7,SYN.ETH-21FEB20,1582023543528,open,0.09,717.0,0.057,0.137,0.095773,113.57,0.097,0.0,ETH-21FEB20-290-P,267.15,0.0,0.057,5.0,0.191,37.0,396.89,0.07191,-1.41999,-0.01829,0.01121,-0.77138
285.48,ETH-26JUN20,1582023543528,open,0.33,924.0,0.283,0.376,0.33065,94.61,0.305,0.0,ETH-26JUN20-220-C,267.15,86.4,0.316,254.0,0.338,254.0,98.69,0.51292,-0.18827,0.4446,0.00188,0.77173
274.79,ETH-27MAR20,1582023543528,open,0.54,112.0,0.514,0.548,0.530734,127.94,0.548,0.0,ETH-27MAR20-130-C,267.15,0.0,0.517,23.0,0.537,23.0,155.81,0.04571,-0.07719,0.12766,0.00046,0.97842
267.7,SYN.ETH-21FEB20,1582023543531,open,0.12,14.0,0.089,0.169,0.127586,115.31,0.082,0.0,ETH-21FEB20-300-P,267.15,0.0,0.081,1.0,1.123,50.0,500.0,0.05394,-1.08142,-0.02075,0.00829,-0.85586
293.87,SYN.ETH-25SEP20,1582023543533,open,0.24,484.0,0.184,0.314,0.248232,91.6,0.239,0.0,ETH-25SEP20-280-P,267.15,87.65,0.237,250.0,0.253,474.0,93.29,0.83188,-0.17329,-1.03419,0.00175,-0.33598
269.14,SYN.ETH-28FEB20,1582023543533,open,0.01,1329.0,0.001,0.029,0.010201,107.83,0.012,0.0,ETH-28FEB20-220-P,267.15,103.85,0.009,600.0,0.012,300.0,113.45,0.08336,-0.45508,-0.00877,0.00394,-0.11021
285.48,ETH-26JUN20,1582023543536,open,0.05,1941.0,0.018,0.088,0.04715,103.16,0.046,0.0,ETH-26JUN20-600-C,267.15,101.78,0.045,607.0,0.049,339.0,104.32,0.44924,-0.1798,0.1366,0.00151,0.18267
285.48,ETH-26JUN20,1582023543536,open,0.51,0.0,0.445,0.601,0.520902,98.96,None,0.0,ETH-26JUN20-400-P,267.15,0.0,0.01,50.0,0.0,0.0,0.0,0.65081,-0.24987,-1.14003,0.00229,-0.6101
293.87,SYN.ETH-25SEP20,1582023543536,open,0.1,364.0,0.064,0.151,0.105203,91.6,0.103,0.0,ETH-25SEP20-200-P,267.15,88.11,0.098,240.0,0.108,520.0,92.95,0.60868,-0.12678,-0.51361,0.00128,-0.18493
10244.72,BTC-26JUN20,1582023543537,open,0.07,830.1,0.0375,0.1075,0.06636738,71.68,0.0705,0.0,BTC-26JUN20-14000-C,9742.19,70.54,0.064,49.2,0.0685,26.8,72.71,21.21248,-5.89952,8.50418,8e-05,0.30147
293.87,SYN.ETH-25SEP20,1582023543537,open,0.1,195.0,0.05,0.156,0.098861,98.62,0.102,0.0,ETH-25SEP20-600-C,267.15,96.02,0.092,490.0,0.105,290.0,100.91,0.78226,-0.17543,0.34051,0.00152,0.29121
293.87,SYN.ETH-25SEP20,1582023543537,open,0.39,498.0,0.336,0.436,0.387323,91.56,0.383,0.0,ETH-25SEP20-220-C,267.15,87.96,0.379,380.0,0.392,260.0,93.58,0.68028,-0.14165,0.69013,0.00143,0.77718
269.14,SYN.ETH-28FEB20,1582023543537,open,0.0,1867.0,0.001,0.011,0.000405,130.01,0.001,0.0,ETH-28FEB20-160-P,267.15,0.0,0.0,0.0,0.002,662.0,162.4,0.00704,-0.04631,-0.00043,0.00028,-0.00556
293.87,SYN.ETH-25SEP20,1582023543537,open,0.04,403.0,0.017,0.063,0.0367,92.07,0.031,0.0,ETH-25SEP20-140-P,267.15,89.73,0.034,250.0,0.04,550.0,94.85,0.34393,-0.07201,-0.20928,0.00072,-0.08152
10244.72,BTC-26JUN20,1582023543539,open,0.0,436.2,0.0005,0.012,0.0024545,79.2,0.0035,0.0,BTC-26JUN20-4000-P,9742.19,76.73,0.002,44.7,0.003,44.8,81.82,2.00451,-0.61596,-0.55015,1e-05,-0.01275
274.79,ETH-27MAR20,1582023543540,open,0.0,690.0,0.001,0.011,0.001201,128.28,0.001,0.0,ETH-27MAR20-110-P,267.15,0.0,0.0,0.0,0.002,318.0,138.06,0.01879,-0.03182,-0.00254,0.00019,-0.00771
293.87,SYN.ETH-25SEP20,1582023543540,open,1.0,0.0,0.919,1.119,1.015278,97.5,None,0.0,ETH-25SEP20-560-P,267.15,0.0,0.0,0.0,0.0,0.0,0.0,0.81334,-0.18033,-3.00484,0.0016,-0.68214
285.48,ETH-26JUN20,1582023543542,open,0.01,994.0,0.003,0.028,0.012858,101.63,0.013,0.0,ETH-26JUN20-120-P,267.15,97.96,0.011,500.0,0.015,200.0,105.57,0.1497,-0.05903,-0.05448,0.00051,-0.04119
274.79,ETH-27MAR20,1582023543542,open,0.89,0.0,0.841,0.977,0.904599,123.09,None,0.0,ETH-27MAR20-520-P,267.15,0.0,0.006,50.0,0.0,0.0,0.0,0.13063,-0.21227,-0.5205,0.00135,-0.92077
285.48,ETH-26JUN20,1582023543542,open,0.14,1766.0,0.094,0.201,0.146754,97.45,0.139,0.0,ETH-26JUN20-360-C,267.15,94.15,0.139,595.0,0.154,275.0,100.52,0.67259,-0.25429,0.31152,0.0024,0.4558
293.87,SYN.ETH-25SEP20,1582023543542,open,0.51,168.0,0.475,0.546,0.510531,91.58,0.546,0.0,ETH-25SEP20-160-C,267.15,72.99,0.485,26.0,0.532,26.0,105.47,0.43722,-0.09105,0.66644,0.00092,0.887
9948.43,BTC-27MAR20,1582023543543,open,0.41,68.6,0.384,0.458,0.41773373,75.61,0.435,0.0,BTC-27MAR20-14000-P,9742.19,0.0,0.365,5.0,0.456,5.0,121.81,5.62875,-5.61815,-13.60234,7e-05,-0.89989
9948.43,BTC-27MAR20,1582023543545,open,0.0,1421.0,0.0005,0.014,0.00444516,68.8,0.0045,0.0,BTC-27MAR20-7000-P,9742.19,67.3,0.004,55.5,0.005,54.0,70.57,3.03025,-2.75218,-0.50904,4e-05,-0.04486
274.79,ETH-27MAR20,1582023543545,open,1.03,0.0,0.981,1.121,1.047678,127.58,None,0.0,ETH-27MAR20-560-P,267.15,0.0,0.02,50.0,0.0,0.0,0.0,0.1101,-0.18543,-0.56581,0.0011,-0.93659
285.48,ETH-26JUN20,1582023543545,open,0.39,1.0,0.336,0.483,0.40792,97.51,1.827,0.0,ETH-26JUN20-360-P,267.15,0.0,0.015,2.0,1.3,1.0,500.0,0.67262,-0.25445,-0.95956,0.0024,-0.54404
285.48,ETH-26JUN20,1582023543545,open,0.0,1844.0,0.001,0.011,0.000695,107.92,0.001,0.0,ETH-26JUN20-60-P,267.15,0.0,0.0,0.0,0.001,1.0,112.91,0.0153,-0.0064,-0.00368,5e-05,-0.00295
267.73,SYN.ETH-21FEB20,1582023543545,open,0.01,466.0,0.001,0.019,0.003596,114.12,0.004,0.0,ETH-21FEB20-310-C,267.15,109.46,0.003,619.0,0.005,329.0,123.8,0.03575,-0.70938,0.00164,0.00555,0.08127
293.87,SYN.ETH-25SEP20,1582023543545,open,0.33,244.0,0.266,0.412,0.338315,92.18,0.354,0.0,ETH-25SEP20-320-P,267.15,88.43,0.327,250.0,0.344,410.0,94.07,0.88437,-0.18537,-1.31708,0.00184,-0.4057
293.87,SYN.ETH-25SEP20,1582023543545,open,0.76,0.0,0.683,0.871,0.774609,96.27,None,0.0,ETH-25SEP20-480-P,267.15,0.0,0.0,0.0,0.0,0.0,0.0,0.87419,-0.19138,-2.45361,0.00175,-0.61143
293.87,SYN.ETH-25SEP20,1582023543545,open,0.65,0.0,0.569,0.749,0.657545,95.14,None,0.0,ETH-25SEP20-440-P,267.15,0.0,0.0,0.0,0.0,0.0,0.0,0.8957,-0.19378,-2.1738,0.00181,-0.57042
9948.43,BTC-27MAR20,1582023543547,open,0.01,1037.7,0.0005,0.0185,0.00692517,63.88,0.0076,0.0,BTC-27MAR20-7500-P,9742.19,62.88,0.0065,80.5,0.0075,41.0,65.18,4.30248,-3.62802,-0.79404,7e-05,-0.06999
285.48,ETH-26JUN20,1582023543547,open,0.08,1010.0,0.038,0.127,0.078703,99.89,0.074,0.0,ETH-26JUN20-480-C,267.15,98.03,0.075,608.0,0.082,320.0,101.52,0.57241,-0.22183,0.20431,0.00199,0.2814
274.79,ETH-27MAR20,1582023543547,open,0.0,1855.0,0.001,0.011,0.000579,128.28,0.002,0.0,ETH-27MAR20-100-P,267.15,0.0,0.0,0.0,0.002,359.0,151.35,0.01047,-0.01773,-0.0013,0.0001,-0.00399
9751.27,SYN.BTC-20FEB20,1582023543547,open,1.0,0.001,0.032,0.01220826,42.46,0.0125,0.0,BTC-20FEB20-9750-C,9742.19,39.99,0.0115,18.0,0.013,3.0,45.23,2.7882,-31.56147,0.24833,0.00134,0.50778
293.87,SYN.ETH-25SEP20,1582023543547,open,0.08,1065.0,0.044,0.117,0.078109,91.6,0.079,0.0,ETH-25SEP20-180-P,267.15,88.73,0.073,240.0,0.081,528.0,93.2,0.52711,-0.10979,-0.40031,0.00111,-0.14803
274.79,ETH-27MAR20,1582023543549,open,0.0,1277.0,0.001,0.011,0.000245,128.29,0.001,0.0,ETH-27MAR20-90-P,267.15,0.0,0.0,0.0,0.001,100.0,150.79,0.00515,-0.00873,-0.00059,5e-05,-0.00182
293.87,SYN.ETH-25SEP20,1582023543549,open,1.25,0.0,1.167,1.381,1.269431,100.42,None,0.0,ETH-25SEP20-640-P,267.15,0.0,0.0,0.0,0.0,0.0,0.0,0.7559,-0.17261,-3.53724,0.00145,-0.72874
293.87,SYN.ETH-25SEP20,1582023543551,open,0.43,0.0,0.361,0.521,0.439881,93.67,None,0.0,ETH-25SEP20-360-P,267.15,0.0,0.0,0.0,0.0,0.0,0.0,0.90669,-0.19313,-1.60434,0.00186,-0.4664
293.87,SYN.ETH-25SEP20,1582023543551,open,0.47,176.0,0.424,0.506,0.465514,91.56,0.397,0.0,ETH-25SEP20-180-C,267.15,84.47,0.453,120.0,0.475,120.0,96.8,0.52703,-0.10973,0.68419,0.00111,0.85201
274.79,ETH-27MAR20,1582023543553,open,0.25,2595.0,0.204,0.279,0.242316,101.53,0.196,0.0,ETH-27MAR20-220-C,267.15,94.4,0.236,441.0,0.247,416.0,106.68,0.24743,-0.33163,0.15917,0.00311,0.80052
285.48,ETH-26JUN20,1582023543553,open,0.72,0.0,0.712,0.734,0.722626,107.71,None,0.0,ETH-26JUN20-80-C,267.15,0.0,0.715,31.0,0.728,31.0,130.61,0.0472,-0.01972,0.269,0.00015,0.98949
274.79,ETH-27MAR20,1582023543553,open,0.68,0.0,0.663,0.682,0.672663,124.78,None,0.0,ETH-27MAR20-90-C,267.15,0.0,0.665,28.0,0.676,28.0,181.75,0.00419,-0.00691,0.09293,4e-05,0.99855
274.79,ETH-27MAR20,1582023543553,open,0.0,275.0,0.001,0.011,2.5e-05,128.29,0.003,0.0,ETH-27MAR20-70-P,267.15,0.0,0.0,0.0,0.001,2.0,183.19,0.00073,-0.00124,-7e-05,1e-05,-0.00022
274.79,ETH-27MAR20,1582023543553,open,0.01,6972.0,0.001,0.015,0.005066,129.99,0.005,0.0,ETH-27MAR20-640-C,267.15,125.4,0.004,888.0,0.006,650.0,133.53,0.06867,-0.11783,0.00858,0.00067,0.03517
293.87,SYN.ETH-25SEP20,1582023543553,open,0.05,233.0,0.029,0.088,0.05506,91.62,0.058,0.0,ETH-25SEP20-160-P,267.15,89.55,0.052,250.0,0.058,295.0,93.58,0.43734,-0.09112,-0.29759,0.00092,-0.11305
269.14,SYN.ETH-28FEB20,1582023543553,open,0.45,672.0,0.426,0.459,0.442746,121.3,0.439,0.0,ETH-28FEB20-150-C,267.15,0.0,0.43,20.0,0.449,20.0,222.61,0.00179,-0.01102,0.04049,8e-05,0.99878
293.87,SYN.ETH-25SEP20,1582023543553,open,0.16,242.0,0.101,0.222,0.16009,95.08,0.156,0.0,ETH-25SEP20-440-C,267.15,93.41,0.155,215.0,0.164,279.0,96.36,0.89561,-0.19365,0.47668,0.00181,0.42937
293.87,SYN.ETH-25SEP20,1582023543553,open,0.01,618.0,0.001,0.017,0.007357,99.84,0.004,0.0,ETH-25SEP20-80-P,267.15,95.93,0.006,250.0,0.009,550.0,104.09,0.10758,-0.02442,-0.04735,0.00021,-0.01939
269.14,SYN.ETH-28FEB20,1582023543553,open,0.0,838.0,0.001,0.011,0.0,130.0,0.001,0.0,ETH-28FEB20-110-P,267.15,0.0,0.0,0.0,0.001,614.0,239.91,2e-05,-0.00011,0.0,0.0,-1e-05
293.87,SYN.ETH-25SEP20,1582023543553,open,0.22,444.0,0.152,0.277,0.214691,93.63,0.211,0.0,ETH-25SEP20-360-C,267.15,91.78,0.209,215.0,0.219,272.0,95.02,0.90671,-0.19304,0.56432,0.00186,0.53347
293.87,SYN.ETH-25SEP20,1582023543553,open,0.29,908.0,0.235,0.352,0.295307,91.57,0.272,0.0,ETH-25SEP20-280-C,267.15,88.99,0.288,484.0,0.301,264.0,93.58,0.83192,-0.17322,0.65264,0.00175,0.66398
274.79,ETH-27MAR20,1582023543555,open,1.17,0.0,1.121,1.266,1.191086,130.71,None,0.0,ETH-27MAR20-600-P,267.15,0.0,0.03,50.0,0.0,0.0,0.0,0.0914,-0.15771,-0.6105,0.00089,-0.94993
293.87,SYN.ETH-25SEP20,1582023543555,open,0.25,413.0,0.187,0.309,0.249257,92.14,0.249,0.0,ETH-25SEP20-320-C,267.15,89.73,0.242,488.0,0.255,268.0,94.05,0.88442,-0.1853,0.61067,0.00185,0.59422
269.14,SYN.ETH-28FEB20,1582023543555,open,0.0,1339.0,0.001,0.011,0.0,130.0,0.002,0.0,ETH-28FEB20-80-P,267.15,0.0,0.0,0.0,0.001,690.0,319.71,0.0,0.0,0.0,0.0,0.0
269.14,SYN.ETH-28FEB20,1582023543555,open,0.63,21.0,0.618,0.639,0.628397,0.0,0.267,0.0,ETH-28FEB20-100-C,267.15,0.0,0.62,26.0,0.632,26.0,318.83,0.0,0.0,0.02706,0.0,1.0
269.14,SYN.ETH-28FEB20,1582023543555,open,0.0,830.0,0.001,0.011,0.0,130.0,0.001,0.0,ETH-28FEB20-90-P,267.15,0.0,0.0,0.0,0.001,650.0,290.1,0.0,0.0,0.0,0.0,0.0
9794.82,SYN.BTC-28FEB20,1582023543556,open,0.12,17.5,0.1045,0.1605,0.13071116,64.15,0.1095,0.0,BTC-28FEB20-11000-P,9742.19,39.07,0.124,3.0,0.1335,3.0,71.07,3.71524,-12.0657,-2.60555,0.00022,-0.85246
274.79,ETH-27MAR20,1582023543557,open,0.0,1405.0,0.001,0.012,0.002248,128.26,0.001,0.0,ETH-27MAR20-120-P,267.15,114.06,0.001,610.0,0.004,325.0,141.3,0.03059,-0.0518,-0.00449,0.0003,-0.01349
285.48,ETH-26JUN20,1582023543557,open,0.0,2429.0,0.001,0.012,0.002885,107.88,0.003,0.0,ETH-26JUN20-80-P,267.15,101.95,0.002,300.0,0.004,504.0,113.93,0.0475,-0.01988,-0.01358,0.00015,-0.01058
274.79,ETH-27MAR20,1582023543557,open,0.0,675.0,0.001,0.013,0.003874,128.25,0.003,0.0,ETH-27MAR20-130-P,267.15,122.63,0.003,240.0,0.005,372.0,134.47,0.04607,-0.07799,-0.00732,0.00046,-0.02178
293.87,SYN.ETH-25SEP20,1582023543557,open,0.8,2.0,0.789,0.808,0.798248,99.7,0.811,0.0,ETH-25SEP20-60-C,267.15,0.0,0.795,36.0,0.805,35.0,126.91,0.04635,-0.01051,0.34416,9e-05,0.99266
293.87,SYN.ETH-25SEP20,1582023543557,open,0.01,416.0,0.004,0.028,0.01382,96.25,0.009,0.0,ETH-25SEP20-100-P,267.15,93.09,0.012,250.0,0.016,550.0,99.79,0.17477,-0.03825,-0.0858,0.00035,-0.03465
9794.82,SYN.BTC-28FEB20,1582023543558,open,0.27,7.0,0.2515,0.309,0.27815282,80.87,0.254,0.0,BTC-28FEB20-12500-P,9742.19,0.0,0.2055,5.0,0.314,5.0,179.06,1.3495,-5.52535,-3.28493,6e-05,-0.96137
293.87,SYN.ETH-25SEP20,1582023543559,open,0.88,0.0,0.8,0.995,0.894168,97.1,None,0.0,ETH-25SEP20-520-P,267.15,0.0,0.0,0.0,0.0,0.0,0.0,0.8464,-0.1869,-2.73032,0.00168,-0.64818
285.48,ETH-26JUN20,1582023543561,open,0.01,842.0,0.001,0.017,0.006925,105.34,0.006,0.0,ETH-26JUN20-100-P,267.15,102.41,0.006,310.0,0.008,404.0,108.49,0.09364,-0.03827,-0.03052,0.00031,-0.02336
274.79,ETH-27MAR20,1582023543561,open,1.31,0.0,1.262,1.412,1.334372,130.99,None,0.0,ETH-27MAR20-640-P,267.15,0.0,0.01,50.0,0.0,0.0,0.0,0.07081,-0.12244,-0.65523,0.00069,-0.96349
293.87,SYN.ETH-25SEP20,1582023543561,open,0.19,451.0,0.123,0.246,0.184129,94.18,0.171,0.0,ETH-25SEP20-400-C,267.15,92.19,0.178,212.0,0.189,276.0,95.75,0.90847,-0.19456,0.51939,0.00185,0.47753
293.87,SYN.ETH-25SEP20,1582023543561,open,0.35,171.0,0.298,0.406,0.353567,91.56,0.357,0.0,ETH-25SEP20-240-C,267.15,88.57,0.346,220.0,0.358,261.0,93.32,0.74129,-0.15435,0.6823,0.00156,0.739
269.14,SYN.ETH-28FEB20,1582023543561,open,0.56,101.0,0.541,0.567,0.554079,0.0,0.397,0.0,ETH-28FEB20-120-C,267.15,0.0,0.544,23.0,0.558,23.0,268.76,0.0,0.0,0.03247,0.0,1.0
269.14,SYN.ETH-28FEB20,1582023543561,open,0.52,38.0,0.503,0.531,0.516928,0.0,0.537,0.0,ETH-28FEB20-130-C,267.15,0.0,0.506,22.0,0.522,22.0,257.03,0.0,0.0,0.03517,0.0,1.0
269.14,SYN.ETH-28FEB20,1582023543561,open,0.0,1678.0,0.001,0.011,4.8e-05,130.01,0.001,0.0,ETH-28FEB20-140-P,267.15,0.0,0.0,0.0,0.001,546.0,179.69,0.00119,-0.00781,-6e-05,5e-05,-0.00078
285.48,ETH-26JUN20,1582023543563,open,1.13,0.0,1.064,1.244,1.149085,103.29,None,0.0,ETH-26JUN20-600-P,267.15,0.0,0.01,50.0,0.0,0.0,0.0,0.45005,-0.18035,-1.98159,0.00151,-0.81681
293.87,SYN.ETH-25SEP20,1582023543563,open,0.74,1.0,0.723,0.75,0.735092,99.76,0.684,0.0,ETH-25SEP20-80-C,267.15,0.0,0.727,33.0,0.743,32.0,117.42,0.10734,-0.02435,0.43471,0.00021,0.98066
9948.43,BTC-27MAR20,1582023543565,open,0.41,68.6,0.384,0.458,0.41773373,75.61,0.435,0.0,BTC-27MAR20-14000-P,9742.19,0.0,0.365,5.0,0.4555,5.0,121.32,5.62875,-5.61815,-13.60234,7e-05,-0.89989
285.48,ETH-26JUN20,1582023543566,open,0.07,455.0,0.029,0.112,0.065651,100.98,0.063,0.0,ETH-26JUN20-520-C,267.15,98.99,0.062,612.0,0.069,320.0,102.77,0.52993,-0.20761,0.17792,0.00182,0.24216
285.48,ETH-26JUN20,1582023543566,open,0.62,0.0,0.559,0.72,0.637124,99.01,None,0.0,ETH-26JUN20-440-P,267.15,0.0,0.01,50.0,0.0,0.0,0.0,0.61401,-0.23587,-1.318,0.00216,-0.67043
285.48,ETH-26JUN20,1582023543566,open,0.03,1191.0,0.015,0.06,0.033919,96.22,0.038,0.0,ETH-26JUN20-160-P,267.15,94.32,0.032,200.0,0.036,507.0,98.24,0.29126,-0.10873,-0.13202,0.00105,-0.09705
269.14,SYN.ETH-28FEB20,1582023543566,open,0.71,1.0,0.693,0.712,0.702717,0.0,0.522,0.0,ETH-28FEB20-80-C,267.15,0.0,0.695,29.0,0.706,29.0,379.66,0.0,0.0,0.02165,0.0,1.0
9756.71,SYN.BTC-21FEB20,1582023543567,open,0.1,10.6,0.0805,0.1305,0.10370947,72.12,0.1135,0.0,BTC-21FEB20-10750-P,9742.19,0.0,0.0975,3.0,0.109,7.0,103.39,1.15126,-14.43596,-0.7953,0.00021,-0.9309
293.87,SYN.ETH-25SEP20,1582023543566,open,0.43,270.0,0.377,0.47,0.424542,91.56,0.42,0.0,ETH-25SEP20-200-C,267.15,82.02,0.405,145.0,0.437,120.0,97.55,0.60863,-0.12672,0.69136,0.00128,0.81509
285.48,ETH-26JUN20,1582023543568,open,0.6,308.0,0.572,0.614,0.592473,101.56,0.63,0.0,ETH-26JUN20-120-C,267.15,0.0,0.579,27.0,0.604,26.0,120.4,0.14947,-0.05889,0.36934,0.00051,0.95889
269.14,SYN.ETH-28FEB20,1582023543568,open,0.0,900.0,0.001,0.011,1.3e-05,130.01,0.001,0.0,ETH-28FEB20-130-P,267.15,0.0,0.0,0.0,0.001,650.0,198.22,0.00037,-0.00246,-2e-05,1e-05,-0.00022
269.14,SYN.ETH-28FEB20,1582023543568,open,0.0,404.0,0.001,0.011,0.0,130.0,0.001,0.0,ETH-28FEB20-100-P,267.15,0.0,0.0,0.0,0.001,312.0,263.72,0.0,-1e-05,0.0,0.0,0.0
293.87,SYN.ETH-25SEP20,1582023543568,open,0.68,0.0,0.656,0.693,0.673489,96.18,None,0.0,ETH-25SEP20-100-C,267.15,62.67,0.661,29.0,0.684,29.0,111.64,0.17455,-0.03818,0.51677,0.00035,0.96541
274.79,ETH-27MAR20,1582023543570,open,0.75,0.0,0.736,0.755,0.745239,0.0,None,0.0,ETH-27MAR20-70-C,267.15,0.0,0.738,31.0,0.749,31.0,222.63,0.0,0.0,0.07264,0.0,1.0
267.73,SYN.ETH-21FEB20,1582023543571,open,0.0,969.0,0.001,0.014,0.001951,116.58,0.002,0.0,ETH-21FEB20-320-C,267.15,103.57,0.001,373.0,0.003,319.0,127.14,0.02344,-0.47513,0.00096,0.00356,0.04729
267.73,SYN.ETH-21FEB20,1582023543573,open,0.07,404.0,0.03,0.107,0.067336,111.46,0.069,0.0,ETH-21FEB20-280-P,267.15,94.82,0.062,198.0,0.068,217.0,113.49,0.08739,-1.69358,-0.01527,0.01388,-0.65671
267.7,SYN.ETH-21FEB20,1582023543575,open,0.01,1429.0,0.001,0.024,0.00567,107.7,0.005,0.0,ETH-21FEB20-240-P,267.15,97.24,0.004,631.0,0.007,584.0,114.84,0.04668,-0.87403,-0.00259,0.00768,-0.11695
269.1,SYN.ETH-28FEB20,1582023543580,open,0.05,527.0,0.02,0.087,0.050638,102.95,0.049,0.0,ETH-28FEB20-260-P,267.15,96.94,0.047,504.0,0.053,261.0,106.47,0.16942,-0.88308,-0.03185,0.0084,-0.38671
9947.3,BTC-27MAR20,1582023543588,open,0.22,191.1,0.198,0.269,0.23082444,66.35,0.2465,0.0,BTC-27MAR20-12000-P,9742.19,61.13,0.226,4.0,0.233,3.0,68.6,9.49728,-8.31838,-10.43001,0.00014,-0.77962
269.1,SYN.ETH-28FEB20,1582023543593,open,0.09,267.0,0.053,0.139,0.094716,109.05,0.089,0.0,ETH-28FEB20-280-P,267.15,98.38,0.088,188.0,0.095,217.0,109.16,0.17507,-0.96662,-0.04713,0.00819,-0.55234
274.79,ETH-27MAR20,1582023543595,open,0.08,9837.0,0.04,0.117,0.076792,104.51,0.078,0.0,ETH-27MAR20-320-C,267.15,101.43,0.073,655.0,0.08,647.0,107.1,0.33917,-0.46791,0.08879,0.00414,0.38816
269.1,SYN.ETH-28FEB20,1582023543597,open,0.07,732.0,0.031,0.102,0.065771,102.47,0.07,0.0,ETH-28FEB20-270-C,267.15,103.04,0.066,190.0,0.072,199.0,112.21,0.17622,-0.91424,0.0335,0.00878,0.52574
269.1,SYN.ETH-28FEB20,1582023543600,open,0.09,267.0,0.053,0.139,0.094716,109.05,0.089,0.0,ETH-28FEB20-280-P,267.15,98.38,0.088,180.0,0.095,217.0,109.16,0.17507,-0.96662,-0.04713,0.00819,-0.55234
269.14,SYN.ETH-28FEB20,1582023543602,open,0.11,2098.0,0.069,0.143,0.106496,102.59,0.09,0.0,ETH-28FEB20-250-C,267.15,101.73,0.106,207.0,0.113,200.0,113.85,0.15415,-0.80071,0.04315,0.00767,0.69902
9948.43,BTC-27MAR20,1582023543611,open,0.03,950.2,0.018,0.0605,0.03554033,60.28,0.036,0.0,BTC-27MAR20-9000-P,9742.19,58.35,0.0335,38.6,0.0355,37.9,60.24,10.59451,-8.43021,-3.15331,0.00017,-0.26991
9947.3,BTC-27MAR20,1582023543613,open,0.22,191.1,0.198,0.269,0.23082444,66.35,0.2465,0.0,BTC-27MAR20-12000-P,9742.19,60.57,0.2255,3.0,0.233,3.0,68.6,9.49728,-8.31838,-10.43001,0.00014,-0.77962
9794.82,SYN.BTC-28FEB20,1582023543616,open,0.27,7.0,0.2515,0.309,0.27815282,80.87,0.254,0.0,BTC-28FEB20-12500-P,9742.19,0.0,0.2055,5.0,0.3135,5.0,178.1,1.3495,-5.52535,-3.28493,6e-05,-0.96137
269.14,SYN.ETH-28FEB20,1582023543626,open,0.11,2098.0,0.069,0.143,0.106496,102.59,0.09,0.0,ETH-28FEB20-250-C,267.15,101.73,0.106,207.0,0.113,218.0,113.85,0.15415,-0.80071,0.04315,0.00767,0.69902
9756.71,SYN.BTC-21FEB20,1582023543634,open,0.02,153.7,0.005,0.044,0.01633258,45.16,0.0175,0.0,BTC-21FEB20-9750-C,9742.19,44.22,0.016,74.4,0.019,37.8,52.7,3.45253,-27.11138,0.3832,0.00102,0.51484
9745.83,SYN.BTC-19FEB20,1582023543651,open,0.02,45.2,0.001,0.036,0.0155224,40.2,0.0185,0.0,BTC-19FEB20-9625-C,9742.19,36.86,0.015,6.8,0.0175,2.4,52.09,1.54838,-31.1254,0.1694,0.00169,0.74
9745.83,SYN.BTC-19FEB20,1582023543653,open,0.01,62.7,0.0005,0.0285,0.0081812,40.75,0.007,0.0,BTC-19FEB20-9750-P,9742.19,32.15,0.0065,18.0,0.009,19.8,44.94,1.90428,-38.80387,-0.11989,0.00205,-0.50457
9745.83,SYN.BTC-19FEB20,1582023543655,open,0.02,6.9,0.0075,0.0505,0.02797144,50.16,0.03,0.0,BTC-19FEB20-10000-P,9742.19,0.0,0.0255,0.8,0.028,6.0,50.41,1.114,-27.93999,-0.20524,0.00097,-0.8498
293.87,SYN.ETH-25SEP20,1582023543690,open,0.0,814.0,0.001,0.012,0.002446,99.84,0.003,0.0,ETH-25SEP20-60-P,267.15,88.03,0.001,219.0,0.004,300.0,108.19,0.04662,-0.01059,-0.01741,9e-05,-0.00739
9794.82,SYN.BTC-28FEB20,1582023543689,open,0.01,1286.6,0.0005,0.024,0.0084962,55.84,0.008,0.0,BTC-28FEB20-9000-P,9742.19,53.37,0.0075,2.0,0.009,29.1,57.06,4.02597,-11.38218,-0.4643,0.00028,-0.1667
293.87,SYN.ETH-25SEP20,1582023543697,open,0.0,814.0,0.001,0.012,0.002446,99.84,0.003,0.0,ETH-25SEP20-60-P,267.15,88.03,0.001,469.0,0.004,300.0,108.19,0.04662,-0.01059,-0.01741,9e-05,-0.00739
10246.73,BTC-26JUN20,1582023543703,open,0.03,298.7,0.0135,0.053,0.02865517,66.42,0.028,0.0,BTC-26JUN20-7000-P,9742.86,65.03,0.027,40.0,0.0285,8.5,66.29,12.35367,-3.18321,-5.46664,5e-05,-0.12244
9948.53,BTC-27MAR20,1582023543703,open,0.01,2068.9,0.0005,0.0185,0.00552396,84.27,0.005,0.0,BTC-27MAR20-16000-C,9742.86,82.73,0.005,58.0,0.006,26.3,85.6,3.47194,-3.86239,0.4921,4e-05,0.05319
10246.73,BTC-26JUN20,1582023543703,open,2.11,0.0,2.064,2.2075,2.13015333,93.77,None,0.0,BTC-26JUN20-32000-P,9742.86,0.0,0.0,0.0,0.0,0.0,0.0,5.11528,-1.86099,-111.84491,1e-05,-0.96123
9949.2,BTC-27MAR20,1582023543704,open,0.0,859.2,0.0005,0.014,0.00349878,92.63,0.0035,0.0,BTC-27MAR20-18000-C,9742.86,90.43,0.003,44.4,0.004,87.9,94.66,2.36268,-2.88918,0.30514,2e-05,0.03305
