underlying_price,underlying_index,timestamp,state,settlement_price,open_interest,min_price,max_price,mark_price,mark_iv,last_price,interest_rate,instrument_name,index_price,bid_iv,best_bid_price,best_bid_amount,best_ask_price,best_ask_amount,ask_iv,vega,theta,rho,gamma,delta
8472.43,BTC-27MAR20,1579949940011,open,0.01,95.7,0.0005,0.018,0.00669192,69.82,0.007,0.0,BTC-27MAR20-5500-P,8313.17,68.14,0.006,20.0,0.0075,21.0,71.68,3.58674,-2.02366,-0.81149,4e-05,-0.04981
8472.43,BTC-27MAR20,1579949940011,open,0.0,226.0,0.0005,0.0105,0.00093171,103.06,0.001,0.0,BTC-27MAR20-26000-C,8313.17,96.81,0.0005,1.5,0.002,20.0,112.31,0.72593,-0.60454,0.09493,1e-05,0.00754
8633.03,BTC-26JUN20,1579949940011,open,0.02,55.2,0.0045,0.041,0.01546457,84.86,0.018,0.0,BTC-26JUN20-22000-C,8313.17,81.49,0.0125,20.0,0.017,20.0,86.47,8.03372,-2.22984,2.20906,3e-05,0.07656
8472.43,BTC-27MAR20,1579949940011,open,0.0,95.4,0.0005,0.0105,0.00090425,108.4,0.001,0.0,BTC-27MAR20-28000-C,8313.17,102.24,0.0005,11.1,0.0015,20.0,114.48,0.68347,-0.59871,0.08817,1e-05,0.00704
8472.43,BTC-27MAR20,1579949940012,open,0.0,231.8,0.0005,0.011,0.00144442,101.69,0.0015,0.0,BTC-27MAR20-24000-C,8313.17,97.59,0.001,20.0,0.002,20.0,105.71,1.04038,-0.85493,0.14268,1e-05,0.01138
8472.43,BTC-27MAR20,1579949940013,open,0.01,488.0,0.0035,0.033,0.01329981,73.64,0.0155,0.0,BTC-27MAR20-13000-C,8313.17,71.84,0.012,20.0,0.014,20.0,74.57,6.28809,-3.74171,1.29904,7e-05,0.10375
8328.28,SYN.BTC-31JAN20,1579949940012,open,0.0,565.2,0.0005,0.0105,0.0,70.01,0.0005,0.0,BTC-31JAN20-5000-P,8313.17,0.0,0.0,0.0,0.001,1.0,186.28,0.0,0.0,0.0,0.0,0.0
8633.03,BTC-26JUN20,1579949940016,open,0.01,357.8,0.0005,0.0315,0.01045518,89.2,0.011,0.0,BTC-26JUN20-26000-C,8313.17,87.01,0.009,20.0,0.012,20.0,91.34,5.99056,-1.74778,1.52035,2e-05,0.0525
8328.28,SYN.BTC-31JAN20,1579949940015,open,0.0,1075.4,0.0005,0.0105,0.00092406,73.05,0.001,0.0,BTC-31JAN20-10000-C,8313.17,66.61,0.0005,22.5,0.0015,10.0,79.28,0.6579,-4.08952,0.03491,8e-05,0.02696
8328.28,SYN.BTC-31JAN20,1579949940012,open,0.0,323.1,0.0005,0.0145,0.00271878,58.19,0.0035,0.0,BTC-31JAN20-9250-C,8313.17,57.04,0.0025,20.1,0.003,5.0,59.61,1.61617,-8.00348,0.10773,0.00025,0.08307
8328.28,SYN.BTC-31JAN20,1579949940015,open,0.0,756.0,0.0005,0.0105,5.918e-05,69.74,0.0005,0.0,BTC-31JAN20-6500-P,8313.17,89.15,0.0005,0.6,0.001,26.0,98.84,0.07355,-0.43647,-0.00305,1e-05,-0.00222
8783.68,SYN.BTC-25SEP20,1579949940012,open,0.24,61.6,0.1925,0.303,0.24216995,70.53,0.235,0.0,BTC-25SEP20-9000-P,8313.17,0.0,0.0,0.0,0.246,0.1,71.75,27.78915,-4.01862,-37.85289,8e-05,-0.40281
159.73,SYN.ETH-7FEB20,1579949940038,open,0.0,100.0,0.001,0.011,0.001813,83.41,0.002,0.0,ETH-7FEB20-120-P,159.08,0.0,0.0,0.0,0.003,26.0,91.73,0.01954,-0.06329,-0.00171,0.0026,-0.02846
159.73,SYN.ETH-7FEB20,1579949940038,open,0.25,0.0,0.226,0.275,0.250541,83.41,None,0.0,ETH-7FEB20-120-C,159.08,0.0,0.0,0.0,0.0,0.0,0.0,0.01954,-0.06329,0.04063,0.0026,0.97154
8633.03,BTC-26JUN20,1579949941016,open,0.65,26.7,0.6455,0.6665,0.65518315,82.22,0.68,0.0,BTC-26JUN20-3000-C,8313.62,0.0,0.0,0.0,0.0,0.0,0.0,1.7633,-0.47415,12.02888,1e-05,0.98786
8633.03,BTC-26JUN20,1579949941016,open,0.14,227.8,0.096,0.1805,0.13363942,68.03,0.1275,0.0,BTC-26JUN20-8000-P,8313.62,65.67,0.128,15.8,0.1355,16.7,68.81,20.63194,-4.59041,-17.38352,0.0001,-0.34712
8472.41,BTC-27MAR20,1579949941016,open,0.25,0.0,0.2285,0.2775,0.25136376,63.58,None,0.0,BTC-27MAR20-6500-C,8313.62,0.0,0.0,0.0,0.0,0.0,0.0,7.24007,-3.71996,8.93582,9e-05,0.87352
8472.41,BTC-27MAR20,1579949941016,open,0.03,1112.0,0.0145,0.0545,0.03034834,61.95,0.029,0.0,BTC-27MAR20-7000-P,8313.62,60.74,0.029,2.3,0.0315,18.5,62.97,9.48201,-4.74663,-3.17221,0.00013,-0.19052
8472.41,BTC-27MAR20,1579949941016,open,0.08,1599.6,0.0505,0.111,0.07749219,62.61,0.087,0.0,BTC-27MAR20-9000-C,8313.62,62.0,0.0765,1.1,0.0785,10.0,63.23,13.83938,-7.00209,5.46532,0.00018,0.45802
8472.41,BTC-27MAR20,1579949941016,open,0.02,1707.6,0.007,0.042,0.01910992,70.32,0.0185,0.0,BTC-27MAR20-12000-C,8313.62,68.58,0.0175,21.4,0.02,2.0,71.26,7.9566,-4.52148,1.81039,9e-05,0.14516
8472.41,BTC-27MAR20,1579949941016,open,0.0,322.4,0.0005,0.0115,0.00196351,98.19,0.003,0.0,BTC-27MAR20-22000-C,8313.62,95.02,0.0015,2.0,0.0025,20.0,101.27,1.35586,-1.07585,0.19386,1e-05,0.01546
8472.41,BTC-27MAR20,1579949941016,open,1.13,0.0,1.084,1.18,1.12825423,88.53,1.23,0.0,BTC-27MAR20-18000-P,8313.62,0.0,0.0125,1.0,0.0,0.0,0.0,2.35485,-1.6847,-30.14055,2e-05,-0.97028
8633.03,BTC-26JUN20,1579949941016,open,0.01,427.5,0.0005,0.0215,0.00894965,77.31,0.008,0.0,BTC-26JUN20-4000-P,8313.62,75.44,0.008,7.8,0.01,20.0,79.26,4.50889,-1.14007,-1.6581,2e-05,-0.03691
8633.03,BTC-26JUN20,1579949941016,open,0.03,370.7,0.011,0.0615,0.028418,82.05,0.0275,0.0,BTC-26JUN20-18000-C,8313.62,79.5,0.025,2.0,0.1,5.0,120.6,11.92695,-3.20052,3.73515,5e-05,0.13172
8633.03,BTC-26JUN20,1579949941016,open,0.01,76.8,0.0005,0.0285,0.0089405,91.31,0.01,0.0,BTC-26JUN20-28000-C,8313.62,88.83,0.0075,20.0,0.0105,20.0,93.73,5.29309,-1.58068,1.30281,2e-05,0.04497
8472.41,BTC-27MAR20,1579949941016,open,0.44,55.3,0.3985,0.48,0.43546863,70.32,0.3565,0.0,BTC-27MAR20-12000-P,8313.62,0.0,0.022,1.0,0.6795,0.1,232.73,7.95602,-4.52093,-18.53248,9e-05,-0.85486
8633.03,BTC-26JUN20,1579949941016,open,0.44,0.0,0.4195,0.4655,0.44001793,70.42,None,0.0,BTC-26JUN20-5000-C,8313.62,0.0,0.0,0.0,0.0,0.0,0.0,8.06139,-1.85681,17.46725,4e-05,0.92309
8472.41,BTC-27MAR20,1579949941016,open,0.41,1.8,0.3995,0.4315,0.41403997,74.91,0.4545,0.0,BTC-27MAR20-5000-C,8313.62,0.0,0.0,0.0,0.0,0.0,0.0,2.44848,-1.48204,7.96857,3e-05,0.96885
8472.41,BTC-27MAR20,1579949941016,open,0.0,889.3,0.0005,0.0105,0.00039285,125.0,0.0005,0.0,BTC-27MAR20-40000-C,8313.62,127.66,0.0005,13.7,0.001,20.8,136.21,0.31,-0.31313,0.03608,0.0,0.0029
8633.03,BTC-26JUN20,1579949941016,open,0.01,436.6,0.003,0.036,0.01265245,87.2,0.013,0.0,BTC-26JUN20-24000-C,8313.62,85.06,0.011,20.0,0.0145,20.0,89.42,6.92009,-1.97372,1.82305,3e-05,0.06307
8472.41,BTC-27MAR20,1579949941016,open,0.9,1.2,0.853,0.9425,0.89401309,82.6,0.95,0.0,BTC-27MAR20-16000-P,8313.62,0.0,0.0035,5.0,0.95,0.1,147.36,3.2846,-2.19244,-26.56202,3e-05,-0.95537
8472.41,BTC-27MAR20,1579949941017,open,0.11,57.5,0.0725,0.14,0.10298144,61.76,0.098,0.0,BTC-27MAR20-8500-P,8313.62,60.55,0.101,2.0,0.1045,11.9,62.7,13.8258,-6.90051,-8.00652,0.00018,-0.45447
8472.41,BTC-27MAR20,1579949941017,open,0.16,0.0,0.135,0.1955,0.16350058,61.81,None,0.0,BTC-27MAR20-7500-C,8313.62,0.0,0.0,0.0,0.168,10.0,65.08,11.58,-5.78374,8.10541,0.00015,0.72784
8472.41,BTC-27MAR20,1579949941016,open,0.14,274.0,0.1065,0.1795,0.13976122,62.61,0.1445,0.0,BTC-27MAR20-9000-P,8313.62,61.23,0.1375,1.1,0.0,0.0,0.0,13.83937,-7.00191,-9.79171,0.00018,-0.54199
8472.41,BTC-27MAR20,1579949941017,open,0.03,160.5,0.013,0.0565,0.02947253,67.57,0.0285,0.0,BTC-27MAR20-11000-C,8313.62,66.32,0.028,19.9,0.031,19.9,68.84,10.11026,-5.51999,2.62197,0.00012,0.21203
8472.41,BTC-27MAR20,1579949941017,open,0.53,23.8,0.519,0.542,0.52931648,85.7,0.562,0.0,BTC-27MAR20-4000-C,8313.62,0.0,0.527,1.0,0.65,1.0,292.81,0.9804,-0.67895,6.60762,1e-05,0.98937
8633.03,BTC-26JUN20,1579949941016,open,1.57,0.0,1.504,1.637,1.56381535,84.86,None,0.0,BTC-26JUN20-22000-P,8313.62,0.0,0.11,1.0,2.22,0.1,383.55,8.03333,-2.2297,-89.93532,3e-05,-0.92345
8633.03,BTC-26JUN20,1579949941017,open,2.72,0.0,2.636,2.8045,2.71365937,95.4,None,0.0,BTC-26JUN20-32000-P,8313.62,0.0,0.0005,1.0,0.0,0.0,0.0,4.30687,-1.34386,-133.01799,1e-05,-0.9651
8472.41,BTC-27MAR20,1579949941017,open,1.61,5.6,1.5465,1.658,1.59862114,98.16,1.545,0.0,BTC-27MAR20-22000-P,8313.62,0.0,0.0,0.0,0.0,0.0,0.0,1.35294,-1.07311,-37.10155,1e-05,-0.98458
8472.86,BTC-27MAR20,1579949941017,open,2.79,0.0,2.7035,2.859,2.77785973,120.81,None,0.0,BTC-27MAR20-32000-P,8313.62,0.0,0.0,0.0,0.0,0.0,0.0,0.73914,-0.72155,-54.15235,1e-05,-0.9923
8472.86,BTC-27MAR20,1579949941017,open,0.3,22.1,0.2835,0.3265,0.30320705,66.53,0.34,0.0,BTC-27MAR20-6000-C,8313.62,38.1,0.2925,0.1,0.378,0.5,145.35,5.2467,-2.82075,8.84149,6e-05,0.91876
8633.48,BTC-26JUN20,1579949941017,open,1.12,1.1,1.0575,1.183,1.11343334,82.12,1.35,0.0,BTC-26JUN20-18000-P,8313.62,0.0,0.9,0.1,2.1,0.1,500.0,11.94889,-3.20932,-71.64699,5e-05,-0.86794
8472.86,BTC-27MAR20,1579949941017,open,1.84,0.0,1.7775,1.897,1.83416179,102.82,None,0.0,BTC-27MAR20-24000-P,8313.62,0.0,0.0015,0.5,0.0,0.0,0.0,1.11276,-0.92454,-40.53161,1e-05,-0.98771
8472.86,BTC-27MAR20,1579949941017,open,0.23,170.3,0.1915,0.271,0.22795503,65.29,0.223,0.0,BTC-27MAR20-10000-P,8313.62,62.21,0.2235,0.8,0.282,6.1,100.07,12.39048,-6.53685,-13.11495,0.00016,-0.68513
8472.86,BTC-27MAR20,1579949941017,open,0.0,1431.4,0.0005,0.011,0.00143605,85.7,0.0015,0.0,BTC-27MAR20-4000-P,8313.62,81.47,0.001,20.0,0.002,25.3,90.06,0.9799,-0.67857,-0.17318,1e-05,-0.01062
8472.86,BTC-27MAR20,1579949941017,open,0.36,0.0,0.3405,0.3775,0.35752777,69.75,None,0.0,BTC-27MAR20-5500-C,8313.62,0.0,0.0,0.0,0.0,0.0,0.0,3.57776,-2.01655,8.51496,4e-05,0.95035
8346.31,SYN.BTC-7FEB20,1579949941016,open,0.01,137.8,0.0005,0.0295,0.00878776,54.27,0.0085,0.0,BTC-7FEB20-9250-C,8313.62,50.35,0.007,19.1,0.0095,19.1,55.75,3.95377,-8.33242,0.47208,0.0003,0.16913
8346.31,SYN.BTC-7FEB20,1579949941016,open,0.07,0.1,0.0485,0.104,0.06739586,50.16,0.06,0.0,BTC-7FEB20-8750-P,8313.62,0.0,0.0,0.0,0.078,1.0,65.4,5.64069,-10.98722,-2.18633,0.00046,-0.67518
8472.86,BTC-27MAR20,1579949941018,open,0.05,1617.9,0.0255,0.0785,0.04765611,65.25,0.047,0.0,BTC-27MAR20-10000-C,8313.62,64.45,0.0465,1.5,0.049,15.6,66.16,12.38766,-6.53126,3.83575,0.00016,0.31471
8633.48,BTC-26JUN20,1579949941018,open,0.08,326.4,0.0515,0.1195,0.08036927,68.03,0.0805,0.0,BTC-26JUN20-7000-P,8313.62,65.87,0.076,1.0,0.08,17.9,67.85,17.48954,-3.89172,-11.69523,8e-05,-0.24306
8472.86,BTC-27MAR20,1579949941018,open,0.01,1305.2,0.0015,0.0265,0.0113864,66.59,0.011,0.0,BTC-27MAR20-6000-P,8313.62,64.29,0.01,20.0,0.0125,20.0,68.35,5.25387,-2.82706,-1.33249,6e-05,-0.08138
8633.48,BTC-26JUN20,1579949941018,open,0.04,267.6,0.0155,0.072,0.03614748,78.06,0.0395,0.0,BTC-26JUN20-16000-C,8313.62,77.35,0.035,0.4,0.037,19.7,78.59,13.94427,-3.56011,4.709,6e-05,0.16637
8346.31,SYN.BTC-7FEB20,1579949941016,open,0.01,155.2,0.0005,0.0225,0.00601556,56.31,0.008,0.0,BTC-7FEB20-9500-C,8313.62,53.51,0.005,19.8,0.0065,0.1,57.57,3.14908,-6.88568,0.33772,0.00023,0.12072
8328.29,SYN.BTC-31JAN20,1579949941016,open,0.03,154.0,0.015,0.059,0.02789312,45.43,0.0295,0.0,BTC-31JAN20-8250-C,8313.62,44.64,0.0275,0.4,0.0305,2.3,50.67,4.13798,-15.99887,0.73535,0.00082,0.57639
8472.86,BTC-27MAR20,1579949941018,open,0.47,2.1,0.459,0.4865,0.47153775,80.84,0.518,0.0,BTC-27MAR20-4500-C,8313.62,0.0,0.0,0.0,0.0,0.0,0.0,1.6418,-1.07254,7.31269,2e-05,0.98066
8472.86,BTC-27MAR20,1579949941018,open,0.1,67.1,0.071,0.134,0.09972736,61.75,0.1075,0.0,BTC-27MAR20-8500-C,8313.62,61.0,0.0985,2.0,0.1015,20.6,62.84,13.82625,-6.89928,6.40422,0.00018,0.5456
8633.48,BTC-26JUN20,1579949941018,open,0.02,1121.4,0.007,0.049,0.02020263,83.06,0.02,0.0,BTC-26JUN20-20000-C,8313.62,80.55,0.0175,20.0,0.021,20.0,83.76,9.64855,-2.62103,2.80648,4e-05,0.09781
8472.86,BTC-27MAR20,1579949941018,open,3.26,0.0,3.166,3.3405,3.24979601,127.61,None,0.0,BTC-27MAR20-36000-P,8313.62,0.0,0.0,0.0,0.0,0.0,0.0,0.62606,-0.6456,-60.94992,0.0,-0.99362
8472.86,BTC-27MAR20,1579949941018,open,3.73,1.0,3.629,3.8205,3.72158854,130.4,3.41,0.0,BTC-27MAR20-40000-P,8313.62,0.0,0.0,0.0,0.0,0.0,0.0,0.44704,-0.47106,-67.75534,0.0,-0.99563
8633.48,BTC-26JUN20,1579949941018,open,0.05,684.5,0.025,0.091,0.05090327,74.98,0.0525,0.0,BTC-26JUN20-14000-C,8313.62,73.47,0.048,19.1,0.0535,19.1,76.31,16.781,-4.11536,6.31574,7e-05,0.22556
8472.86,BTC-27MAR20,1579949941018,open,0.0,526.0,0.0005,0.014,0.00418943,74.91,0.0035,0.0,BTC-27MAR20-5000-P,8313.62,72.4,0.0035,20.0,0.005,0.1,77.58,2.44798,-1.48178,-0.50742,3e-05,-0.03114
8346.31,SYN.BTC-7FEB20,1579949941016,open,0.0,4.1,0.0005,0.0125,0.00255293,64.89,0.003,0.0,BTC-7FEB20-10250-C,8313.62,61.93,0.002,20.0,0.003,1.0,67.02,1.67037,-4.20903,0.14586,0.0001,0.05209
8633.48,BTC-26JUN20,1579949941018,open,0.0,208.9,0.0005,0.0125,0.00268571,82.22,0.0025,0.0,BTC-26JUN20-3000-P,8313.62,78.55,0.002,20.0,0.0035,21.1,85.89,1.76331,-0.47418,-0.53625,1e-05,-0.01214
8472.86,BTC-27MAR20,1579949941019,open,0.0,163.3,0.0005,0.0105,0.00072049,111.07,0.0025,0.0,BTC-27MAR20-30000-C,8313.62,107.25,0.0005,14.0,0.001,2.0,114.81,0.5583,-0.50107,0.07015,0.0,0.0056
8472.86,BTC-27MAR20,1579949941018,open,1.37,5.2,1.315,1.4185,1.36328849,94.47,2.035,0.0,BTC-27MAR20-20000-P,8313.62,0.0,0.0,0.0,0.0,0.0,0.0,1.83263,-1.39899,-33.62852,2e-05,-0.97798
8472.86,BTC-27MAR20,1579949941018,open,0.05,667.0,0.0275,0.078,0.04872478,61.82,0.046,0.0,BTC-27MAR20-7500-P,8313.62,59.82,0.046,2.0,0.0495,16.0,62.39,11.57959,-5.78456,-4.60829,0.00015,-0.27211
8633.48,BTC-26JUN20,1579949941019,open,0.21,224.0,0.169,0.2515,0.20696538,68.02,0.205,0.0,BTC-26JUN20-8000-C,8313.62,65.94,0.202,1.0,0.0,0.0,0.0,20.63211,-4.58977,16.12583,0.0001,0.65292
8472.86,BTC-27MAR20,1579949941019,open,0.01,1852.8,0.0005,0.019,0.00553481,82.61,0.0055,0.0,BTC-27MAR20-16000-C,8313.62,79.77,0.0045,20.0,0.006,0.5,83.78,3.2865,-2.19387,0.56196,3e-05,0.04466
8472.86,BTC-27MAR20,1579949941019,open,3.02,0.0,2.9345,3.0995,3.0137364,123.23,None,0.0,BTC-27MAR20-34000-P,8313.62,0.0,0.0,0.0,0.0,0.0,0.0,0.63504,-0.63237,-57.55782,0.0,-0.99352
8633.48,BTC-26JUN20,1579949941019,open,0.27,130.4,0.235,0.31,0.26952997,68.01,0.273,0.0,BTC-26JUN20-7000-C,8313.62,0.0,0.0,0.0,0.0,0.0,0.0,17.48859,-3.89031,17.62581,8e-05,0.75697
8472.86,BTC-27MAR20,1579949941019,open,0.01,1115.6,0.0005,0.027,0.00972961,76.98,0.0115,0.0,BTC-27MAR20-14000-C,8313.62,73.91,0.008,32.0,0.0105,20.0,78.25,5.03453,-3.13159,0.96518,5e-05,0.07693
8328.29,SYN.BTC-31JAN20,1579949941018,open,0.0,152.7,0.0005,0.0105,0.0002214,69.28,0.0005,0.0,BTC-31JAN20-6750-P,8313.62,0.0,0.0,0.0,0.001,21.3,85.8,0.21777,-1.28387,-0.0103,3e-05,-0.00746
8633.48,BTC-26JUN20,1579949941019,open,2.03,0.0,1.956,2.1015,2.02214402,89.43,None,0.0,BTC-26JUN20-26000-P,8313.62,0.0,0.0005,1.0,0.0,0.0,0.0,6.04493,-1.76803,-107.36138,2e-05,-0.9469
8472.86,BTC-27MAR20,1579949941019,open,0.0,306.9,0.0005,0.0105,0.00071989,124.4,0.001,0.0,BTC-27MAR20-36000-C,8313.62,120.27,0.0005,18.1,0.001,34.8,128.47,0.5144,-0.51712,0.06307,0.0,0.00511
8783.69,SYN.BTC-25SEP20,1579949941016,open,0.7,2.9,0.63,0.7695,0.692838,75.66,0.695,0.0,BTC-25SEP20-14000-P,8313.62,0.0,0.0,0.0,0.722,0.1,85.28,25.94843,-4.02504,-80.08139,7e-05,-0.67168
8472.86,BTC-27MAR20,1579949941019,open,0.0,163.3,0.0005,0.0105,0.00072007,120.26,0.001,0.0,BTC-27MAR20-34000-C,8313.62,116.22,0.0005,1.3,0.001,37.5,124.22,0.52711,-0.51223,0.06511,0.0,0.00525
8400.35,SYN.BTC-28FEB20,1579949941017,open,0.09,207.2,0.067,0.1195,0.09179808,55.05,0.1,0.0,BTC-28FEB20-8000-C,8313.62,31.1,0.0655,0.1,0.095,0.1,57.87,9.51616,-7.73149,4.32222,0.00026,0.64619
8633.48,BTC-26JUN20,1579949941019,open,2.26,0.0,2.1825,2.335,2.25229774,91.58,None,0.0,BTC-26JUN20-28000-P,8313.62,0.0,0.0005,1.0,0.0,0.0,0.0,5.35517,-1.60397,-115.95411,2e-05,-0.95438
8633.48,BTC-26JUN20,1579949941020,open,0.47,6.7,0.416,0.529,0.4670683,72.3,0.4395,0.0,BTC-26JUN20-12000-P,8313.62,0.0,0.001,0.5,0.54,0.1,102.02,19.96236,-4.72056,-41.50417,9e-05,-0.68072
8400.35,SYN.BTC-28FEB20,1579949941018,open,0.18,32.1,0.1575,0.2035,0.17954965,58.37,0.2435,0.0,BTC-28FEB20-7000-C,8313.62,0.0,0.0,0.0,0.2,10.0,84.91,5.4869,-4.72732,5.36312,0.00014,0.86745
8346.31,SYN.BTC-7FEB20,1579949941016,open,0.15,0.0,0.1195,0.1755,0.14424414,56.31,None,0.0,BTC-7FEB20-9500-P,8313.62,0.0,0.0,0.0,0.0,0.0,0.0,3.1492,-6.8861,-3.01347,0.00023,-0.87927
8783.69,SYN.BTC-25SEP20,1579949941016,open,0.26,32.9,0.2205,0.3155,0.26411459,70.53,0.278,0.0,BTC-25SEP20-8000-C,8313.62,59.0,0.23,0.1,0.0,0.0,0.0,25.88097,-3.74266,24.04252,7e-05,0.67378
8472.86,BTC-27MAR20,1579949941020,open,0.0,35.9,0.0005,0.0125,0.00267226,80.98,0.0025,0.0,BTC-27MAR20-4500-P,8313.62,77.23,0.002,20.0,0.0035,20.2,84.89,1.65191,-1.08099,-0.31822,2e-05,-0.01948
8633.48,BTC-26JUN20,1579949941020,open,0.01,361.9,0.0005,0.0245,0.00696543,95.4,0.009,0.0,BTC-26JUN20-32000-C,8313.62,93.37,0.006,1.0,0.008,30.0,97.38,4.30717,-1.34392,1.01009,1e-05,0.0349
8633.48,BTC-26JUN20,1579949941020,open,0.12,597.8,0.085,0.17,0.12279187,69.48,0.126,0.0,BTC-26JUN20-10000-C,8313.62,68.0,0.119,17.0,0.126,17.0,70.73,22.17491,-5.0391,12.17182,0.0001,0.4594
8472.86,BTC-27MAR20,1579949941020,open,0.0,268.9,0.0005,0.0105,0.00090317,118.45,0.001,0.0,BTC-27MAR20-32000-C,8313.62,111.89,0.0005,17.1,0.0015,23.0,124.93,0.64119,-0.61372,0.08113,0.0,0.00655
8472.86,BTC-27MAR20,1579949941020,open,0.01,192.2,0.0005,0.0225,0.00723612,79.87,0.008,0.0,BTC-27MAR20-15000-C,8313.62,77.14,0.006,20.0,0.008,20.0,81.43,4.04241,-2.60906,0.72805,4e-05,0.05792
8328.29,SYN.BTC-31JAN20,1579949941016,open,0.0,737.0,0.0005,0.012,0.00215722,56.39,0.0025,0.0,BTC-31JAN20-7500-P,8313.62,52.02,0.0015,20.5,0.003,21.2,61.11,1.36874,-6.56814,-0.09247,0.00022,-0.06682
8633.48,BTC-26JUN20,1579949941020,open,0.2,274.5,0.1565,0.2525,0.19996555,68.04,0.205,0.0,BTC-26JUN20-9000-P,8313.62,58.32,0.175,1.6,0.222,1.0,76.67,22.11491,-4.92129,-23.50168,0.0001,-0.44997
8400.35,SYN.BTC-28FEB20,1579949941019,open,0.0,188.2,0.0005,0.0135,0.00377429,72.3,0.0035,0.0,BTC-28FEB20-12500-C,8313.62,69.44,0.003,20.0,0.005,20.0,76.19,2.42975,-2.59278,0.32213,5e-05,0.04509
8472.86,BTC-27MAR20,1579949941021,open,0.07,559.2,0.0465,0.107,0.07302382,61.82,0.074,0.0,BTC-27MAR20-8000-P,8313.62,60.51,0.071,0.6,0.074,13.0,62.45,13.07717,-6.53292,-6.24971,0.00017,-0.36209
8472.86,BTC-27MAR20,1579949941021,open,0.13,1234.4,0.0995,0.1625,0.12878469,61.79,0.1245,0.0,BTC-27MAR20-8000-C,8313.62,57.71,0.1225,0.3,0.1325,10.0,64.2,13.07694,-6.52953,7.31304,0.00017,0.63793
8346.31,SYN.BTC-7FEB20,1579949941016,open,0.02,131.1,0.009,0.05,0.018595,48.48,0.019,0.0,BTC-7FEB20-8000-P,8313.62,46.04,0.017,0.1,0.019,21.8,49.1,5.48859,-10.33344,-0.95187,0.00046,-0.30471
8633.48,BTC-26JUN20,1579949941021,open,0.35,20.1,0.3185,0.3795,0.34649634,68.01,0.377,0.0,BTC-26JUN20-6000-C,8313.62,0.0,0.0,0.0,0.41,3.0,106.2,12.88746,-2.86669,18.29381,6e-05,0.85241
8472.86,BTC-27MAR20,1579949941021,open,0.0,581.5,0.0005,0.0145,0.00371617,88.55,0.004,0.0,BTC-27MAR20-18000-C,8313.62,85.79,0.003,20.0,0.0045,41.0,91.19,2.35709,-1.68655,0.3739,2e-05,0.02975
8328.29,SYN.BTC-31JAN20,1579949941018,open,0.26,0.0,0.2365,0.2905,0.26148883,85.74,None,0.0,BTC-31JAN20-10500-P,8313.62,0.0,0.005,0.1,0.0,0.0,0.0,0.48899,-3.56775,-1.66582,5e-05,-0.98104
8633.48,BTC-26JUN20,1579949941021,open,0.54,0.5,0.531,0.5645,0.54561286,77.27,0.589,0.0,BTC-26JUN20-4000-C,8313.62,0.0,0.0,0.0,0.0,0.0,0.0,4.50267,-1.13788,15.09853,2e-05,0.96316
8472.86,BTC-27MAR20,1579949941021,open,0.02,99.4,0.0075,0.038,0.01855806,63.59,0.0185,0.0,BTC-27MAR20-6500-P,8313.62,61.74,0.017,20.0,0.02,30.0,65.26,7.23957,-3.72011,-2.08291,9e-05,-0.12646
8633.48,BTC-26JUN20,1579949941022,open,1.8,0.0,1.73,1.869,1.7926729,87.38,None,0.0,BTC-26JUN20-24000-P,8313.62,0.0,0.0005,1.0,0.0,0.0,0.0,6.96639,-1.99095,-98.68363,3e-05,-0.93639
8472.86,BTC-27MAR20,1579949941021,open,0.0,729.9,0.0005,0.0125,0.00269064,93.91,0.0035,0.0,BTC-27MAR20-20000-C,8313.62,90.29,0.002,20.0,0.0035,20.0,97.43,1.78018,-1.35087,0.267,2e-05,0.02128
8633.48,BTC-26JUN20,1579949941021,open,0.08,473.8,0.045,0.1215,0.07705808,72.27,0.0785,0.0,BTC-26JUN20-12000-C,8313.62,70.94,0.074,18.2,0.0795,18.2,73.32,19.95854,-4.71762,8.7537,9e-05,0.31914
8346.31,SYN.BTC-7FEB20,1579949941016,open,0.01,160.6,0.001,0.0365,0.01065347,49.19,0.01,0.0,BTC-7FEB20-7750-P,8313.62,43.92,0.008,19.6,0.0115,19.7,50.8,4.36339,-8.33573,-0.6146,0.00036,-0.19809
8633.48,BTC-26JUN20,1579949941022,open,0.02,380.0,0.008,0.039,0.01918886,70.43,0.017,0.0,BTC-26JUN20-5000-P,8313.62,68.59,0.0175,20.0,0.021,20.0,72.33,8.06135,-1.85694,-3.47459,4e-05,-0.0769
8346.31,SYN.BTC-7FEB20,1579949941016,open,0.0,134.9,0.0005,0.015,0.00391494,64.37,0.0035,0.0,BTC-7FEB20-10000-C,8313.62,62.77,0.0035,0.9,0.0045,20.0,66.48,2.23408,-5.58413,0.21126,0.00014,0.07567
8783.69,SYN.BTC-25SEP20,1579949941016,open,0.22,106.6,0.1725,0.2715,0.21754285,70.53,0.228,0.0,BTC-25SEP20-9000-C,8313.62,69.26,0.2135,16.3,0.2215,16.3,71.79,27.78918,-4.01861,22.2809,8e-05,0.59719
8472.86,BTC-27MAR20,1579949941023,open,0.2,261.8,0.178,0.2335,0.2041391,61.92,0.217,0.0,BTC-27MAR20-7000-C,8313.62,45.54,0.1875,0.1,0.317,0.1,148.9,9.47853,-4.74282,8.69666,0.00013,0.80961
8346.31,SYN.BTC-7FEB20,1579949941016,open,0.16,0.0,0.145,0.184,0.16375569,59.12,None,0.0,BTC-7FEB20-7000-C,8313.62,0.0,0.0,0.0,0.0,0.0,0.0,1.63039,-3.74305,2.31333,0.00011,0.94947
8328.29,SYN.BTC-31JAN20,1579949941016,open,0.0,98.3,0.0005,0.0105,0.00010825,85.74,0.0005,0.0,BTC-31JAN20-11250-C,8313.62,0.0,0.0,0.0,0.001,20.1,111.69,0.10718,-0.78196,0.00437,1e-05,0.00336
8633.48,BTC-26JUN20,1579949941024,open,0.04,368.2,0.022,0.0705,0.04150145,68.04,0.0405,0.0,BTC-26JUN20-6000-P,8313.62,66.35,0.039,19.4,0.043,19.5,69.03,12.89038,-2.86836,-6.83955,6e-05,-0.14764
8346.31,SYN.BTC-7FEB20,1579949941016,open,0.01,110.5,0.0005,0.026,0.0064738,52.15,0.0075,0.0,BTC-7FEB20-7500-P,8313.62,49.58,0.0055,20.0,0.0075,20.2,54.7,3.26354,-6.60931,-0.39309,0.00025,-0.12704
8346.31,SYN.BTC-7FEB20,1579949941016,open,0.08,0.0,0.0645,0.1135,0.08209858,49.19,None,0.0,BTC-7FEB20-7750-C,8313.62,28.86,0.0735,0.1,0.0,0.0,0.0,4.36334,-8.33549,2.1193,0.00036,0.80191
8328.29,SYN.BTC-31JAN20,1579949941016,open,0.22,51.0,0.204,0.2355,0.21958638,69.67,0.26,0.0,BTC-31JAN20-6500-C,8313.62,0.0,0.0,0.0,0.0,0.0,0.0,0.07299,-0.43275,1.04333,1e-05,0.9978
8783.69,SYN.BTC-25SEP20,1579949941020,open,0.41,31.8,0.3495,0.4765,0.40716242,72.67,0.3903,0.0,BTC-25SEP20-11000-P,8313.62,38.13,0.3,5.0,0.425,0.4,78.15,28.54779,-4.25323,-55.15284,8e-05,-0.53259
8783.69,SYN.BTC-25SEP20,1579949941016,open,0.06,71.1,0.03,0.109,0.06059993,79.26,0.0645,0.0,BTC-25SEP20-18000-C,8313.62,77.96,0.0575,19.3,0.064,19.3,80.67,21.07394,-3.42465,9.1604,5e-05,0.21669
8783.69,SYN.BTC-25SEP20,1579949941017,open,0.02,57.1,0.006,0.0515,0.01976348,88.83,0.0255,0.0,BTC-25SEP20-32000-C,8313.62,86.87,0.0175,20.0,0.022,25.0,90.65,10.48976,-1.91046,3.42847,2e-05,0.07818
8328.29,SYN.BTC-31JAN20,1579949941019,open,0.17,0.0,0.148,0.2,0.17216808,69.99,None,0.0,BTC-31JAN20-9750-P,8313.62,0.0,0.0,0.0,0.0,0.0,0.0,0.9432,-5.61759,-1.51549,0.00012,-0.95823
8346.31,SYN.BTC-7FEB20,1579949941016,open,0.23,0.0,0.205,0.2605,0.23064166,64.89,None,0.0,BTC-7FEB20-10250-P,8313.62,0.0,0.0,0.0,0.0,0.0,0.0,1.67057,-4.20971,-3.4699,0.0001,-0.9479
8346.31,SYN.BTC-7FEB20,1579949941017,open,0.01,165.1,0.003,0.038,0.0126457,51.74,0.013,0.0,BTC-7FEB20-9000-C,8313.62,48.83,0.011,18.1,0.0135,18.2,53.22,4.80035,-9.64545,0.65029,0.00038,0.23351
8400.35,SYN.BTC-28FEB20,1579949941018,open,0.01,86.8,0.0005,0.02,0.00677904,67.91,0.007,0.0,BTC-28FEB20-11500-C,8313.62,66.11,0.006,20.0,0.008,20.0,70.53,3.7532,-3.76185,0.55975,8e-05,0.07858
8346.31,SYN.BTC-7FEB20,1579949941016,open,0.11,0.2,0.089,0.135,0.10787229,52.15,0.1115,0.0,BTC-7FEB20-7500-C,8313.62,23.36,0.1015,0.1,0.0,0.0,0.0,3.26346,-6.60903,2.25261,0.00025,0.87297
8328.29,SYN.BTC-31JAN20,1579949941019,open,0.05,761.7,0.0295,0.075,0.04851508,47.96,0.046,0.0,BTC-31JAN20-8000-C,8313.62,0.0,0.039,1.0,0.0605,5.0,75.7,3.31936,-13.54636,0.94761,0.00062,0.75533
8346.31,SYN.BTC-7FEB20,1579949941016,open,0.12,0.0,0.0935,0.15,0.11706296,54.27,None,0.0,BTC-7FEB20-9250-P,8313.62,0.0,0.0,0.0,0.0,0.0,0.0,3.95385,-8.33275,-2.79093,0.0003,-0.83087
8400.35,SYN.BTC-28FEB20,1579949941016,open,0.23,11.6,0.214,0.255,0.23335287,63.09,0.256,0.0,BTC-28FEB20-6500-C,8313.62,0.0,0.226,0.1,0.0,0.0,0.0,3.67031,-3.41797,5.38221,9e-05,0.9237
8346.31,SYN.BTC-7FEB20,1579949941016,open,0.0,47.3,0.0005,0.0115,0.00172327,71.31,0.002,0.0,BTC-7FEB20-10750-C,8313.62,65.36,0.001,20.0,0.002,10.0,73.17,1.18791,-3.28961,0.09556,7e-05,0.03418
8783.69,SYN.BTC-25SEP20,1579949941016,open,0.39,1.0,0.3545,0.4275,0.38794926,70.53,0.425,0.0,BTC-25SEP20-6000-C,8313.62,0.0,0.0,0.0,0.0,0.0,0.0,18.25245,-2.63949,25.87149,5e-05,0.82878
8328.29,SYN.BTC-31JAN20,1579949941017,open,0.0,285.9,0.0005,0.011,0.00131047,63.55,0.001,0.0,BTC-31JAN20-7250-P,8313.62,53.85,0.0005,2.3,0.0015,5.0,65.25,0.89586,-4.84476,-0.05432,0.00013,-0.03921
8346.31,SYN.BTC-7FEB20,1579949941016,open,0.0,39.3,0.0005,0.012,0.00245043,59.12,0.0025,0.0,BTC-7FEB20-7000-P,8313.62,56.69,0.002,20.0,0.003,0.1,61.79,1.63053,-3.74349,-0.156,0.00011,-0.05054
8783.69,SYN.BTC-25SEP20,1579949941016,open,2.67,0.0,2.579,2.7645,2.66288181,88.84,None,0.0,BTC-25SEP20-32000-P,8313.62,0.0,0.0,0.0,0.0,0.0,0.0,10.49102,-1.91077,-210.37987,2e-05,-0.92181
8328.29,SYN.BTC-31JAN20,1579949941016,open,0.0,797.3,0.0005,0.0105,1.331e-05,85.74,0.0005,0.0,BTC-31JAN20-12000-C,8313.62,0.0,0.0,0.0,0.001,20.0,131.38,0.01801,-0.11088,0.00062,0.0,0.00048
8328.29,SYN.BTC-31JAN20,1579949941022,open,0.4,18.7,0.3875,0.4115,0.39963625,0.0,0.4425,0.0,BTC-31JAN20-5000-C,8313.62,0.0,0.0,0.0,0.0,0.0,0.0,0.0,0.0,0.80489,0.0,1.0
8400.35,SYN.BTC-28FEB20,1579949941016,open,0.01,725.2,0.003,0.029,0.01284756,58.37,0.0125,0.0,BTC-28FEB20-7000-P,8313.62,57.06,0.012,20.0,0.014,20.0,60.11,5.4868,-4.72715,-1.13356,0.00014,-0.13255
8346.31,SYN.BTC-7FEB20,1579949941016,open,0.03,34.2,0.017,0.0615,0.02859761,49.05,0.03,0.0,BTC-7FEB20-8500-C,8313.62,46.22,0.0265,15.3,0.03,15.3,50.95,6.18197,-11.77597,1.21008,0.00051,0.4396
8783.69,SYN.BTC-25SEP20,1579949941018,open,0.13,233.1,0.0885,0.1885,0.13220269,73.67,0.14,0.0,BTC-25SEP20-12000-C,8313.62,71.87,0.1265,17.7,0.136,17.7,74.86,27.97657,-4.22549,16.54307,7e-05,0.41408
8346.31,SYN.BTC-7FEB20,1579949941016,open,0.04,29.6,0.0285,0.0765,0.04213211,48.43,0.0435,0.0,BTC-7FEB20-8250-C,8313.62,46.22,0.0405,2.0,0.0445,14.9,51.64,6.16083,-11.58766,1.55034,0.00052,0.5687
8783.69,SYN.BTC-25SEP20,1579949941016,open,0.47,0.0,0.4425,0.4985,0.46762322,70.53,None,0.0,BTC-25SEP20-5000-C,8313.62,0.0,0.0,0.0,0.0,0.0,0.0,12.85957,-1.85963,25.20926,4e-05,0.89717
8346.31,SYN.BTC-7FEB20,1579949941016,open,0.26,0.0,0.234,0.2905,0.26024344,68.86,None,0.0,BTC-7FEB20-10500-P,8313.62,0.0,0.0,0.0,0.0,0.0,0.0,1.44881,-3.87425,-3.58205,9e-05,-0.95639
8400.35,SYN.BTC-28FEB20,1579949941020,open,0.04,346.8,0.0225,0.0675,0.04170801,57.16,0.0425,0.0,BTC-28FEB20-9000-C,8313.62,55.68,0.04,21.7,0.043,16.7,58.27,9.73382,-8.21176,2.62726,0.00026,0.37869
8400.35,SYN.BTC-28FEB20,1579949941016,open,0.0,556.3,0.0005,0.013,0.00309948,75.26,0.003,0.0,BTC-28FEB20-13000-C,8313.62,72.65,0.0025,30.0,0.004,43.0,78.66,2.05714,-2.28507,0.26219,4e-05,0.03673
8328.29,SYN.BTC-31JAN20,1579949941016,open,0.02,1383.3,0.0085,0.05,0.01849332,45.44,0.019,0.0,BTC-31JAN20-8250-P,8313.62,44.44,0.018,2.0,0.019,0.5,46.46,4.13798,-15.99949,-0.59272,0.00082,-0.42361
8328.29,SYN.BTC-31JAN20,1579949941017,open,0.2,9.1,0.1775,0.2295,0.20165155,73.06,0.21,0.0,BTC-31JAN20-10000-P,8313.62,0.0,0.0,0.0,0.0,0.0,0.0,0.65835,-4.09301,-1.57484,8e-05,-0.97301
8328.29,SYN.BTC-31JAN20,1579949941017,open,0.23,0.0,0.207,0.2585,0.23119758,73.17,None,0.0,BTC-31JAN20-10250-P,8313.62,0.0,0.0,0.0,0.0,0.0,0.0,0.38306,-2.38497,-1.63152,5e-05,-0.98574
8400.35,SYN.BTC-28FEB20,1579949941017,open,0.0,234.9,0.0005,0.0125,0.00272726,77.36,0.0025,0.0,BTC-28FEB20-5500-P,8313.62,76.16,0.0025,5.8,0.003,20.1,78.72,1.63188,-1.86322,-0.23759,3e-05,-0.02775
8346.31,SYN.BTC-7FEB20,1579949941016,open,0.09,0.0,0.0695,0.126,0.09096751,51.74,None,0.0,BTC-7FEB20-9000-P,8313.62,0.0,0.0,0.0,0.0,0.0,0.0,4.8004,-9.64571,-2.52453,0.00038,-0.76648
8328.29,SYN.BTC-31JAN20,1579949941019,open,0.02,1293.7,0.005,0.04,0.01603547,48.9,0.016,0.0,BTC-31JAN20-8500-C,8313.62,46.76,0.015,1.4,0.017,17.3,50.89,4.03255,-16.78137,0.49184,0.00074,0.38289
8400.35,SYN.BTC-28FEB20,1579949941017,open,0.27,0.0,0.2325,0.298,0.26266355,62.65,None,0.0,BTC-28FEB20-10500-P,8313.62,0.0,0.0,0.0,0.0,0.0,0.0,5.73805,-5.30595,-8.74083,0.00014,-0.85848
8328.29,SYN.BTC-31JAN20,1579949941019,open,0.28,51.3,0.265,0.2935,0.27956546,68.33,0.3385,0.0,BTC-31JAN20-6000-C,8313.62,0.0,0.0,0.0,0.0,0.0,0.0,0.0028,-0.01628,0.96578,0.0,0.99993
8328.29,SYN.BTC-31JAN20,1579949941019,open,0.0,670.6,0.0005,0.0105,0.00072495,85.72,0.0005,0.0,BTC-31JAN20-10500-C,8313.62,81.41,0.0005,14.8,0.001,20.0,89.93,0.48851,-3.56352,0.02442,5e-05,0.01894
8783.69,SYN.BTC-25SEP20,1579949941016,open,1.33,0.1,1.258,1.4105,1.32581189,80.74,1.21,0.0,BTC-25SEP20-20000-P,8313.62,0.0,0.0,0.0,1.35,0.4,91.14,18.81432,-3.1143,-125.95727,5e-05,-0.82039
8328.29,SYN.BTC-31JAN20,1579949941019,open,0.0,1094.8,0.0005,0.0105,1.97e-06,69.89,0.0005,0.0,BTC-31JAN20-6000-P,8313.62,0.0,0.0,0.0,0.0005,0.1,114.19,0.00384,-0.01638,-0.00012,0.0,-9e-05
8400.35,SYN.BTC-28FEB20,1579949941017,open,0.06,401.5,0.039,0.0885,0.0614509,55.04,0.0635,0.0,BTC-28FEB20-8500-C,8313.62,53.85,0.06,15.2,0.0635,15.2,56.73,10.20858,-8.29383,3.46114,0.00028,0.50539
8400.35,SYN.BTC-28FEB20,1579949941017,open,0.01,70.9,0.003,0.03,0.0127167,62.65,0.012,0.0,BTC-28FEB20-10500-C,8313.62,60.83,0.0115,19.7,0.0135,0.1,63.78,5.73822,-5.30623,1.00427,0.00014,0.14153
8783.69,SYN.BTC-25SEP20,1579949941018,open,0.9,5.4,0.8345,0.98,0.89946469,78.08,0.88,0.0,BTC-25SEP20-16000-P,8313.62,0.0,0.7925,0.2,0.955,0.3,97.25,23.62768,-3.78238,-95.77946,6e-05,-0.73253
8346.31,SYN.BTC-7FEB20,1579949941016,open,0.22,0.0,0.2055,0.24,0.2222994,68.18,None,0.0,BTC-7FEB20-6500-C,8313.62,0.0,0.0,0.0,0.0,0.0,0.0,0.81877,-2.16773,2.22533,5e-05,0.97813
8328.29,SYN.BTC-31JAN20,1579949941018,open,0.06,149.6,0.0385,0.0905,0.05910309,50.92,0.056,0.0,BTC-31JAN20-8750-P,8313.62,0.0,0.008,42.9,0.065,0.1,65.2,3.22417,-13.971,-1.10886,0.00057,-0.76799
8346.31,SYN.BTC-7FEB20,1579949941016,open,0.0,24.0,0.0005,0.0115,0.00192024,65.65,0.0015,0.0,BTC-7FEB20-6750-P,8313.62,58.47,0.001,20.0,0.0025,21.1,69.16,1.27512,-3.25058,-0.11537,8e-05,-0.03727
8783.69,SYN.BTC-25SEP20,1579949941018,open,0.03,63.2,0.009,0.062,0.02614246,86.95,0.029,0.0,BTC-25SEP20-28000-C,8313.62,85.43,0.024,5.0,0.0285,20.0,88.54,12.69383,-2.26288,4.39424,3e-05,0.10102
8783.69,SYN.BTC-25SEP20,1579949941017,open,0.1,265.9,0.0595,0.1535,0.09897373,75.66,0.1025,0.0,BTC-25SEP20-14000-C,8313.62,73.79,0.0935,18.4,0.103,18.4,77.02,25.94832,-4.02499,13.45989,7e-05,0.32832
8328.29,SYN.BTC-31JAN20,1579949941019,open,0.0,782.3,0.0005,0.0105,2e-08,69.97,0.0005,0.0,BTC-31JAN20-5500-P,8313.62,0.0,0.0,0.0,0.0005,0.1,140.95,6e-05,-0.00018,0.0,0.0,0.0
8400.35,SYN.BTC-28FEB20,1579949941017,open,0.29,0.7,0.273,0.3095,0.29008428,69.82,0.352,0.0,BTC-28FEB20-6000-C,8313.62,0.0,0.2855,0.1,0.0,0.0,0.0,2.45462,-2.5296,5.17873,5e-05,0.95433
8400.35,SYN.BTC-28FEB20,1579949941017,open,0.55,0.0,0.518,0.588,0.55065274,75.25,None,0.0,BTC-28FEB20-13000-P,8313.62,0.0,0.0,0.0,0.0,0.0,0.0,2.05666,-2.2844,-11.8032,4e-05,-0.96328
8346.31,SYN.BTC-7FEB20,1579949941016,open,0.18,0.0,0.1475,0.203,0.17319878,61.1,None,0.0,BTC-7FEB20-9750-P,8313.62,0.0,0.0,0.0,0.0,0.0,0.0,2.69629,-6.39764,-3.16773,0.00018,-0.90271
8400.35,SYN.BTC-28FEB20,1579949941017,open,0.0,345.8,0.0005,0.014,0.00433962,69.82,0.0045,0.0,BTC-28FEB20-6000-P,8313.62,68.63,0.004,5.8,0.0055,20.0,73.55,2.45446,-2.52937,-0.38984,5e-05,-0.04566
8328.29,SYN.BTC-31JAN20,1579949941018,open,0.16,334.9,0.1425,0.179,0.16020387,69.05,0.16,0.0,BTC-31JAN20-7000-C,8313.62,0.0,0.053,1.1,0.5,1.5,500.0,0.54015,-3.17366,1.0973,7e-05,0.97868
8346.31,SYN.BTC-7FEB20,1579949941016,open,0.19,0.0,0.1755,0.2125,0.19317888,65.64,None,0.0,BTC-7FEB20-6750-C,8313.62,0.0,0.0,0.0,0.0,0.0,0.0,1.27499,-3.25011,2.26576,8e-05,0.96274
8400.35,SYN.BTC-28FEB20,1579949941016,open,0.02,494.9,0.007,0.039,0.01865314,60.67,0.0195,0.0,BTC-28FEB20-10000-C,8313.62,58.69,0.017,19.0,0.02,19.0,62.24,7.10994,-6.36682,1.39416,0.00018,0.19747
8328.29,SYN.BTC-31JAN20,1579949941018,open,0.19,10.1,0.173,0.207,0.18973033,69.25,0.214,0.0,BTC-31JAN20-6750-C,8313.62,0.0,0.0,0.0,0.0,0.0,0.0,0.2173,-1.28057,1.07633,3e-05,0.99256
8328.29,SYN.BTC-31JAN20,1579949941025,open,0.44,0.0,0.413,0.4705,0.44088632,86.29,None,0.0,BTC-31JAN20-12000-P,8313.62,0.0,0.0,0.0,0.0,0.0,0.0,0.01934,-0.14204,-1.93106,0.0,-0.99948
8328.29,SYN.BTC-31JAN20,1579949941019,open,0.07,0.1,0.054,0.0995,0.07373392,51.44,0.0935,0.0,BTC-31JAN20-7750-C,8313.62,0.0,0.0005,0.5,0.0,0.0,0.0,2.21312,-9.68825,1.07002,0.00039,0.87186
8328.29,SYN.BTC-31JAN20,1579949941017,open,0.12,57.4,0.09,0.1405,0.11339174,58.2,0.115,0.0,BTC-31JAN20-9250-P,8313.62,0.0,0.026,2.0,0.0,0.0,0.0,1.61646,-8.00552,-1.3813,0.00025,-0.91691
8346.31,SYN.BTC-7FEB20,1579949941016,open,0.0,50.8,0.0005,0.0175,0.00501682,61.1,0.0045,0.0,BTC-7FEB20-9750-C,8313.62,59.46,0.0045,14.5,0.0055,20.0,62.56,2.69615,-6.39715,0.27165,0.00018,0.09728
8328.29,SYN.BTC-31JAN20,1579949941020,open,0.04,506.4,0.0185,0.065,0.03665386,48.9,0.034,0.0,BTC-31JAN20-8500-P,8313.62,43.39,0.034,2.0,0.037,4.0,49.62,4.03257,-16.78205,-0.87647,0.00074,-0.6171
8783.69,SYN.BTC-25SEP20,1579949941019,open,0.07,198.1,0.044,0.109,0.07103394,70.53,0.068,0.0,BTC-25SEP20-6000-P,8313.62,67.36,0.0645,18.8,0.0685,0.9,69.31,18.25249,-2.63952,-14.21775,5e-05,-0.17122
8346.31,SYN.BTC-7FEB20,1579949941017,open,0.0,49.0,0.0005,0.011,0.00108738,68.18,0.001,0.0,BTC-7FEB20-6500-P,8313.62,60.69,0.0005,1.0,0.0015,5.0,71.98,0.81893,-2.16828,-0.06762,5e-05,-0.02188
8346.31,SYN.BTC-7FEB20,1579949941016,open,0.0,28.8,0.0005,0.0175,0.00416831,56.23,0.0045,0.0,BTC-7FEB20-7250-P,8313.62,49.71,0.0025,20.0,0.005,20.2,59.01,2.39269,-5.22452,-0.25618,0.00017,-0.08284
8400.35,SYN.BTC-28FEB20,1579949941017,open,0.44,0.0,0.4025,0.4705,0.43373283,70.71,None,0.0,BTC-28FEB20-12000-P,8313.62,0.0,0.0,0.0,0.0,0.0,0.0,3.08168,-3.21634,-10.70363,7e-05,-0.93916
8400.35,SYN.BTC-28FEB20,1579949941016,open,0.07,239.1,0.0485,0.1035,0.07331264,55.04,0.061,0.0,BTC-28FEB20-8500-P,8313.62,53.14,0.071,14.8,0.0745,1.5,56.02,10.20858,-8.29374,-4.42772,0.00028,-0.49461
8783.69,SYN.BTC-25SEP20,1579949941017,open,0.17,114.5,0.131,0.2295,0.17489418,70.53,0.1755,0.0,BTC-25SEP20-8000-P,8313.62,67.01,0.1645,15.5,0.1755,15.5,70.74,25.88096,-3.74268,-29.40974,7e-05,-0.32622
8346.31,SYN.BTC-7FEB20,1579949941016,open,0.13,0.0,0.116,0.159,0.13552018,56.23,None,0.0,BTC-7FEB20-7250-C,8313.62,0.0,0.0,0.0,0.0,0.0,0.0,2.39259,-5.22416,2.30133,0.00017,0.91716
8346.31,SYN.BTC-7FEB20,1579949941017,open,0.29,0.0,0.2635,0.32,0.28971876,71.32,None,0.0,BTC-7FEB20-10750-P,8313.62,0.0,0.0,0.0,0.0,0.0,0.0,1.18815,-3.29046,-3.69657,7e-05,-0.96581
8783.69,SYN.BTC-25SEP20,1579949941017,open,0.32,5.6,0.281,0.367,0.32045102,70.53,0.315,0.0,BTC-25SEP20-7000-C,8313.62,67.26,0.312,0.5,0.0,0.0,0.0,22.70035,-3.28271,25.3488,6e-05,0.75237
8783.69,SYN.BTC-25SEP20,1579949941018,open,0.18,114.0,0.1365,0.2375,0.18203439,71.38,0.1855,0.0,BTC-25SEP20-10000-C,8313.62,69.68,0.1765,16.8,0.1865,16.8,72.76,28.57436,-4.18197,20.28664,8e-05,0.5277
8400.35,SYN.BTC-28FEB20,1579949941016,open,0.5,0.0,0.46,0.5285,0.49180626,72.29,None,0.0,BTC-28FEB20-12500-P,8313.62,0.0,0.0,0.0,0.0,0.0,0.0,2.42932,-2.59218,-11.2792,5e-05,-0.95492
8346.31,SYN.BTC-7FEB20,1579949941016,open,0.0,0.6,0.0005,0.012,0.00220132,68.86,0.0025,0.0,BTC-7FEB20-10500-C,8313.62,64.36,0.0015,20.0,0.003,20.0,73.06,1.4486,-3.8735,0.1219,9e-05,0.0436
8400.35,SYN.BTC-28FEB20,1579949941024,open,0.01,133.5,0.0005,0.017,0.00522214,70.71,0.007,0.0,BTC-28FEB20-12000-C,8313.62,68.67,0.0045,20.0,0.006,20.0,72.75,3.08204,-3.21684,0.43365,7e-05,0.06084
8400.35,SYN.BTC-28FEB20,1579949941017,open,0.32,0.0,0.288,0.354,0.31853662,65.11,None,0.0,BTC-28FEB20-11000-P,8313.62,0.0,0.0,0.0,0.0,0.0,0.0,4.61551,-4.43565,-9.47038,0.00011,-0.89618
8346.31,SYN.BTC-7FEB20,1579949941016,open,0.02,25.6,0.0095,0.049,0.01902743,50.16,0.02,0.0,BTC-7FEB20-8750-C,8313.62,47.14,0.017,16.8,0.0205,16.8,52.33,5.64067,-10.98702,0.9003,0.00046,0.32481
8783.69,SYN.BTC-25SEP20,1579949941018,open,0.05,164.3,0.0225,0.094,0.04886293,80.74,0.047,0.0,BTC-25SEP20-20000-C,8313.62,79.14,0.0455,19.7,0.052,20.2,82.18,18.8139,-3.11418,7.67303,5e-05,0.1796
8328.29,SYN.BTC-31JAN20,1579949941017,open,0.09,156.1,0.062,0.112,0.08516457,53.74,0.083,0.0,BTC-31JAN20-9000-P,8313.62,0.0,0.068,0.1,0.0875,0.1,61.55,2.293,-10.48575,-1.274,0.00038,-0.86511
8400.35,SYN.BTC-28FEB20,1579949941017,open,0.03,239.0,0.012,0.0505,0.02754821,58.58,0.027,0.0,BTC-28FEB20-9500-C,8313.62,57.05,0.026,18.0,0.029,18.0,60.0,8.52724,-7.37292,1.92317,0.00022,0.27422
8400.35,SYN.BTC-28FEB20,1579949941017,open,0.01,452.1,0.0005,0.024,0.00906848,65.11,0.0085,0.0,BTC-28FEB20-11000-C,8313.62,63.11,0.008,20.0,0.01,20.3,66.77,4.61575,-4.43601,0.73878,0.00011,0.10383
8346.31,SYN.BTC-7FEB20,1579949941016,open,0.03,51.4,0.019,0.0655,0.03059377,48.44,0.0295,0.0,BTC-7FEB20-8250-P,8313.62,46.95,0.0295,2.0,0.0315,17.6,49.66,6.16083,-11.5878,-1.35992,0.00052,-0.4313
8346.31,SYN.BTC-7FEB20,1579949941016,open,0.2,0.0,0.176,0.232,0.20205029,64.37,None,0.0,BTC-7FEB20-10000-P,8313.62,0.0,0.0,0.0,0.0,0.0,0.0,2.23423,-5.5847,-3.31631,0.00014,-0.92432
8783.69,SYN.BTC-25SEP20,1579949941020,open,0.03,28.4,0.0135,0.074,0.03435005,83.85,0.0415,0.0,BTC-25SEP20-24000-C,8313.62,82.18,0.0315,20.0,0.037,20.0,85.36,15.23392,-2.61902,5.64647,4e-05,0.13056
8328.29,SYN.BTC-31JAN20,1579949941018,open,0.34,27.7,0.3265,0.3525,0.33959989,0.0,0.394,0.0,BTC-31JAN20-5500-C,8313.62,0.0,0.0,0.0,0.0,0.0,0.0,0.0,0.0,0.88538,0.0,1.0
8783.69,SYN.BTC-25SEP20,1579949941018,open,0.04,303.7,0.0195,0.064,0.03686046,70.53,0.0355,0.0,BTC-25SEP20-5000-P,8313.62,68.2,0.0335,20.0,0.0385,20.0,71.65,12.85964,-1.85965,-8.19845,4e-05,-0.10283
8400.35,SYN.BTC-28FEB20,1579949941017,open,0.0,300.0,0.0005,0.011,0.00122595,81.1,0.0015,0.0,BTC-28FEB20-5000-P,8313.62,78.75,0.001,20.0,0.0015,1.1,83.6,0.86203,-1.03191,-0.11164,2e-05,-0.01309
8400.35,SYN.BTC-28FEB20,1579949941019,open,0.11,117.6,0.085,0.146,0.11309103,57.16,0.11,0.0,BTC-28FEB20-9000-P,8313.62,0.0,0.048,0.1,0.0,0.0,0.0,9.7338,-8.21165,-5.72566,0.00026,-0.62131
8400.35,SYN.BTC-28FEB20,1579949941021,open,0.05,325.6,0.0245,0.0705,0.04413855,55.04,0.0455,0.0,BTC-28FEB20-8000-P,8313.62,53.15,0.042,17.2,0.0435,0.1,54.48,9.51615,-7.73139,-3.10258,0.00026,-0.35381
8328.29,SYN.BTC-31JAN20,1579949941017,open,0.0,1140.0,0.0005,0.0105,0.00071313,69.06,0.0005,0.0,BTC-31JAN20-7000-P,8313.62,65.4,0.0005,11.3,0.001,70.6,73.02,0.54049,-3.17617,-0.02956,7e-05,-0.02134
8328.29,SYN.BTC-31JAN20,1579949941021,open,0.0,107.5,0.0005,0.0105,0.00039399,85.73,0.001,0.0,BTC-31JAN20-10750-C,8313.62,0.0,0.0,0.0,0.0005,2.0,88.4,0.30475,-2.22335,0.01415,3e-05,0.01095
8328.29,SYN.BTC-31JAN20,1579949941020,open,0.0,175.0,0.0005,0.011,0.00145875,69.98,0.001,0.0,BTC-31JAN20-9750-C,8313.62,65.47,0.001,20.0,0.002,30.5,74.33,0.94283,-5.61463,0.05402,0.00012,0.04175
8328.29,SYN.BTC-31JAN20,1579949941016,open,0.29,0.0,0.2655,0.32,0.29117606,85.76,None,0.0,BTC-31JAN20-10750-P,8313.62,0.0,0.0,0.0,0.0,0.0,0.0,0.30534,-2.22844,-1.71633,3e-05,-0.98903
8400.35,SYN.BTC-28FEB20,1579949941017,open,0.4,0.5,0.393,0.4205,0.40601316,81.11,0.459,0.0,BTC-28FEB20-5000-C,8313.62,0.0,0.4045,0.1,0.0,0.0,0.0,0.86224,-1.03222,4.52883,2e-05,0.9869
8783.69,SYN.BTC-25SEP20,1579949941022,open,0.5,3.5,0.4385,0.571,0.49837207,73.67,0.4955,0.0,BTC-25SEP20-12000-P,8313.62,0.0,0.0,0.0,0.5055,1.0,75.9,27.9766,-4.22552,-63.63521,7e-05,-0.58592
8783.69,SYN.BTC-25SEP20,1579949941024,open,0.32,36.6,0.2665,0.386,0.32050887,71.38,0.32,0.0,BTC-25SEP20-10000-P,8313.62,0.0,0.0,0.0,0.4005,0.1,96.22,28.57435,-4.182,-46.52863,8e-05,-0.4723
8783.69,SYN.BTC-25SEP20,1579949941017,open,0.56,0.1,0.5435,0.582,0.56030435,71.38,0.567,0.0,BTC-25SEP20-4000-C,8313.62,0.0,0.0,0.0,0.0,0.0,0.0,7.46558,-1.09255,22.84048,2e-05,0.94949
8783.69,SYN.BTC-25SEP20,1579949941020,open,0.16,144.0,0.11,0.2115,0.15484049,72.67,0.159,0.0,BTC-25SEP20-11000-C,8313.62,71.18,0.15,17.3,0.1585,17.3,73.79,28.54778,-4.2532,18.34393,8e-05,0.4674
8400.35,SYN.BTC-28FEB20,1579949941018,open,0.38,0.0,0.345,0.412,0.37576845,67.91,None,0.0,BTC-28FEB20-11500-P,8313.62,0.0,0.0,0.0,0.0,0.0,0.0,3.75291,-3.76142,-10.11346,8e-05,-0.92143
8400.35,SYN.BTC-28FEB20,1579949941016,open,0.21,0.2,0.179,0.244,0.20907872,60.67,0.1555,0.0,BTC-28FEB20-10000-P,8313.62,0.0,0.0,0.0,0.0,0.0,0.0,7.10983,-6.36661,-7.88689,0.00018,-0.80253
8328.29,SYN.BTC-31JAN20,1579949941017,open,0.13,0.4,0.112,0.1505,0.13078303,63.54,0.1575,0.0,BTC-31JAN20-7250-C,8313.62,0.0,0.004,0.1,0.0,0.0,0.0,0.89558,-4.84267,1.11279,0.00013,0.96081
8400.35,SYN.BTC-28FEB20,1579949941021,open,0.13,84.8,0.107,0.1575,0.13124543,55.64,0.143,0.0,BTC-28FEB20-7500-C,8313.62,0.0,0.0005,0.5,0.0,0.0,0.0,7.68561,-6.31131,5.01475,0.00021,0.77446
8328.29,SYN.BTC-31JAN20,1579949941021,open,0.0,163.2,0.0005,0.0105,0.00045189,73.14,0.0005,0.0,BTC-31JAN20-10250-C,8313.62,0.0,0.0,0.0,0.001,10.3,82.12,0.38246,-2.38049,0.01847,5e-05,0.01423
8783.69,SYN.BTC-25SEP20,1579949941018,open,0.02,67.9,0.006,0.0325,0.01569414,71.38,0.018,0.0,BTC-25SEP20-4000-P,8313.62,66.77,0.012,20.0,0.017,0.1,72.89,7.46569,-1.09258,-3.88571,2e-05,-0.05051
8346.31,SYN.BTC-7FEB20,1579949941016,open,0.05,15.0,0.0315,0.0835,0.04701265,49.05,0.05,0.0,BTC-7FEB20-8500-P,8313.62,0.0,0.0,0.0,0.0555,1.0,60.47,6.18198,-11.77612,-1.78837,0.00051,-0.5604
8400.35,SYN.BTC-28FEB20,1579949941017,open,0.35,4.1,0.333,0.3655,0.34799319,77.36,0.3945,0.0,BTC-28FEB20-5500-C,8313.62,0.0,0.0,0.0,0.0,0.0,0.0,1.63205,-1.86348,4.86694,3e-05,0.97225
8328.29,SYN.BTC-31JAN20,1579949941018,open,0.01,1057.1,0.0005,0.0305,0.00909708,47.96,0.009,0.0,BTC-31JAN20-8000-P,8313.62,46.45,0.0085,2.0,0.01,22.6,50.2,3.31942,-13.5472,-0.34022,0.00062,-0.24467
8328.29,SYN.BTC-31JAN20,1579949941018,open,0.0,1235.7,0.0005,0.0185,0.00450982,53.74,0.0045,0.0,BTC-31JAN20-9000-C,8313.62,49.88,0.0035,21.9,0.0055,21.9,57.19,2.29281,-10.48423,0.17478,0.00038,0.13488
8346.31,SYN.BTC-7FEB20,1579949941016,open,0.06,6.5,0.044,0.094,0.06008673,48.48,0.059,0.0,BTC-7FEB20-8000-C,8313.62,24.82,0.046,0.1,0.0,0.0,0.0,5.48857,-10.33327,1.8702,0.00046,0.6953
8783.69,SYN.BTC-25SEP20,1579949941017,open,0.08,138.3,0.0425,0.13,0.07790553,78.08,0.076,0.0,BTC-25SEP20-16000-C,8313.62,77.18,0.0755,2.0,0.08,18.9,78.86,23.6275,-3.78232,11.12483,6e-05,0.26746
8783.69,SYN.BTC-25SEP20,1579949941023,open,1.11,0.2,1.0435,1.192,1.10985399,79.26,1.02,0.0,BTC-25SEP20-18000-P,8313.62,0.0,0.0,0.0,1.17,0.5,101.5,21.07424,-3.42475,-111.10689,5e-05,-0.78331
8328.29,SYN.BTC-31JAN20,1579949941020,open,0.0,602.5,0.0005,0.0115,0.00175212,62.84,0.0015,0.0,BTC-31JAN20-9500-C,8313.62,60.94,0.0015,20.0,0.002,7.9,64.57,1.15132,-6.15666,0.06948,0.00016,0.05358
8328.29,SYN.BTC-31JAN20,1579949941018,open,0.0,427.6,0.0005,0.022,0.00429774,51.45,0.004,0.0,BTC-31JAN20-7750-P,8313.62,48.33,0.0035,22.5,0.005,21.0,54.01,2.21328,-9.68952,-0.17758,0.00039,-0.12815
8400.35,SYN.BTC-28FEB20,1579949941017,open,0.01,505.8,0.0005,0.019,0.0071295,63.09,0.0065,0.0,BTC-28FEB20-6500-P,8313.62,61.62,0.0065,20.0,0.008,40.0,65.03,3.67017,-3.41777,-0.65041,9e-05,-0.07629
159.73,SYN.ETH-7FEB20,1579949941916,open,0.02,386.0,0.006,0.046,0.021651,63.11,0.018,0.0,ETH-7FEB20-150-P,159.08,58.86,0.019,282.0,0.023,150.0,65.25,0.1006,-0.24655,-0.01687,0.01771,-0.27779
159.73,SYN.ETH-7FEB20,1579949941916,open,0.08,20.0,0.051,0.113,0.082562,63.11,0.109,0.0,ETH-7FEB20-150-C,159.08,14.39,0.061,1.0,0.0,0.0,0.0,0.1006,-0.24655,0.03604,0.01771,0.72221
159.73,SYN.ETH-7FEB20,1579949941916,open,0.01,29.0,0.001,0.026,0.009312,67.9,0.008,0.0,ETH-7FEB20-140-P,159.08,52.92,0.004,300.0,0.011,310.0,71.9,0.06553,-0.1728,-0.0082,0.01072,-0.13621
159.73,SYN.ETH-7FEB20,1579949941916,open,0.0,57.0,0.001,0.016,0.004333,76.2,0.003,0.0,ETH-7FEB20-130-P,159.08,70.11,0.003,300.0,0.006,399.0,82.61,0.03824,-0.11315,-0.00393,0.00558,-0.06544
159.73,SYN.ETH-7FEB20,1579949941916,open,0.13,0.0,0.102,0.162,0.132829,67.9,None,0.0,ETH-7FEB20-140-C,159.08,0.0,0.123,1.0,0.0,0.0,0.0,0.06553,-0.1728,0.04119,0.01072,0.86379
159.73,SYN.ETH-7FEB20,1579949941916,open,0.01,108.0,0.001,0.023,0.007378,73.19,0.009,0.0,ETH-7FEB20-190-C,159.08,66.16,0.005,310.0,0.009,400.0,77.42,0.0587,-0.16683,0.00614,0.00891,0.1163
159.73,SYN.ETH-7FEB20,1579949941919,open,0.14,0.0,0.102,0.18,0.140367,69.4,None,0.0,ETH-7FEB20-180-P,159.08,0.0,0.0,0.0,0.23,1.0,200.36,0.08329,-0.22446,-0.05314,0.01334,-0.80275
159.73,SYN.ETH-7FEB20,1579949941919,open,0.05,42.0,0.021,0.08,0.048114,63.06,0.054,0.0,ETH-7FEB20-160-P,159.08,53.56,0.041,253.0,0.052,253.0,68.25,0.11956,-0.29278,-0.02987,0.02107,-0.48209
159.73,SYN.ETH-7FEB20,1579949941919,open,0.09,0.0,0.054,0.127,0.089575,66.16,None,0.0,ETH-7FEB20-170-P,159.08,59.34,0.085,2.0,0.151,1.0,150.57,0.10867,-0.27921,-0.04279,0.01825,-0.6698
159.73,SYN.ETH-7FEB20,1579949941919,open,0.32,0.0,0.277,0.361,0.316933,79.26,None,0.0,ETH-7FEB20-210-P,159.08,0.0,0.0,0.0,0.592,1.0,500.0,0.02527,-0.07777,-0.07201,0.00354,-0.96111
159.73,SYN.ETH-7FEB20,1579949941919,open,0.0,200.0,0.001,0.016,0.004379,77.81,0.005,0.0,ETH-7FEB20-200-C,159.08,71.88,0.003,300.0,0.006,351.0,83.64,0.0409,-0.12358,0.00378,0.00584,0.0714
159.73,SYN.ETH-7FEB20,1579949941919,open,0.0,350.0,0.001,0.012,0.002208,79.26,0.003,0.0,ETH-7FEB20-210-C,159.08,69.74,0.001,31.0,0.004,21.0,88.68,0.02527,-0.07777,0.00207,0.00354,0.03889
159.73,SYN.ETH-7FEB20,1579949941919,open,0.2,0.0,0.158,0.239,0.19689,73.19,None,0.0,ETH-7FEB20-190-P,159.08,0.0,0.0,0.0,0.312,1.0,250.82,0.0587,-0.16683,-0.06089,0.00891,-0.8837
165.87,ETH-26JUN20,1579949941976,open,0.02,287.0,0.005,0.044,0.017888,105.46,0.02,0.0,ETH-26JUN20-560-C,159.08,102.14,0.015,300.0,0.021,310.0,108.72,0.15154,-0.05227,0.03949,0.00125,0.07473
165.87,ETH-26JUN20,1579949941976,open,0.03,793.0,0.009,0.063,0.029459,100.17,0.035,0.0,ETH-26JUN20-440-C,159.08,97.39,0.026,300.0,0.033,300.0,102.85,0.21328,-0.06987,0.0621,0.00185,0.11885
165.87,ETH-26JUN20,1579949941976,open,0.23,517.0,0.175,0.277,0.226779,83.26,0.236,0.0,ETH-26JUN20-160-C,159.08,0.0,0.0,0.0,0.465,10.0,187.14,0.40471,-0.1102,0.28129,0.00422,0.63167
162.2,ETH-27MAR20,1579949941978,open,0.03,4482.0,0.01,0.056,0.028668,85.8,0.028,0.0,ETH-27MAR20-240-C,159.08,83.25,0.026,295.0,0.031,295.0,87.96,0.1725,-0.1196,0.04039,0.00451,0.17556
160.79,SYN.ETH-28FEB20,1579949941978,open,0.01,894.0,0.001,0.024,0.00902,86.64,0.009,0.0,ETH-28FEB20-240-C,159.08,82.01,0.007,300.0,0.011,360.0,90.68,0.07482,-0.09568,0.01103,0.0036,0.08293
160.79,SYN.ETH-28FEB20,1579949941978,open,0.03,4206.0,0.008,0.05,0.025587,77.96,0.026,0.0,ETH-28FEB20-200-C,159.08,72.6,0.021,291.0,0.028,291.0,80.66,0.14189,-0.16328,0.02779,0.00759,0.21184
160.79,SYN.ETH-28FEB20,1579949941978,open,0.01,630.0,0.001,0.025,0.010404,77.3,0.013,0.0,ETH-28FEB20-120-P,159.08,74.29,0.009,300.0,0.012,50.0,80.51,0.07748,-0.0884,-0.01452,0.00418,-0.08687
160.79,SYN.ETH-28FEB20,1579949941978,open,0.05,318.0,0.027,0.086,0.05423,71.28,0.046,0.0,ETH-28FEB20-150-P,159.08,67.45,0.05,270.0,0.058,270.0,74.67,0.17828,-0.18756,-0.05796,0.01042,-0.33417
159.38,SYN.ETH-31JAN20,1579949941978,open,0.0,1245.0,0.001,0.011,1e-06,73.01,0.001,0.0,ETH-31JAN20-110-P,159.08,0.0,0.0,0.0,0.001,24.0,140.31,2e-05,-9e-05,0.0,1e-05,-3e-05
159.38,SYN.ETH-31JAN20,1579949941978,open,0.03,1771.0,0.012,0.069,0.033812,62.75,0.034,0.0,ETH-31JAN20-160-P,159.08,51.27,0.028,255.0,0.041,255.0,76.95,0.08067,-0.43076,-0.01379,0.03144,-0.50369
162.2,ETH-27MAR20,1579949941983,open,0.12,5704.0,0.078,0.164,0.119283,77.53,0.12,0.0,ETH-27MAR20-160-P,159.08,74.25,0.114,247.0,0.125,747.0,81.08,0.26102,-0.16353,-0.14823,0.00755,-0.41981
162.2,ETH-27MAR20,1579949941983,open,0.51,20.0,0.493,0.53,0.511125,97.37,0.613,0.0,ETH-27MAR20-80-C,159.08,0.0,0.506,1.0,0.0,0.0,0.0,0.03877,-0.0305,0.1276,0.00089,0.9752
162.2,ETH-27MAR20,1579949941983,open,0.01,2343.0,0.001,0.027,0.009881,96.64,0.012,0.0,ETH-27MAR20-320-C,159.08,82.5,0.004,300.0,0.012,322.0,100.45,0.08536,-0.06665,0.01534,0.00198,0.06567
168.77,SYN.ETH-25SEP20,1579949941983,open,1.46,0.0,1.347,1.569,1.452416,97.37,None,0.0,ETH-25SEP20-400-P,159.08,0.0,0.0,0.0,0.0,0.0,0.0,0.43492,-0.08682,-2.48779,0.00235,-0.7537
159.38,SYN.ETH-31JAN20,1579949941983,open,0.0,7678.0,0.001,0.017,0.003367,68.42,0.003,0.0,ETH-31JAN20-180-C,159.08,60.75,0.002,315.0,0.005,1329.0,75.79,0.03206,-0.18668,0.00215,0.01146,0.08717
165.87,ETH-26JUN20,1579949941987,open,2.16,0.0,2.051,2.275,2.155701,103.71,None,0.0,ETH-26JUN20-520-P,159.08,0.0,0.01,50.0,0.0,0.0,0.0,0.1683,-0.05709,-2.1327,0.00141,-0.91415
162.2,ETH-27MAR20,1579949941989,open,1.97,0.0,1.874,2.06,1.962203,114.51,None,0.0,ETH-27MAR20-480-P,159.08,0.0,0.004,50.0,0.0,0.0,0.0,0.03157,-0.02921,-0.80916,0.00062,-0.98056
162.2,ETH-27MAR20,1579949941989,open,0.0,8174.0,0.001,0.011,0.001443,122.8,0.001,0.0,ETH-27MAR20-600-C,159.08,118.12,0.001,3929.0,0.002,65.0,127.38,0.01747,-0.01733,0.00229,0.00032,0.00979
159.38,SYN.ETH-31JAN20,1579949941989,open,0.25,0.0,0.219,0.295,0.25524,76.34,0.233,0.0,ETH-31JAN20-200-P,159.08,0.0,0.035,1.0,0.42,3.0,489.77,0.00578,-0.03756,-0.03193,0.00185,-0.98916
160.79,SYN.ETH-28FEB20,1579949941993,open,0.16,113.0,0.127,0.194,0.161343,71.3,0.148,0.0,ETH-28FEB20-140-C,159.08,0.0,0.0,0.0,0.0,0.0,0.0,0.14795,-0.1557,0.09115,0.00865,0.77216
165.87,ETH-26JUN20,1579949941995,open,0.11,1062.0,0.062,0.16,0.108582,89.76,0.118,0.0,ETH-26JUN20-240-C,159.08,86.21,0.1,280.0,0.116,280.0,92.79,0.40344,-0.11844,0.17804,0.0039,0.36485
165.87,ETH-26JUN20,1579949941995,open,0.29,679.0,0.236,0.332,0.284811,84.01,0.302,0.0,ETH-26JUN20-140-C,159.08,0.0,0.01,30.0,0.563,10.0,219.73,0.36117,-0.09924,0.30254,0.00373,0.72029
165.87,ETH-26JUN20,1579949941995,open,0.19,3510.0,0.135,0.24,0.187981,85.86,0.202,0.0,ETH-26JUN20-180-C,159.08,81.96,0.178,265.0,0.196,265.0,88.99,0.42461,-0.11923,0.25289,0.00429,0.55199
162.2,ETH-27MAR20,1579949941995,open,0.0,874.0,0.001,0.014,0.004343,97.37,0.006,0.0,ETH-27MAR20-80-P,159.08,91.15,0.003,300.0,0.006,300.0,103.68,0.03877,-0.0305,-0.00801,0.00089,-0.0248
159.38,SYN.ETH-31JAN20,1579949941995,open,0.0,2091.0,0.001,0.011,0.0,76.34,0.001,0.0,ETH-31JAN20-260-C,159.08,0.0,0.0,0.0,0.001,479.0,167.92,0.0,0.0,0.0,0.0,0.0
160.79,SYN.ETH-28FEB20,1579949941995,open,0.06,640.0,0.035,0.097,0.064986,72.77,0.062,0.0,ETH-28FEB20-170-C,159.08,68.62,0.06,264.0,0.068,264.0,75.27,0.1935,-0.20784,0.05658,0.01108,0.44416
8328.74,SYN.BTC-31JAN20,1579949942024,open,0.1,461.2,0.082,0.1225,0.10161235,56.12,0.125,0.0,BTC-31JAN20-7500-C,8313.66,0.0,0.06,0.2,0.1115,5.0,94.6,1.35309,-6.46168,1.11625,0.00022,0.93417
165.87,ETH-26JUN20,1579949942035,open,1.92,0.0,1.819,2.031,1.918144,101.83,None,0.0,ETH-26JUN20-480-P,159.08,0.0,0.01,50.0,0.0,0.0,0.0,0.18808,-0.06264,-1.958,0.0016,-0.90023
162.2,ETH-27MAR20,1579949942036,open,0.0,2448.0,0.001,0.012,0.002474,118.91,0.004,0.0,ETH-27MAR20-520-C,159.08,115.88,0.002,1996.0,0.003,78.0,121.83,0.02729,-0.02622,0.00383,0.00051,0.01639
162.2,ETH-27MAR20,1579949942036,open,1.23,7.0,1.157,1.304,1.225903,100.95,1.702,0.0,ETH-27MAR20-360-P,159.08,0.0,0.01,30.0,0.0,0.0,0.0,0.06172,-0.05035,-0.60006,0.00137,-0.95639
165.87,ETH-26JUN20,1579949942036,open,0.13,1061.0,0.079,0.18,0.128174,88.11,0.14,0.0,ETH-26JUN20-220-C,159.08,85.26,0.121,276.0,0.135,276.0,90.8,0.4189,-0.12071,0.20048,0.00413,0.41675
162.2,ETH-27MAR20,1579949942036,open,0.74,161.0,0.682,0.809,0.741924,90.95,1.397,0.0,ETH-27MAR20-280-P,159.08,0.0,0.002,50.0,0.0,0.0,0.0,0.11883,-0.08734,-0.45095,0.00293,-0.89809
159.38,SYN.ETH-31JAN20,1579949942033,open,0.51,0.0,0.463,0.552,0.505871,76.15,None,0.0,ETH-31JAN20-240-P,159.08,0.0,0.011,3.0,0.0,0.0,0.0,1e-05,-8e-05,-0.03863,0.0,-0.99999
162.2,ETH-27MAR20,1579949942037,open,0.4,1148.0,0.37,0.421,0.395342,87.96,0.346,0.0,ETH-27MAR20-100-C,159.08,0.0,0.383,1.0,0.0,0.0,0.0,0.08437,-0.05997,0.14847,0.00215,0.93531
165.87,ETH-26JUN20,1579949942036,open,0.04,4038.0,0.012,0.072,0.036048,98.17,0.051,0.0,ETH-26JUN20-400-C,159.08,95.32,0.032,300.0,0.04,300.0,100.82,0.24217,-0.07776,0.07417,0.00214,0.14281
159.38,SYN.ETH-31JAN20,1579949942034,open,0.07,1684.0,0.04,0.102,0.068851,63.01,0.089,0.0,ETH-31JAN20-150-C,159.08,0.0,0.02,5.0,0.11,2.0,157.12,0.05865,-0.31448,0.01844,0.02277,0.78769
162.2,ETH-27MAR20,1579949942037,open,0.4,1200.0,0.342,0.456,0.39701,83.36,0.365,0.0,ETH-27MAR20-220-P,159.08,0.0,0.001,9.0,0.0,0.0,0.0,0.20611,-0.13883,-0.31901,0.00554,-0.76315
159.38,SYN.ETH-31JAN20,1579949942035,open,0.0,903.0,0.001,0.014,0.002872,71.21,0.005,0.0,ETH-31JAN20-140-P,159.08,65.59,0.002,300.0,0.007,300.0,90.64,0.02698,-0.1635,-0.00186,0.00927,-0.06944
162.2,ETH-27MAR20,1579949942038,open,0.09,4041.0,0.052,0.128,0.089312,79.64,0.085,0.0,ETH-27MAR20-180-C,159.08,76.37,0.084,268.0,0.095,268.0,83.14,0.2633,-0.16946,0.09614,0.00741,0.43897
165.87,ETH-26JUN20,1579949942038,open,0.46,0.0,0.382,0.53,0.454434,88.07,None,0.0,ETH-26JUN20-220-P,159.08,0.0,0.001,10.0,0.0,0.0,0.0,0.41887,-0.12066,-0.72098,0.00413,-0.58336
162.2,ETH-27MAR20,1579949942038,open,0.2,667.0,0.16,0.237,0.199692,78.21,0.187,0.0,ETH-27MAR20-140-C,159.08,37.61,0.15,30.0,0.499,1.0,297.15,0.2201,-0.1391,0.1463,0.00631,0.73175
160.79,SYN.ETH-28FEB20,1579949942036,open,0.44,20.0,0.424,0.461,0.442013,94.64,0.328,0.0,ETH-28FEB20-90-C,159.08,0.0,0.44,1.0,0.0,0.0,0.0,0.01909,-0.02667,0.08095,0.00084,0.98449
160.79,SYN.ETH-28FEB20,1579949942034,open,0.03,1695.0,0.013,0.061,0.033866,75.31,0.031,0.0,ETH-28FEB20-190-C,159.08,71.41,0.03,284.0,0.036,383.0,77.41,0.16195,-0.18001,0.03523,0.00896,0.26996
160.79,SYN.ETH-28FEB20,1579949942038,open,0.01,944.0,0.002,0.029,0.011418,84.43,0.009,0.0,ETH-28FEB20-230-C,159.08,75.39,0.007,300.0,0.013,380.0,87.23,0.08799,-0.10965,0.0137,0.00434,0.10325
165.87,ETH-26JUN20,1579949942040,open,0.01,2398.0,0.003,0.036,0.013313,107.99,0.013,0.0,ETH-26JUN20-640-C,159.08,104.68,0.011,300.0,0.016,20.0,111.43,0.12243,-0.04324,0.03019,0.00098,0.05677
165.87,ETH-26JUN20,1579949942040,open,0.02,341.0,0.004,0.04,0.015422,106.85,0.018,0.0,ETH-26JUN20-600-C,159.08,103.75,0.013,300.0,0.018,60.0,109.85,0.13622,-0.0476,0.03449,0.00111,0.06507
165.87,ETH-26JUN20,1579949942040,open,0.16,2625.0,0.102,0.207,0.154489,86.96,0.158,0.0,ETH-26JUN20-200-C,159.08,83.66,0.146,271.0,0.162,271.0,89.87,0.42769,-0.12164,0.22588,0.00427,0.47962
168.77,SYN.ETH-25SEP20,1579949942038,open,0.12,648.0,0.074,0.163,0.116323,86.01,0.114,0.0,ETH-25SEP20-120-P,159.08,81.5,0.106,278.0,0.128,278.0,91.08,0.38784,-0.06839,-0.35828,0.00237,-0.20139
165.87,ETH-26JUN20,1579949942040,open,1.45,0.0,1.357,1.549,1.44743,98.07,None,0.0,ETH-26JUN20-400-P,159.08,0.0,0.01,50.0,0.0,0.0,0.0,0.24172,-0.07753,-1.60135,0.00214,-0.85758
168.77,SYN.ETH-25SEP20,1579949942038,open,0.41,0.0,0.357,0.452,0.405317,86.01,0.359,0.0,ETH-25SEP20-120-C,159.08,0.0,0.093,3.0,0.0,0.0,0.0,0.38784,-0.06839,0.4435,0.00237,0.79861
159.38,SYN.ETH-31JAN20,1579949942040,open,0.0,2871.0,0.001,0.011,0.000348,76.34,0.001,0.0,ETH-31JAN20-200-C,159.08,0.0,0.0,0.0,0.001,61.0,88.43,0.00578,-0.03756,0.00027,0.00185,0.01084
160.79,SYN.ETH-28FEB20,1579949942040,open,0.27,0.0,0.224,0.318,0.26946,77.96,None,0.0,ETH-28FEB20-200-P,159.08,0.0,0.001,5.0,0.0,0.0,0.0,0.14189,-0.16328,-0.15783,0.00759,-0.78816
168.77,SYN.ETH-25SEP20,1579949942040,open,0.2,428.0,0.141,0.267,0.204225,91.62,0.198,0.0,ETH-25SEP20-220-C,159.08,85.42,0.184,274.0,0.207,274.0,92.47,0.55026,-0.10336,0.34277,0.00316,0.50819
168.77,SYN.ETH-25SEP20,1579949942040,open,0.41,41.0,0.341,0.499,0.418915,91.53,0.399,0.0,ETH-25SEP20-200-P,159.08,0.0,0.0,0.0,0.0,0.0,0.0,0.54444,-0.10217,-0.97025,0.00313,-0.44149
159.38,SYN.ETH-31JAN20,1579949942040,open,0.0,704.0,0.001,0.011,7.2e-05,76.34,0.001,0.0,ETH-31JAN20-210-C,159.08,0.0,0.0,0.0,0.001,215.0,103.94,0.0016,-0.01041,6e-05,0.00051,0.00256
168.77,SYN.ETH-25SEP20,1579949942040,open,0.18,240.0,0.121,0.231,0.174286,85.9,0.172,0.0,ETH-25SEP20-140-P,159.08,81.35,0.162,262.0,0.187,262.0,90.63,0.4549,-0.08012,-0.49934,0.00278,-0.26852
165.87,ETH-26JUN20,1579949942042,open,0.08,894.0,0.039,0.127,0.079014,92.22,0.08,0.0,ETH-26JUN20-280-C,159.08,90.37,0.075,1.0,0.083,288.0,94.04,0.3622,-0.10925,0.14057,0.00341,0.28135
165.87,ETH-26JUN20,1579949942042,open,0.08,2271.0,0.044,0.117,0.078186,84.65,0.079,0.0,ETH-26JUN20-120-P,159.08,81.15,0.072,284.0,0.086,284.0,89.02,0.29465,-0.08158,-0.1888,0.00302,-0.19357
162.2,ETH-27MAR20,1579949942042,open,2.21,0.0,2.113,2.313,2.208393,118.91,None,0.0,ETH-27MAR20-520-P,159.08,0.0,0.006,50.0,0.0,0.0,0.0,0.02729,-0.02622,-0.87769,0.00051,-0.98361
162.2,ETH-27MAR20,1579949942042,open,0.24,112.0,0.205,0.277,0.24148,79.23,0.194,0.0,ETH-27MAR20-130-C,159.08,0.0,0.0,0.0,0.0,0.0,0.0,0.18699,-0.11972,0.15356,0.00529,0.79996
165.87,ETH-26JUN20,1579949942042,open,0.01,1453.0,0.001,0.019,0.008083,97.02,0.011,0.0,ETH-26JUN20-60-P,159.08,91.37,0.006,300.0,0.011,300.0,103.76,0.06607,-0.02097,-0.02409,0.00059,-0.02659
165.87,ETH-26JUN20,1579949942042,open,0.56,4.0,0.48,0.635,0.555411,89.72,0.934,0.0,ETH-26JUN20-240-P,159.08,0.0,0.01,50.0,0.0,0.0,0.0,0.40339,-0.11837,-0.82721,0.0039,-0.63529
168.77,SYN.ETH-25SEP20,1579949942042,open,0.3,21.0,0.234,0.349,0.293083,85.57,0.318,0.0,ETH-25SEP20-160-C,159.08,0.0,0.0,0.0,0.0,0.0,0.0,0.50262,-0.08818,0.41936,0.00309,0.66497
168.77,SYN.ETH-25SEP20,1579949942042,open,0.8,0.0,0.708,0.897,0.799757,92.49,None,0.0,ETH-25SEP20-280-P,159.08,0.0,0.0,0.0,0.0,0.0,0.0,0.52746,-0.10002,-1.59505,0.003,-0.6147
160.79,SYN.ETH-28FEB20,1579949942042,open,0.38,0.0,0.336,0.434,0.382728,81.88,None,0.0,ETH-28FEB20-220-P,159.08,0.0,0.0,0.0,0.0,0.0,0.0,0.10293,-0.12439,-0.18713,0.00524,-0.87125
160.79,SYN.ETH-28FEB20,1579949942042,open,0.02,43.0,0.005,0.041,0.018983,79.73,0.02,0.0,ETH-28FEB20-210-C,159.08,75.64,0.016,296.0,0.021,306.0,82.36,0.12115,-0.14257,0.02165,0.00633,0.16407
168.77,SYN.ETH-25SEP20,1579949942042,open,2.37,0.0,2.243,2.506,2.366302,102.11,None,0.0,ETH-25SEP20-560-P,159.08,0.0,0.0,0.0,0.0,0.0,0.0,0.32726,-0.06851,-3.62249,0.00168,-0.84605
168.77,SYN.ETH-25SEP20,1579949942042,open,0.05,34.0,0.016,0.092,0.046366,104.83,0.049,0.0,ETH-25SEP20-600-C,159.08,101.88,0.041,30.0,0.052,300.0,107.75,0.31655,-0.06803,0.11287,0.00159,0.14645
160.79,SYN.ETH-28FEB20,1579949942042,open,0.05,1365.0,0.021,0.076,0.046301,73.4,0.045,0.0,ETH-28FEB20-180-C,159.08,68.65,0.041,274.0,0.049,326.0,75.79,0.1809,-0.19597,0.0449,0.01027,0.34717
168.77,SYN.ETH-25SEP20,1579949942042,open,0.6,0.0,0.514,0.691,0.600982,91.71,None,0.0,ETH-25SEP20-240-P,159.08,0.0,0.0,0.0,0.0,0.0,0.0,0.5479,-0.10302,-1.28413,0.00314,-0.53776
165.87,ETH-26JUN20,1579949942044,open,0.05,1592.0,0.018,0.088,0.047499,97.45,0.05,0.0,ETH-26JUN20-360-C,159.08,95.96,0.045,200.0,0.05,297.0,98.9,0.28219,-0.08994,0.09241,0.00251,0.18052
162.2,ETH-27MAR20,1579949942044,open,0.07,1878.0,0.033,0.098,0.062824,78.21,0.062,0.0,ETH-27MAR20-140-P,159.08,75.38,0.059,276.0,0.068,276.0,82.01,0.2201,-0.1391,-0.09104,0.00631,-0.26825
159.38,SYN.ETH-31JAN20,1579949942044,open,0.0,4160.0,0.001,0.011,0.0,73.44,0.001,0.0,ETH-31JAN20-100-P,159.08,0.0,0.0,0.0,0.001,26.0,171.82,0.0,0.0,0.0,0.0,0.0
160.79,SYN.ETH-28FEB20,1579949942044,open,0.08,48.0,0.05,0.121,0.083659,71.15,0.075,0.0,ETH-28FEB20-160-P,159.08,62.31,0.073,251.0,0.088,251.0,74.75,0.19375,-0.20345,-0.07932,0.01135,-0.44787
162.2,ETH-27MAR20,1579949942046,open,0.3,2008.0,0.24,0.349,0.293161,81.62,0.272,0.0,ETH-27MAR20-200-P,159.08,0.0,0.001,9.0,0.406,10.0,152.32,0.24018,-0.15841,-0.26637,0.0066,-0.67558
162.2,ETH-27MAR20,1579949942046,open,0.01,1696.0,0.002,0.027,0.011865,87.96,0.01,0.0,ETH-27MAR20-100-P,159.08,84.24,0.01,300.0,0.014,400.0,91.92,0.08437,-0.05997,-0.02105,0.00215,-0.06469
8328.74,SYN.BTC-31JAN20,1579949942046,open,0.1,461.2,0.082,0.1225,0.10161235,56.12,0.125,0.0,BTC-31JAN20-7500-C,8313.66,0.0,0.06,0.2,0.112,5.0,96.11,1.35309,-6.46168,1.11625,0.00022,0.93417
168.77,SYN.ETH-25SEP20,1579949942046,open,0.26,371.0,0.205,0.329,0.268515,91.32,0.27,0.0,ETH-25SEP20-180-C,159.08,0.0,0.0,0.0,0.0,0.0,0.0,0.52817,-0.09889,0.38839,0.00304,0.61293
168.77,SYN.ETH-25SEP20,1579949942046,open,0.06,156.0,0.025,0.111,0.060866,99.49,0.066,0.0,ETH-25SEP20-480-C,159.08,95.36,0.052,297.0,0.071,297.0,103.92,0.37413,-0.07631,0.1454,0.00198,0.1898
162.2,ETH-27MAR20,1579949942048,open,0.29,158.0,0.255,0.321,0.288359,80.79,0.211,0.0,ETH-27MAR20-120-C,159.08,0.0,0.0,0.0,0.0,0.0,0.0,0.14995,-0.09789,0.15668,0.00416,0.85819
162.2,ETH-27MAR20,1579949942048,open,0.02,141.0,0.006,0.038,0.018362,83.82,0.019,0.0,ETH-27MAR20-110-P,159.08,80.39,0.016,300.0,0.021,300.0,87.45,0.11476,-0.07772,-0.03177,0.00307,-0.09716
162.2,ETH-27MAR20,1579949942048,open,0.01,1.0,0.001,0.019,0.007387,92.54,0.008,0.0,ETH-27MAR20-90-P,159.08,88.52,0.006,300.0,0.009,400.0,96.75,0.059,-0.04412,-0.01337,0.00143,-0.04125
168.77,SYN.ETH-25SEP20,1579949942048,open,0.05,307.0,0.018,0.094,0.048274,102.11,0.039,0.0,ETH-25SEP20-560-C,159.08,97.65,0.04,300.0,0.057,300.0,106.44,0.32726,-0.06851,0.11916,0.00168,0.15395
165.87,ETH-26JUN20,1579949942050,open,0.06,602.0,0.026,0.104,0.059617,94.58,0.06,0.0,ETH-26JUN20-320-C,159.08,92.15,0.055,1.0,0.064,293.0,96.83,0.319,-0.09868,0.11239,0.00293,0.22139
162.2,ETH-27MAR20,1579949942050,open,0.0,5093.0,0.001,0.011,0.000987,122.8,0.005,0.0,ETH-27MAR20-640-C,159.08,0.0,0.0,0.0,0.002,200.0,132.48,0.01287,-0.01277,0.00163,0.00023,0.00691
160.79,SYN.ETH-28FEB20,1579949942050,open,0.12,184.0,0.086,0.155,0.121325,71.28,0.142,0.0,ETH-28FEB20-150-C,159.08,0.0,0.001,1.0,0.156,1.0,102.16,0.17828,-0.18756,0.08125,0.01042,0.66583
162.2,ETH-27MAR20,1579949942056,open,0.04,1636.0,0.016,0.072,0.04066,83.36,0.04,0.0,ETH-27MAR20-220-C,159.08,80.44,0.037,288.0,0.044,298.0,85.96,0.20611,-0.13883,0.05394,0.00554,0.23685
162.2,ETH-27MAR20,1579949942066,open,0.51,136.0,0.452,0.57,0.508323,85.8,0.445,0.0,ETH-27MAR20-240-P,159.08,0.0,0.42,10.0,0.0,0.0,0.0,0.1725,-0.1196,-0.36646,0.00451,-0.82444
162.2,ETH-27MAR20,1579949942066,open,0.06,3632.0,0.029,0.096,0.060115,81.62,0.06,0.0,ETH-27MAR20-200-C,159.08,78.13,0.055,279.0,0.064,279.0,84.23,0.24018,-0.15841,0.07267,0.0066,0.32442
165.87,ETH-26JUN20,1579949942066,open,0.28,411.0,0.21,0.338,0.273102,85.83,0.248,0.0,ETH-26JUN20-180-P,159.08,0.0,0.001,10.0,0.315,200.0,102.3,0.42462,-0.1192,-0.50101,0.00429,-0.44806
162.2,ETH-27MAR20,1579949942066,open,0.0,1609.0,0.001,0.015,0.004364,104.67,0.006,0.0,ETH-27MAR20-400-C,159.08,99.22,0.003,300.0,0.006,330.0,109.91,0.0456,-0.03857,0.00708,0.00098,0.03013
159.38,SYN.ETH-31JAN20,1579949942066,open,0.18,133.0,0.16,0.209,0.184683,71.83,0.178,0.0,ETH-31JAN20-130-C,159.08,0.0,0.05,100.0,0.226,2.0,241.53,0.00598,-0.03657,0.02063,0.00204,0.98872
162.2,ETH-27MAR20,1579949942069,open,0.01,1868.0,0.001,0.02,0.006421,100.95,0.008,0.0,ETH-27MAR20-360-C,159.08,96.93,0.005,300.0,0.008,310.0,104.83,0.06172,-0.05035,0.01022,0.00137,0.04361
165.87,ETH-26JUN20,1579949942069,open,0.02,634.0,0.007,0.055,0.024485,101.98,0.03,0.0,ETH-26JUN20-480-C,159.08,99.74,0.022,300.0,0.027,20.0,104.14,0.18878,-0.06297,0.05266,0.00161,0.10028
159.38,SYN.ETH-31JAN20,1579949942069,open,0.19,8.0,0.158,0.233,0.1936,76.32,0.187,0.0,ETH-31JAN20-190-P,159.08,0.0,0.157,1.0,0.214,2.0,155.28,0.01695,-0.11007,-0.02963,0.00543,-0.96135
159.38,SYN.ETH-31JAN20,1579949942069,open,0.03,3042.0,0.009,0.062,0.029898,62.75,0.031,0.0,ETH-31JAN20-160-C,159.08,57.03,0.027,100.0,0.033,240.0,68.88,0.08067,-0.43076,0.01197,0.03144,0.49631
159.38,SYN.ETH-31JAN20,1579949942069,open,0.0,862.0,0.001,0.011,0.0,76.34,0.001,0.0,ETH-31JAN20-240-C,159.08,0.0,0.0,0.0,0.001,580.0,144.55,1e-05,-5e-05,0.0,0.0,1e-05
168.77,SYN.ETH-25SEP20,1579949942069,open,0.25,183.0,0.179,0.305,0.241091,85.57,0.248,0.0,ETH-25SEP20-160-P,159.08,81.85,0.23,234.0,0.255,234.0,90.25,0.50262,-0.08818,-0.64968,0.00309,-0.33503
168.77,SYN.ETH-25SEP20,1579949942069,open,0.14,514.0,0.084,0.202,0.140743,92.49,0.149,0.0,ETH-25SEP20-280-C,159.08,88.06,0.127,282.0,0.15,282.0,95.44,0.52746,-0.10002,0.27578,0.003,0.3853
159.38,SYN.ETH-31JAN20,1579949942071,open,0.12,1253.0,0.096,0.152,0.124448,71.21,0.12,0.0,ETH-31JAN20-140-C,159.08,0.0,0.01,100.0,0.2,1.0,275.84,0.02698,-0.16351,0.02068,0.00927,0.93056
162.2,ETH-27MAR20,1579949942073,open,0.99,10.0,0.919,1.055,0.982754,96.64,1.59,0.0,ETH-27MAR20-320-P,159.08,0.0,0.011,5.0,0.0,0.0,0.0,0.08536,-0.06665,-0.52713,0.00198,-0.93433
165.87,ETH-26JUN20,1579949942073,open,1.22,1.0,1.13,1.315,1.217742,97.37,1.827,0.0,ETH-26JUN20-360-P,159.08,0.0,0.015,2.0,0.0,0.0,0.0,0.28187,-0.08977,-1.41554,0.00251,-0.8198
168.77,SYN.ETH-25SEP20,1579949942073,open,1.68,0.0,1.568,1.8,1.678181,98.78,None,0.0,ETH-25SEP20-440-P,159.08,0.0,0.0,0.0,0.0,0.0,0.0,0.40505,-0.08203,-2.77564,0.00215,-0.7832
168.77,SYN.ETH-25SEP20,1579949942073,open,0.07,46.0,0.031,0.124,0.071159,98.78,0.075,0.0,ETH-25SEP20-440-C,159.08,93.98,0.06,295.0,0.08,295.0,102.38,0.40505,-0.08203,0.16424,0.00215,0.2168
160.79,SYN.ETH-28FEB20,1579949942073,open,0.0,829.0,0.001,0.011,0.001756,94.64,0.004,0.0,ETH-28FEB20-90-P,159.08,0.0,0.0,0.0,0.003,10.0,103.43,0.01909,-0.02667,-0.00258,0.00084,-0.01551
162.2,ETH-27MAR20,1579949942077,open,0.0,275.0,0.001,0.012,0.002172,101.11,0.003,0.0,ETH-27MAR20-70-P,159.08,90.42,0.001,93.0,0.004,300.0,111.97,0.02233,-0.01824,-0.00417,0.0005,-0.01298
168.77,SYN.ETH-25SEP20,1579949942077,open,0.05,8.0,0.021,0.101,0.053692,100.72,0.055,0.0,ETH-25SEP20-520-C,159.08,96.34,0.045,299.0,0.063,299.0,105.06,0.34875,-0.07201,0.13086,0.00182,0.16973
160.79,SYN.ETH-28FEB20,1579949942077,open,0.09,519.0,0.055,0.122,0.088561,71.15,0.099,0.0,ETH-28FEB20-160-C,159.08,63.22,0.079,251.0,0.093,251.0,74.83,0.19375,-0.20345,0.06918,0.01135,0.55213
168.77,SYN.ETH-25SEP20,1579949942077,open,0.33,2.0,0.263,0.409,0.335024,91.32,0.325,0.0,ETH-25SEP20-180-P,159.08,0.0,0.0,0.0,0.0,0.0,0.0,0.52817,-0.09889,-0.81428,0.00304,-0.38707
165.87,ETH-26JUN20,1579949942079,open,0.77,0.0,0.687,0.853,0.766981,92.18,None,0.0,ETH-26JUN20-280-P,159.08,0.0,0.011,3.0,0.0,0.0,0.0,0.36207,-0.10915,-1.03225,0.00341,-0.71885
165.87,ETH-26JUN20,1579949942117,open,0.54,0.0,0.514,0.565,0.538602,91.39,None,0.0,ETH-26JUN20-80-C,159.08,0.0,0.01,50.0,1.48,5.0,500.0,0.13315,-0.0398,0.27665,0.00126,0.93681
162.2,ETH-27MAR20,1579949942117,open,0.04,427.0,0.02,0.073,0.04296,79.23,0.041,0.0,ETH-27MAR20-130-P,159.08,76.65,0.04,288.0,0.047,288.0,82.71,0.18699,-0.11972,-0.06682,0.00529,-0.20004
165.87,ETH-26JUN20,1579949942117,open,0.99,0.0,0.905,1.08,0.988723,94.52,1.06,0.0,ETH-26JUN20-320-P,159.08,0.0,0.015,2.0,0.0,0.0,0.0,0.31878,-0.09855,-1.22799,0.00293,-0.77887
165.87,ETH-26JUN20,1579949942117,open,0.65,3.0,0.631,0.664,0.646376,97.08,0.588,0.0,ETH-26JUN20-60-C,159.08,0.0,0.638,2.0,0.0,0.0,0.0,0.06617,-0.02101,0.22716,0.00059,0.97336
160.79,SYN.ETH-28FEB20,1579949942117,open,0.01,204.0,0.001,0.017,0.006381,83.93,0.006,0.0,ETH-28FEB20-110-P,159.08,79.5,0.005,302.0,0.008,300.0,88.55,0.05326,-0.06597,-0.00893,0.00264,-0.05343
159.38,SYN.ETH-31JAN20,1579949942117,open,0.38,1.0,0.341,0.423,0.380394,76.33,0.739,0.0,ETH-31JAN20-220-P,159.08,0.0,0.011,3.0,0.0,0.0,0.0,0.00037,-0.00242,-0.0354,0.00012,-0.99948
159.38,SYN.ETH-31JAN20,1579949942117,open,0.13,40.0,0.098,0.171,0.13277,68.42,0.149,0.0,ETH-31JAN20-180-P,159.08,0.0,0.012,27.0,0.0,0.0,0.0,0.03206,-0.18668,-0.02683,0.01146,-0.91283
168.77,SYN.ETH-25SEP20,1579949942117,open,1.01,0.0,0.913,1.113,1.00925,93.44,None,0.0,ETH-25SEP20-320-P,159.08,0.0,0.0,0.0,0.0,0.0,0.0,0.4961,-0.09504,-1.90005,0.00279,-0.67568
162.2,ETH-27MAR20,1579949942119,open,0.45,0.0,0.431,0.475,0.452517,92.54,None,0.0,ETH-27MAR20-90-C,159.08,0.0,0.445,1.0,0.0,0.0,0.0,0.059,-0.04412,0.1392,0.00143,0.95875
168.77,SYN.ETH-25SEP20,1579949942119,open,1.91,0.0,1.791,2.032,1.90489,99.49,None,0.0,ETH-25SEP20-480-P,159.08,0.0,0.02,10.0,0.0,0.0,0.0,0.37413,-0.07631,-3.06174,0.00198,-0.8102
168.77,SYN.ETH-25SEP20,1579949942119,open,1.23,0.0,1.126,1.337,1.227121,94.89,None,0.0,ETH-25SEP20-360-P,159.08,0.0,0.0,0.0,0.0,0.0,0.0,0.46277,-0.09003,-2.19799,0.00256,-0.72201
162.2,ETH-27MAR20,1579949942121,open,0.2,1687.0,0.15,0.251,0.199053,79.64,0.213,0.0,ETH-27MAR20-180-P,159.08,64.69,0.175,30.0,0.205,1.0,83.3,0.2633,-0.16946,-0.209,0.00741,-0.56103
162.2,ETH-27MAR20,1579949942123,open,0.0,1873.0,0.001,0.012,0.002894,114.51,0.003,0.0,ETH-27MAR20-480-C,159.08,109.33,0.002,1989.0,0.004,360.0,119.59,0.03157,-0.02921,0.00455,0.00062,0.01944
162.2,ETH-27MAR20,1579949942123,open,0.14,3360.0,0.092,0.173,0.132847,77.53,0.131,0.0,ETH-27MAR20-160-C,159.08,74.52,0.128,254.0,0.14,254.0,81.98,0.26102,-0.16353,0.12301,0.00755,0.58019
162.2,ETH-27MAR20,1579949942123,open,0.0,2393.0,0.001,0.011,0.001815,120.5,0.003,0.0,ETH-27MAR20-560-C,159.08,112.89,0.001,101.0,0.003,435.0,128.02,0.02123,-0.02067,0.00287,0.00039,0.01225
168.77,SYN.ETH-25SEP20,1579949942123,open,0.11,62.0,0.062,0.172,0.113234,93.44,0.146,0.0,ETH-25SEP20-320-C,159.08,89.58,0.102,287.0,0.121,287.0,96.07,0.4961,-0.09504,0.23804,0.00279,0.32432
168.77,SYN.ETH-25SEP20,1579949942123,open,2.14,0.0,2.016,2.268,2.134718,100.72,None,0.0,ETH-25SEP20-520-P,159.08,0.0,0.0,0.0,0.0,0.0,0.0,0.34875,-0.07201,-3.34354,0.00182,-0.83027
159.38,SYN.ETH-31JAN20,1579949942123,open,0.0,790.0,0.001,0.011,0.0,73.72,0.001,0.0,ETH-31JAN20-90-P,159.08,0.0,0.0,0.0,0.001,25.0,206.27,0.0,0.0,0.0,0.0,0.0
160.79,SYN.ETH-28FEB20,1579949942123,open,0.44,0.0,0.394,0.495,0.441871,84.43,None,0.0,ETH-28FEB20-230-P,159.08,0.0,0.0,0.0,0.0,0.0,0.0,0.08799,-0.10965,-0.19976,0.00434,-0.89675
162.2,ETH-27MAR20,1579949942125,open,0.0,1543.0,0.001,0.013,0.00329,108.92,0.004,0.0,ETH-27MAR20-440-C,159.08,102.1,0.002,400.0,0.005,380.0,115.59,0.03597,-0.03166,0.00533,0.00074,0.02269
160.79,SYN.ETH-28FEB20,1579949942125,open,0.03,1297.0,0.013,0.058,0.032054,71.3,0.031,0.0,ETH-28FEB20-140-P,159.08,69.05,0.03,286.0,0.033,3.0,72.33,0.14795,-0.1557,-0.03878,0.00865,-0.22784
159.38,SYN.ETH-31JAN20,1579949942125,open,0.0,1068.0,0.001,0.011,0.000363,71.83,0.001,0.0,ETH-31JAN20-130-P,159.08,0.0,0.0,0.0,0.002,6.0,94.67,0.00598,-0.03657,-0.0003,0.00204,-0.01128
168.77,SYN.ETH-25SEP20,1579949942125,open,0.07,188.0,0.039,0.106,0.069244,86.05,0.116,0.0,ETH-25SEP20-100-P,159.08,81.39,0.061,291.0,0.078,291.0,90.89,0.30194,-0.05327,-0.23211,0.00184,-0.13659
159.38,SYN.ETH-31JAN20,1579949942125,open,0.32,1.0,0.28,0.358,0.317708,76.34,0.273,0.0,ETH-31JAN20-210-P,159.08,0.0,0.0,0.0,0.0,0.0,0.0,0.0016,-0.01041,-0.03374,0.00051,-0.99744
160.79,SYN.ETH-28FEB20,1579949942125,open,0.01,322.0,0.004,0.034,0.014467,81.88,0.02,0.0,ETH-28FEB20-220-C,159.08,72.44,0.009,300.0,0.016,320.0,84.22,0.10293,-0.12439,0.01705,0.00524,0.12875
160.79,SYN.ETH-28FEB20,1579949942125,open,0.5,0.0,0.453,0.556,0.501668,86.64,None,0.0,ETH-28FEB20-240-P,159.08,0.0,0.0,0.0,0.0,0.0,0.0,0.07482,-0.09568,-0.21172,0.0036,-0.91707
168.77,SYN.ETH-25SEP20,1579949942125,open,0.04,318.0,0.017,0.062,0.036341,87.61,0.038,0.0,ETH-25SEP20-80-P,159.08,83.13,0.031,300.0,0.042,300.0,92.13,0.20642,-0.03708,-0.13196,0.00124,-0.08068
160.79,SYN.ETH-28FEB20,1579949942125,open,0.17,31.0,0.123,0.21,0.165786,73.4,0.162,0.0,ETH-28FEB20-180-P,159.08,0.0,0.075,1.0,0.178,1.0,84.09,0.1809,-0.19597,-0.12216,0.01027,-0.65283
162.2,ETH-27MAR20,1579949942127,open,0.03,1677.0,0.011,0.052,0.028187,80.79,0.032,0.0,ETH-27MAR20-120-P,159.08,78.4,0.026,296.0,0.031,346.0,83.79,0.14995,-0.09789,-0.04674,0.00416,-0.14181
168.77,SYN.ETH-25SEP20,1579949942127,open,0.17,7.0,0.118,0.242,0.17897,91.71,0.175,0.0,ETH-25SEP20-240-C,159.08,86.16,0.161,277.0,0.185,277.0,93.57,0.5479,-0.10302,0.31944,0.00314,0.46224
168.77,SYN.ETH-25SEP20,1579949942127,open,0.35,23.0,0.29,0.397,0.344779,85.9,0.327,0.0,ETH-25SEP20-140-C,159.08,0.0,0.035,5.0,0.0,0.0,0.0,0.4549,-0.08012,0.43607,0.00278,0.73148
160.79,SYN.ETH-28FEB20,1579949942127,open,0.22,1.0,0.171,0.262,0.215545,75.31,0.169,0.0,ETH-28FEB20-190-P,159.08,0.0,0.001,5.0,0.0,0.0,0.0,0.16195,-0.18001,-0.14111,0.00896,-0.73004
160.79,SYN.ETH-28FEB20,1579949942127,open,0.56,0.0,0.512,0.618,0.562258,89.28,None,0.0,ETH-28FEB20-250-P,159.08,0.0,0.0,0.0,0.0,0.0,0.0,0.0647,-0.08526,-0.22291,0.00302,-0.93147
160.79,SYN.ETH-28FEB20,1579949942127,open,0.0,1339.0,0.001,0.011,0.000546,95.33,0.002,0.0,ETH-28FEB20-80-P,159.08,0.0,0.0,0.0,0.002,8.0,113.99,0.00759,-0.01068,-0.00089,0.00033,-0.0054
165.87,ETH-26JUN20,1579949942129,open,0.36,266.0,0.292,0.431,0.36018,86.93,0.335,0.0,ETH-26JUN20-200-P,159.08,0.0,0.001,10.0,0.5,10.0,141.63,0.42769,-0.1216,-0.6118,0.00427,-0.52046
165.87,ETH-26JUN20,1579949942129,open,0.04,804.0,0.02,0.07,0.041656,85.99,0.04,0.0,ETH-26JUN20-100-P,159.08,82.27,0.037,297.0,0.047,297.0,90.11,0.21157,-0.0595,-0.11057,0.00214,-0.1175
165.87,ETH-26JUN20,1579949942129,open,0.02,1009.0,0.008,0.04,0.020878,91.36,0.021,0.0,ETH-26JUN20-80-P,159.08,87.66,0.018,302.0,0.024,300.0,95.14,0.13308,-0.03976,-0.05837,0.00126,-0.06314
168.77,SYN.ETH-25SEP20,1579949942129,open,0.66,1.0,0.642,0.682,0.661112,92.14,0.645,0.0,ETH-25SEP20-60-C,159.08,0.0,0.023,20.0,0.0,0.0,0.0,0.11908,-0.02249,0.33696,0.00068,0.95992
168.77,SYN.ETH-25SEP20,1579949942129,open,0.1,232.0,0.047,0.15,0.094103,94.89,0.104,0.0,ETH-25SEP20-360-C,159.08,91.14,0.084,290.0,0.106,290.0,99.16,0.46277,-0.09003,0.20736,0.00256,0.27799
168.77,SYN.ETH-25SEP20,1579949942129,open,0.02,812.0,0.006,0.032,0.016615,92.14,0.028,0.0,ETH-25SEP20-60-P,159.08,86.73,0.013,300.0,0.02,300.0,96.74,0.11908,-0.02249,-0.06393,0.00068,-0.04008
162.2,ETH-27MAR20,1579949942131,open,1.47,5.0,1.396,1.554,1.470455,104.67,2.004,0.0,ETH-27MAR20-400-P,159.08,0.0,0.046,50.0,0.0,0.0,0.0,0.0456,-0.03857,-0.67101,0.00098,-0.96987
159.38,SYN.ETH-31JAN20,1579949942131,open,0.37,4.0,0.354,0.391,0.372554,76.09,0.4,0.0,ETH-31JAN20-100-C,159.08,0.0,0.0,0.0,0.0,0.0,0.0,0.0,0.0,0.0161,0.0,1.0
168.77,SYN.ETH-25SEP20,1579949942131,open,0.56,0.0,0.533,0.592,0.562337,87.61,None,0.0,ETH-25SEP20-80-C,159.08,0.0,0.0,0.0,0.0,0.0,0.0,0.20642,-0.03708,0.40256,0.00124,0.91932
160.79,SYN.ETH-28FEB20,1579949942133,open,0.33,0.0,0.278,0.375,0.325049,79.73,None,0.0,ETH-28FEB20-210-P,159.08,0.0,0.0,0.0,0.0,0.0,0.0,0.12115,-0.14257,-0.17325,0.00633,-0.83593
162.2,ETH-27MAR20,1579949942138,open,2.95,0.0,2.831,3.072,2.946733,122.8,None,0.0,ETH-27MAR20-640-P,159.08,0.0,0.01,50.0,0.0,0.0,0.0,0.01287,-0.01277,-1.08332,0.00023,-0.99309
165.87,ETH-26JUN20,1579949942142,open,0.19,1660.0,0.137,0.248,0.191332,83.23,0.19,0.0,ETH-26JUN20-160-P,159.08,79.82,0.183,239.0,0.2,739.0,86.79,0.40472,-0.11018,-0.38883,0.00422,-0.36835
165.87,ETH-26JUN20,1579949942142,open,0.35,318.0,0.312,0.396,0.354772,84.68,0.379,0.0,ETH-26JUN20-120-C,159.08,0.0,0.211,2.0,0.671,40.0,265.61,0.29467,-0.08161,0.31376,0.00302,0.8064
162.2,ETH-27MAR20,1579949942142,open,0.34,20.0,0.311,0.369,0.340187,83.82,0.272,0.0,ETH-27MAR20-110-C,159.08,0.0,0.0,0.0,0.0,0.0,0.0,0.11476,-0.07772,0.15471,0.00307,0.90284
165.87,ETH-26JUN20,1579949942142,open,0.02,225.0,0.006,0.05,0.020905,103.9,0.025,0.0,ETH-26JUN20-520-C,159.08,100.93,0.018,300.0,0.024,330.0,106.82,0.16913,-0.05747,0.04552,0.00141,0.08643
162.2,ETH-27MAR20,1579949942142,open,0.02,2477.0,0.004,0.037,0.015661,90.95,0.018,0.0,ETH-27MAR20-280-C,159.08,87.15,0.013,300.0,0.018,350.0,94.03,0.11883,-0.08734,0.02372,0.00293,0.10191
162.2,ETH-27MAR20,1579949942142,open,0.57,0.0,0.556,0.586,0.570606,101.11,None,0.0,ETH-27MAR20-70-C,159.08,0.0,0.568,1.0,0.0,0.0,0.0,0.02233,-0.01824,0.1145,0.0005,0.98702
165.87,ETH-26JUN20,1579949942142,open,0.13,1315.0,0.084,0.178,0.128795,83.99,0.11,0.0,ETH-26JUN20-140-P,159.08,79.95,0.12,266.0,0.141,266.0,89.59,0.36117,-0.09921,-0.28379,0.00373,-0.2797
159.38,SYN.ETH-31JAN20,1579949942142,open,0.0,2922.0,0.001,0.011,1.3e-05,76.34,0.001,0.0,ETH-31JAN20-220-C,159.08,0.0,0.0,0.0,0.001,229.0,118.36,0.00037,-0.00207,1e-05,0.00012,0.00052
159.38,SYN.ETH-31JAN20,1579949942142,open,0.31,2.0,0.289,0.33,0.30981,73.06,0.331,0.0,ETH-31JAN20-110-C,159.08,0.0,0.0,0.0,0.0,0.0,0.0,2e-05,-0.00014,0.01771,1e-05,0.99997
168.77,SYN.ETH-25SEP20,1579949942142,open,0.08,226.0,0.039,0.137,0.082396,97.37,0.083,0.0,ETH-25SEP20-400-C,159.08,92.43,0.07,293.0,0.092,293.0,101.03,0.43492,-0.08682,0.18482,0.00235,0.2463
159.38,SYN.ETH-31JAN20,1579949942144,open,0.44,2.0,0.418,0.451,0.435299,90.75,0.473,0.0,ETH-31JAN20-90-C,159.08,0.0,0.0,0.0,0.0,0.0,0.0,0.0,0.0,0.01449,0.0,1.0
160.79,SYN.ETH-28FEB20,1579949942144,open,0.26,60.0,0.236,0.292,0.26408,77.3,0.262,0.0,ETH-28FEB20-120-C,159.08,0.0,0.253,1.0,0.0,0.0,0.0,0.07748,-0.0884,0.09686,0.00418,0.91313
160.79,SYN.ETH-28FEB20,1579949942144,open,0.01,1219.0,0.001,0.021,0.007417,89.28,0.016,0.0,ETH-28FEB20-250-C,159.08,75.49,0.003,300.0,0.009,390.0,93.01,0.0647,-0.08526,0.00912,0.00302,0.06853
159.38,SYN.ETH-31JAN20,1579949942144,open,0.0,1537.0,0.001,0.011,0.001452,76.33,0.002,0.0,ETH-31JAN20-190-C,159.08,71.59,0.001,252.0,0.002,14.0,81.0,0.01695,-0.11007,0.00095,0.00543,0.03866
160.79,SYN.ETH-28FEB20,1579949942144,open,0.0,403.0,0.001,0.013,0.00327,88.25,0.006,0.0,ETH-28FEB20-100-P,159.08,80.96,0.002,300.0,0.008,300.0,106.3,0.03209,-0.0418,-0.00477,0.00152,-0.02866
159.38,SYN.ETH-31JAN20,1579949942144,open,0.25,349.0,0.224,0.269,0.247087,72.45,0.26,0.0,ETH-31JAN20-120-C,159.08,0.0,0.23,1.0,0.272,1.0,240.34,0.0006,-0.00368,0.01929,0.0002,0.99913
160.79,SYN.ETH-28FEB20,1579949942144,open,0.21,28.0,0.179,0.241,0.210337,74.17,0.249,0.0,ETH-28FEB20-130-C,159.08,0.0,0.191,1.0,0.0,0.0,0.0,0.11217,-0.1228,0.09605,0.0063,0.85398
168.77,SYN.ETH-25SEP20,1579949942144,open,0.04,187.0,0.013,0.083,0.040248,104.83,0.041,0.0,ETH-25SEP20-640-C,159.08,99.78,0.032,300.0,0.044,300.0,106.95,0.29161,-0.06267,0.10104,0.00146,0.12985
160.79,SYN.ETH-28FEB20,1579949942144,open,0.02,679.0,0.006,0.039,0.018854,74.17,0.017,0.0,ETH-28FEB20-130-P,159.08,71.47,0.017,298.0,0.021,298.0,77.2,0.11217,-0.1228,-0.0246,0.0063,-0.14602
168.77,SYN.ETH-25SEP20,1579949942144,open,0.22,67.0,0.17,0.296,0.233905,91.53,0.231,0.0,ETH-25SEP20-200-C,159.08,84.14,0.21,271.0,0.235,271.0,91.87,0.54444,-0.10217,0.36605,0.00313,0.55851
159.38,SYN.ETH-31JAN20,1579949942144,open,0.08,1026.0,0.045,0.116,0.077978,66.97,0.091,0.0,ETH-31JAN20-170-P,159.08,0.0,0.001,25.0,0.102,8.0,120.9,0.06239,-0.35557,-0.02158,0.02278,-0.76329
160.79,SYN.ETH-28FEB20,1579949942144,open,0.12,390.0,0.083,0.164,0.122278,72.77,0.14,0.0,ETH-28FEB20-170-P,159.08,15.29,0.06,1.0,0.131,5.0,80.0,0.1935,-0.20784,-0.10119,0.01108,-0.55584
165.87,ETH-26JUN20,1579949942146,open,1.69,0.0,1.587,1.789,1.681979,100.04,None,0.0,ETH-26JUN20-440-P,159.08,0.0,0.01,50.0,0.0,0.0,0.0,0.21271,-0.0696,-1.78099,0.00185,-0.8816
165.87,ETH-26JUN20,1579949942146,open,0.44,1.0,0.405,0.473,0.438811,86.02,0.38,0.0,ETH-26JUN20-100-C,159.08,0.0,0.01,50.0,1.375,5.0,500.0,0.21162,-0.05953,0.30821,0.00213,0.88246
160.79,SYN.ETH-28FEB20,1579949942146,open,0.5,1.0,0.488,0.518,0.502997,95.33,0.522,0.0,ETH-28FEB20-80-C,159.08,0.0,0.502,1.0,0.0,0.0,0.0,0.00759,-0.01068,0.07336,0.00033,0.9946
159.38,SYN.ETH-31JAN20,1579949942146,open,0.0,1600.0,0.001,0.011,2.2e-05,72.45,0.001,0.0,ETH-31JAN20-120-P,159.08,0.0,0.0,0.0,0.001,5.0,111.09,0.0006,-0.00356,-2e-05,0.0002,-0.00087
168.77,SYN.ETH-25SEP20,1579949942146,open,0.48,0.0,0.437,0.515,0.476739,86.05,None,0.0,ETH-25SEP20-100-C,159.08,0.0,0.0,0.0,0.0,0.0,0.0,0.30194,-0.05327,0.43604,0.00184,0.86341
159.38,SYN.ETH-31JAN20,1579949942146,open,0.63,0.0,0.584,0.681,0.63136,0.0,None,0.0,ETH-31JAN20-260-P,159.08,0.0,0.011,3.0,0.0,0.0,0.0,0.0,0.0,-0.04185,0.0,-1.0
168.77,SYN.ETH-25SEP20,1579949942146,open,0.5,0.0,0.425,0.593,0.507736,91.62,None,0.0,ETH-25SEP20-220-P,159.08,0.0,0.0,0.0,0.0,0.0,0.0,0.55026,-0.10336,-1.12716,0.00316,-0.49181
8633.81,BTC-26JUN20,1579949944041,open,0.01,101.6,0.0005,0.0265,0.00796969,93.65,0.0075,0.0,BTC-26JUN20-30000-C,8314.04,91.83,0.007,1.0,0.009,20.0,95.43,4.80314,-1.4711,1.15387,2e-05,0.03988
8633.81,BTC-26JUN20,1579949944041,open,0.16,284.2,0.1185,0.204,0.15747372,68.02,0.1615,0.0,BTC-26JUN20-9000-C,8314.04,66.47,0.1535,16.1,0.1605,16.1,69.2,22.11578,-4.91998,14.19549,0.0001,0.55003
8473.12,BTC-27MAR20,1579949944041,open,0.78,0.0,0.738,0.825,0.77761002,80.01,None,0.0,BTC-27MAR20-15000-P,8314.04,0.0,0.0,0.0,0.0,0.0,0.0,4.06467,-2.6281,-24.69549,4e-05,-0.94167
8633.81,BTC-26JUN20,1579949944041,open,0.68,12.5,0.62,0.737,0.6725141,75.02,0.619,0.0,BTC-26JUN20-14000-P,8314.04,0.0,0.1,2.0,0.69,1.0,83.59,16.79038,-4.11969,-52.31661,7e-05,-0.77423
8473.12,BTC-27MAR20,1579949944042,open,0.33,0.0,0.291,0.372,0.32775662,67.6,None,0.0,BTC-27MAR20-11000-P,8314.04,0.0,0.0,0.0,0.0,0.0,0.0,10.11848,-5.52761,-16.02236,0.00012,-0.78771
8473.12,BTC-27MAR20,1579949944042,open,0.55,0.0,0.51,0.593,0.5476246,73.71,None,0.0,BTC-27MAR20-13000-P,8314.04,0.0,0.0,0.0,0.0,0.0,0.0,6.3029,-3.75422,-20.73497,7e-05,-0.89593
8633.81,BTC-26JUN20,1579949944042,open,1.34,0.1,1.2795,1.4075,1.33677756,83.14,1.85,0.0,BTC-26JUN20-20000-P,8314.04,0.0,0.0005,5.0,1.88,0.1,320.54,9.67379,-2.63064,-80.9521,4e-05,-0.90184
8633.81,BTC-26JUN20,1579949944041,open,0.89,2.1,0.836,0.956,0.88941382,78.11,0.89,0.0,BTC-26JUN20-16000-P,8314.04,0.0,0.0,0.0,2.0,0.1,500.0,13.95872,-3.56611,-62.29866,6e-05,-0.83337
8473.12,BTC-27MAR20,1579949944042,open,2.08,0.0,2.009,2.136,2.06958686,104.47,None,0.0,BTC-27MAR20-26000-P,8314.04,0.0,0.0,0.0,0.0,0.0,0.0,0.79744,-0.67321,-43.97053,1e-05,-0.99161
8473.12,BTC-27MAR20,1579949944042,open,2.55,0.0,2.4715,2.6175,2.541467,113.03,None,0.0,BTC-27MAR20-30000-P,8314.04,0.0,0.0,0.0,0.0,0.0,0.0,0.63617,-0.58103,-50.7758,0.0,-0.99351
8633.81,BTC-26JUN20,1579949944042,open,2.49,0.0,2.409,2.5695,2.48283425,93.92,None,0.0,BTC-26JUN20-30000-P,8314.04,0.0,0.0005,1.0,0.0,0.0,0.0,4.86114,-1.49321,-124.48145,2e-05,-0.95953
8473.12,BTC-27MAR20,1579949944043,open,2.31,0.0,2.2405,2.377,2.30560882,110.01,None,0.0,BTC-27MAR20-28000-P,8314.04,0.0,0.0,0.0,0.0,0.0,0.0,0.75797,-0.67378,-47.36748,1e-05,-0.99208
8473.12,BTC-27MAR20,1579949944043,open,0.67,68.0,0.6235,0.7085,0.66207808,77.08,0.64,0.0,BTC-27MAR20-14000-P,8314.04,0.0,0.58,13.4,0.6795,1.5,99.08,5.05243,-3.14701,-22.76373,5e-05,-0.92272
8400.73,SYN.BTC-28FEB20,1579949944041,open,0.02,709.9,0.0105,0.045,0.02405171,55.63,0.026,0.0,BTC-28FEB20-7500-P,8314.04,53.93,0.0225,19.0,0.0255,19.0,57.21,7.68425,-6.30992,-1.9453,0.00021,-0.22545
8328.75,SYN.BTC-31JAN20,1579949944042,open,0.32,0.0,0.295,0.3495,0.32093233,85.56,None,0.0,BTC-31JAN20-11000-P,8314.04,0.0,0.0005,0.2,0.0,0.0,0.0,0.18138,-1.32058,-1.7629,2e-05,-0.99394
8328.75,SYN.BTC-31JAN20,1579949944042,open,0.35,0.0,0.3245,0.3795,0.35084796,85.42,None,0.0,BTC-31JAN20-11250-P,8314.04,0.0,0.0005,0.2,0.0,0.0,0.0,0.10434,-0.75846,-1.80676,1e-05,-0.99673
8784.08,SYN.BTC-25SEP20,1579949944043,open,0.12,139.1,0.081,0.1645,0.11736476,70.53,0.115,0.0,BTC-25SEP20-7000-P,8314.04,67.1,0.1085,17.3,0.1165,17.4,70.2,22.70015,-3.28266,-21.42037,6e-05,-0.2476
8328.75,SYN.BTC-31JAN20,1579949944042,open,0.01,423.8,0.0005,0.031,0.00847842,50.92,0.0085,0.0,BTC-31JAN20-8750-C,8314.04,48.35,0.0075,2.0,0.009,2.0,52.25,3.22623,-13.97904,0.30002,0.00057,0.23225
8328.75,SYN.BTC-31JAN20,1579949944041,open,0.0,780.2,0.0005,0.0105,0.00020924,85.74,0.0005,0.0,BTC-31JAN20-11000-C,8314.04,0.0,0.0,0.0,0.0005,20.0,95.13,0.18389,-1.3416,0.00798,2e-05,0.00616
8328.75,SYN.BTC-31JAN20,1579949944042,open,0.38,0.0,0.354,0.41,0.38081097,85.16,None,0.0,BTC-31JAN20-11500-P,8314.04,0.0,0.0005,0.3,0.0,0.0,0.0,0.05729,-0.41519,-1.84906,1e-05,-0.99832
8400.73,SYN.BTC-28FEB20,1579949944044,open,0.16,53.2,0.1285,0.193,0.15840763,58.57,0.137,0.0,BTC-28FEB20-9500-P,8314.04,0.0,0.0,0.0,0.0,0.0,0.0,8.52856,-7.37339,-6.89328,0.00022,-0.72572
8328.75,SYN.BTC-31JAN20,1579949944046,open,0.0,385.5,0.0005,0.0105,5.501e-05,85.74,0.001,0.0,BTC-31JAN20-11500-C,8314.04,0.0,0.0,0.0,0.001,35.1,118.44,0.06084,-0.44387,0.00234,1e-05,0.0018
8784.08,SYN.BTC-25SEP20,1579949944042,open,2.22,0.0,2.136,2.3095,2.21371623,86.94,None,0.0,BTC-25SEP20-28000-P,8314.04,0.0,0.0,0.0,0.0,0.0,0.0,12.69177,-2.26226,-182.68933,3e-05,-0.89901
8328.75,SYN.BTC-31JAN20,1579949944043,open,0.15,10.3,0.119,0.1695,0.14237957,62.82,0.1235,0.0,BTC-31JAN20-9500-P,8314.04,0.0,0.0,0.0,0.0,0.0,0.0,1.15147,-6.15518,-1.4598,0.00016,-0.94642
8784.08,SYN.BTC-25SEP20,1579949944044,open,1.77,0.0,1.6945,1.8565,1.76655672,83.85,None,0.0,BTC-25SEP20-24000-P,8314.04,0.0,0.0,0.0,0.0,0.0,0.0,15.23294,-2.61862,-154.7106,4e-05,-0.86946
159.73,SYN.ETH-7FEB20,1579949944916,open,0.01,59.0,0.002,0.033,0.013448,69.38,0.016,0.0,ETH-7FEB20-180-C,159.08,55.7,0.007,290.0,0.016,289.0,74.14,0.08327,-0.22433,0.01035,0.01334,0.19717
159.73,SYN.ETH-7FEB20,1579949944919,open,0.05,35.0,0.02,0.075,0.046411,63.05,0.044,0.0,ETH-7FEB20-160-C,159.08,50.48,0.037,247.0,0.052,246.0,70.52,0.11956,-0.29273,0.02657,0.02107,0.51791
159.73,SYN.ETH-7FEB20,1579949944919,open,0.03,144.0,0.007,0.05,0.02526,66.14,0.036,0.0,ETH-7FEB20-170-C,159.08,53.65,0.017,273.0,0.028,282.0,70.14,0.10866,-0.2791,0.01718,0.01825,0.33014
159.73,SYN.ETH-7FEB20,1579949944919,open,0.19,0.0,0.163,0.218,0.190456,76.2,None,0.0,ETH-7FEB20-130-C,159.08,0.0,0.186,1.0,0.0,0.0,0.0,0.03824,-0.11315,0.04193,0.00558,0.93455
159.73,SYN.ETH-7FEB20,1579949944919,open,0.26,0.0,0.217,0.3,0.256497,77.81,None,0.0,ETH-7FEB20-200-P,159.08,0.0,0.0,0.0,0.395,1.0,300.15,0.0409,-0.12357,-0.06678,0.00584,-0.9286
165.87,ETH-26JUN20,1579949944983,open,2.4,0.0,2.284,2.519,2.394023,105.46,None,0.0,ETH-26JUN20-560-P,159.08,0.0,0.01,50.0,0.0,0.0,0.0,0.15153,-0.05226,-2.306,0.00125,-0.92528
165.87,ETH-26JUN20,1579949944987,open,2.88,0.0,2.75,3.009,2.871754,107.99,None,0.0,ETH-26JUN20-640-P,159.08,0.0,0.01,50.0,0.0,0.0,0.0,0.12242,-0.04324,-2.65038,0.00098,-0.94324
168.76,SYN.ETH-25SEP20,1579949945033,open,2.61,0.0,2.471,2.749,2.601396,104.72,None,0.0,ETH-25SEP20-600-P,159.08,0.0,0.0,0.0,0.0,0.0,0.0,0.31583,-0.06781,-3.89636,0.00158,-0.85403
162.2,ETH-27MAR20,1579949945035,open,1.72,0.0,1.635,1.806,1.71599,108.92,None,0.0,ETH-27MAR20-440-P,159.08,0.0,0.003,50.0,0.0,0.0,0.0,0.03597,-0.03166,-0.74056,0.00074,-0.97731
160.79,SYN.ETH-28FEB20,1579949945035,open,0.32,5.0,0.298,0.347,0.322251,83.93,0.229,0.0,ETH-28FEB20-110-C,159.08,0.0,0.315,1.0,0.0,0.0,0.0,0.05326,-0.06598,0.09317,0.00264,0.94657
159.38,SYN.ETH-31JAN20,1579949945042,open,0.01,924.0,0.001,0.035,0.01002,63.01,0.011,0.0,ETH-31JAN20-150-P,159.08,57.36,0.008,295.0,0.012,343.0,68.27,0.05865,-0.31448,-0.0057,0.02277,-0.21231
8633.72,BTC-26JUN20,1579949945046,open,0.28,140.3,0.2335,0.3385,0.28109547,69.5,0.2755,0.0,BTC-26JUN20-10000-P,8314.01,0.0,0.0,0.0,0.3625,2.4,101.08,22.17598,-5.04062,-29.71068,0.0001,-0.54052
8633.72,BTC-26JUN20,1579949945049,open,0.02,55.2,0.0045,0.041,0.0154633,84.86,0.018,0.0,BTC-26JUN20-22000-C,8314.01,81.48,0.0125,20.0,0.017,20.0,86.47,8.03426,-2.22982,2.20924,3e-05,0.07656
8473.02,BTC-27MAR20,1579949945049,open,0.0,226.0,0.0005,0.0105,0.00093329,103.07,0.001,0.0,BTC-27MAR20-26000-C,8314.01,96.8,0.0005,1.5,0.002,20.0,112.31,0.72691,-0.60543,0.09508,1e-05,0.00755
8473.02,BTC-27MAR20,1579949945049,open,0.0,231.8,0.0005,0.011,0.00144515,101.69,0.0015,0.0,BTC-27MAR20-24000-C,8314.01,97.58,0.001,20.0,0.002,20.0,105.7,1.04086,-0.85533,0.14275,1e-05,0.01138
8473.02,BTC-27MAR20,1579949945050,open,0.0,95.4,0.0005,0.0105,0.0009047,108.4,0.001,0.0,BTC-27MAR20-28000-C,8314.01,102.24,0.0005,11.1,0.0015,20.0,114.48,0.68379,-0.599,0.08822,1e-05,0.00705
8473.02,BTC-27MAR20,1579949945050,open,0.01,488.0,0.0035,0.033,0.01330418,73.64,0.0155,0.0,BTC-27MAR20-13000-C,8314.01,71.83,0.012,20.0,0.014,20.0,74.56,6.28992,-3.74267,1.29953,7e-05,0.10378
8633.72,BTC-26JUN20,1579949945051,open,0.01,357.8,0.0005,0.0315,0.01045884,89.21,0.011,0.0,BTC-26JUN20-26000-C,8314.01,87.01,0.009,20.0,0.012,20.0,91.33,5.99249,-1.74835,1.52092,2e-05,0.05252
8473.02,BTC-27MAR20,1579949945051,open,0.01,95.7,0.0005,0.018,0.00668784,69.82,0.007,0.0,BTC-27MAR20-5500-P,8314.01,68.15,0.006,20.0,0.0075,21.0,71.68,3.58551,-2.02296,-0.81112,4e-05,-0.04978
8784.43,SYN.BTC-25SEP20,1579949945050,open,0.24,61.6,0.1925,0.3025,0.24214039,70.54,0.235,0.0,BTC-25SEP20-9000-P,8314.01,0.0,0.0,0.0,0.246,0.1,71.76,27.79025,-4.01922,-37.85018,8e-05,-0.40274
8329.14,SYN.BTC-31JAN20,1579949945050,open,0.0,565.2,0.0005,0.0105,0.0,70.06,0.0005,0.0,BTC-31JAN20-5000-P,8314.01,0.0,0.0,0.0,0.001,1.0,186.31,0.0,0.0,0.0,0.0,0.0
8329.14,SYN.BTC-31JAN20,1579949945050,open,0.0,323.1,0.0005,0.0145,0.0027234,58.18,0.0035,0.0,BTC-31JAN20-9250-C,8314.01,57.0,0.0025,20.1,0.003,5.0,59.57,1.6184,-8.01195,0.10792,0.00025,0.08321
8329.14,SYN.BTC-31JAN20,1579949945050,open,0.0,756.0,0.0005,0.0105,5.943e-05,69.79,0.0005,0.0,BTC-31JAN20-6500-P,8314.01,89.18,0.0005,0.6,0.001,26.0,98.87,0.07376,-0.43806,-0.00306,1e-05,-0.00222
8329.14,SYN.BTC-31JAN20,1579949945051,open,0.0,1075.4,0.0005,0.0105,0.00092542,73.03,0.001,0.0,BTC-31JAN20-10000-C,8314.01,66.58,0.0005,22.5,0.0015,10.0,79.24,0.65879,-4.09412,0.03497,8e-05,0.027
8329.14,SYN.BTC-31JAN20,1579949945070,open,0.05,761.7,0.0295,0.075,0.04855532,47.88,0.046,0.0,BTC-31JAN20-8000-C,8314.01,0.0,0.0395,1.0,0.0605,5.0,75.57,3.31343,-13.49968,0.9488,0.00062,0.75619
162.2,ETH-27MAR20,1579949945078,open,2.46,0.0,2.353,2.566,2.454343,120.5,None,0.0,ETH-27MAR20-560-P,159.08,0.0,0.02,50.0,0.0,0.0,0.0,0.02123,-0.02067,-0.94646,0.00039,-0.98775
160.79,SYN.ETH-28FEB20,1579949945119,open,0.38,21.0,0.36,0.403,0.381329,88.23,0.267,0.0,ETH-28FEB20-100-C,159.08,0.0,0.378,1.0,0.0,0.0,0.0,0.03207,-0.04176,0.08805,0.00151,0.97136
162.2,ETH-27MAR20,1579949945123,open,2.71,0.0,2.592,2.819,2.70058,122.8,None,0.0,ETH-27MAR20-600-P,159.08,0.0,0.03,50.0,0.0,0.0,0.0,0.01747,-0.01733,-1.01484,0.00032,-0.99021
168.76,SYN.ETH-25SEP20,1579949945125,open,2.84,0.0,2.698,2.985,2.83228,104.7,None,0.0,ETH-25SEP20-640-P,159.08,0.0,0.1,10.0,0.0,0.0,0.0,0.29077,-0.06242,-4.17548,0.00146,-0.87068
159.38,SYN.ETH-31JAN20,1579949945144,open,0.01,2696.0,0.001,0.034,0.011318,66.97,0.012,0.0,ETH-31JAN20-170-C,159.08,63.55,0.01,100.0,0.012,1.0,68.7,0.06239,-0.35553,0.00578,0.02278,0.2367
165.87,ETH-26JUN20,1579949945146,open,2.64,0.0,2.517,2.764,2.632709,106.84,None,0.0,ETH-26JUN20-600-P,159.08,0.0,0.01,50.0,0.0,0.0,0.0,0.1362,-0.0476,-2.47854,0.00111,-0.93494
8347.08,SYN.BTC-7FEB20,1579949945726,open,0.0,28.8,0.0005,0.0175,0.0041553,56.21,0.0045,0.0,BTC-7FEB20-7250-P,8314.01,51.87,0.003,0.1,0.005,20.2,59.04,2.38869,-5.21419,-0.2556,0.00017,-0.08265
8347.08,SYN.BTC-7FEB20,1579949945729,open,0.0,28.8,0.0005,0.0175,0.0041553,56.21,0.0045,0.0,BTC-7FEB20-7250-P,8314.01,51.87,0.003,20.1,0.005,20.2,59.04,2.38869,-5.21419,-0.2556,0.00017,-0.08265
8784.36,SYN.BTC-25SEP20,1579949930018,open,0.18,114.0,0.1365,0.238,0.18205907,71.38,0.1855,0.0,BTC-25SEP20-10000-C,8314.01,69.68,0.1765,16.8,0.1865,16.8,72.75,28.57626,-4.18223,20.28966,8e-05,0.52775
8784.36,SYN.BTC-25SEP20,1579949930046,open,0.1,265.9,0.0595,0.1535,0.09898683,75.66,0.1025,0.0,BTC-25SEP20-14000-C,8314.01,73.79,0.0935,18.4,0.103,18.4,77.01,25.95146,-4.02541,13.46231,7e-05,0.32836
8784.36,SYN.BTC-25SEP20,1579949930020,open,0.16,144.0,0.11,0.2115,0.15486189,72.67,0.159,0.0,BTC-25SEP20-11000-C,8314.01,71.17,0.15,17.3,0.1585,17.3,73.79,28.55021,-4.25353,18.34687,8e-05,0.46745
8784.36,SYN.BTC-25SEP20,1579949930010,open,0.05,164.3,0.0225,0.094,0.04887263,80.74,0.047,0.0,BTC-25SEP20-20000-C,8314.01,79.14,0.0455,19.7,0.052,20.2,82.18,18.81726,-3.11474,7.67477,5e-05,0.17963
8784.43,SYN.BTC-25SEP20,1579949930072,open,0.13,233.1,0.0885,0.1885,0.13221844,73.66,0.14,0.0,BTC-25SEP20-12000-C,8314.01,71.87,0.1265,17.7,0.136,17.7,74.85,27.97938,-4.22561,16.54587,7e-05,0.41411
8784.43,SYN.BTC-25SEP20,1579949930008,open,0.03,28.4,0.0135,0.074,0.03435688,83.85,0.0415,0.0,BTC-25SEP20-24000-C,8314.01,82.17,0.0315,20.0,0.037,20.0,85.35,15.23626,-2.61934,5.64752,4e-05,0.13057
8784.36,SYN.BTC-25SEP20,1579949929991,open,0.03,63.2,0.009,0.062,0.02614923,86.95,0.029,0.0,BTC-25SEP20-28000-C,8314.01,85.43,0.024,5.0,0.0285,20.0,88.54,12.69679,-2.26343,4.39546,3e-05,0.10104
8784.36,SYN.BTC-25SEP20,1579949930054,open,0.06,71.1,0.03,0.109,0.06061405,79.26,0.0645,0.0,BTC-25SEP20-18000-C,8314.01,77.95,0.0575,19.3,0.064,19.3,80.66,21.07774,-3.42531,9.16258,5e-05,0.21672
8784.43,SYN.BTC-25SEP20,1579949929757,open,0.02,67.9,0.006,0.0325,0.01568245,71.38,0.018,0.0,BTC-25SEP20-4000-P,8314.01,66.77,0.012,20.0,0.017,0.1,72.9,7.46407,-1.0923,-3.88445,2e-05,-0.0505
8784.36,SYN.BTC-25SEP20,1579949930071,open,0.08,138.3,0.0425,0.13,0.07792011,78.08,0.076,0.0,BTC-25SEP20-16000-C,8314.01,77.18,0.0755,2.0,0.08,18.9,78.85,23.63104,-3.78289,11.12713,6e-05,0.2675
8784.43,SYN.BTC-25SEP20,1579949929839,open,0.02,57.1,0.006,0.0515,0.01976768,88.83,0.0255,0.0,BTC-25SEP20-32000-C,8314.01,86.87,0.0175,20.0,0.022,25.0,90.64,10.49149,-1.91073,3.42913,2e-05,0.07819
8784.43,SYN.BTC-25SEP20,1579949930006,open,0.12,139.1,0.081,0.1645,0.1173519,70.54,0.115,0.0,BTC-25SEP20-7000-P,8314.01,67.1,0.1085,17.3,0.1165,17.4,70.2,22.70013,-3.28294,-21.42021,6e-05,-0.24758
8784.36,SYN.BTC-25SEP20,1579949930037,open,0.22,106.6,0.1725,0.2715,0.21757447,70.54,0.228,0.0,BTC-25SEP20-9000-C,8314.01,69.25,0.2135,16.3,0.2215,16.3,71.78,27.79035,-4.01883,22.28379,8e-05,0.59724
8784.36,SYN.BTC-25SEP20,1579949929965,open,0.17,114.5,0.131,0.2295,0.17485136,70.53,0.1755,0.0,BTC-25SEP20-8000-P,8314.01,67.02,0.1645,15.5,0.1755,15.5,70.75,25.88143,-3.74266,-29.40674,7e-05,-0.32618
8784.36,SYN.BTC-25SEP20,1579949929947,open,0.07,198.1,0.044,0.109,0.07101315,70.53,0.068,0.0,BTC-25SEP20-6000-P,8314.01,67.37,0.0645,18.8,0.0685,0.9,69.32,18.25148,-2.63932,-14.21555,5e-05,-0.17119
8633.68,BTC-26JUN20,1579949930053,open,0.05,684.5,0.025,0.091,0.05091587,74.99,0.0525,0.0,BTC-26JUN20-14000-C,8314.01,73.47,0.048,19.1,0.0535,19.1,76.31,16.78292,-4.11607,6.31674,7e-05,0.2256
8633.72,BTC-26JUN20,1579949930038,open,0.12,597.8,0.085,0.17,0.12281615,69.49,0.126,0.0,BTC-26JUN20-10000-C,8314.01,68.0,0.119,17.0,0.126,17.0,70.72,22.1758,-5.03984,12.17286,0.0001,0.45945
8633.72,BTC-26JUN20,1579949930052,open,0.04,267.6,0.0155,0.072,0.03615655,78.07,0.0395,0.0,BTC-26JUN20-16000-C,8314.01,77.34,0.035,0.4,0.037,19.7,78.58,13.94651,-3.56088,4.70998,6e-05,0.16641
8633.68,BTC-26JUN20,1579949930057,open,0.08,473.8,0.045,0.1215,0.07707467,72.28,0.0785,0.0,BTC-26JUN20-12000-C,8314.01,70.94,0.074,18.2,0.0795,18.2,73.32,19.96005,-4.71828,8.75474,9e-05,0.31918
8633.68,BTC-26JUN20,1579949929911,open,0.01,76.8,0.0005,0.0285,0.00894338,91.31,0.01,0.0,BTC-26JUN20-28000-C,8314.01,88.82,0.0075,20.0,0.0105,20.0,93.72,5.29469,-1.58116,1.30326,2e-05,0.04498
8784.43,SYN.BTC-25SEP20,1579949929853,open,0.04,303.7,0.0195,0.064,0.03684843,70.54,0.0355,0.0,BTC-25SEP20-5000-P,8314.01,68.21,0.0335,20.0,0.0385,20.0,71.65,12.85892,-1.85964,-8.1976,4e-05,-0.10281
8633.72,BTC-26JUN20,1579949929937,open,0.01,101.6,0.0005,0.0265,0.00797072,93.65,0.0075,0.0,BTC-26JUN20-30000-C,8314.01,91.83,0.007,1.0,0.009,20.0,95.43,4.8036,-1.47129,1.154,2e-05,0.03988
8633.72,BTC-26JUN20,1579949929862,open,0.0,208.9,0.0005,0.0125,0.00268453,82.22,0.0025,0.0,BTC-26JUN20-3000-P,8314.01,78.55,0.002,20.0,0.0035,21.1,85.89,1.76278,-0.47401,-0.53605,1e-05,-0.01214
8633.68,BTC-26JUN20,1579949929950,open,0.04,368.2,0.022,0.0705,0.04148399,68.03,0.0405,0.0,BTC-26JUN20-6000-P,8314.01,66.35,0.039,19.4,0.043,19.5,69.04,12.88892,-2.86766,-6.83799,6e-05,-0.14761
8633.72,BTC-26JUN20,1579949929910,open,0.02,55.2,0.0045,0.041,0.0154613,84.86,0.018,0.0,BTC-26JUN20-22000-C,8314.01,81.48,0.0125,20.0,0.017,20.0,86.47,8.03426,-2.22982,2.20924,3e-05,0.07656
8633.68,BTC-26JUN20,1579949929924,open,0.01,436.6,0.003,0.036,0.01265669,87.21,0.013,0.0,BTC-26JUN20-24000-C,8314.01,85.05,0.011,20.0,0.0145,20.0,89.41,6.92216,-1.97432,1.82369,3e-05,0.06309
8633.68,BTC-26JUN20,1579949929923,open,0.01,361.9,0.0005,0.0245,0.00696755,95.4,0.009,0.0,BTC-26JUN20-32000-C,8314.01,93.37,0.006,1.0,0.008,30.0,97.38,4.30816,-1.34427,1.01036,1e-05,0.03491
8633.68,BTC-26JUN20,1579949929806,open,0.02,380.0,0.008,0.039,0.01918147,70.42,0.017,0.0,BTC-26JUN20-5000-P,8314.01,68.59,0.0175,20.0,0.021,20.0,72.34,8.06007,-1.8565,-3.47374,4e-05,-0.07688
8633.68,BTC-26JUN20,1579949930022,open,0.08,326.4,0.051,0.1195,0.08034029,68.02,0.0805,0.0,BTC-26JUN20-7000-P,8314.01,65.88,0.076,1.0,0.08,17.9,67.86,17.48882,-3.89095,-11.6934,8e-05,-0.24303
8633.68,BTC-26JUN20,1579949929993,open,0.02,1121.4,0.007,0.049,0.02020043,83.05,0.02,0.0,BTC-26JUN20-20000-C,8314.01,80.55,0.0175,20.0,0.021,20.0,83.76,9.64832,-2.62086,2.8064,4e-05,0.09781
8633.72,BTC-26JUN20,1579949929812,open,0.01,357.8,0.0005,0.0315,0.01045836,89.21,0.011,0.0,BTC-26JUN20-26000-C,8314.01,87.01,0.009,20.0,0.012,20.0,91.33,5.99249,-1.74835,1.52092,2e-05,0.05252
8633.68,BTC-26JUN20,1579949930040,open,0.14,227.8,0.096,0.1805,0.13359675,68.02,0.1275,0.0,BTC-26JUN20-8000-P,8314.01,65.68,0.128,15.8,0.1355,16.7,68.82,20.63212,-4.59026,-17.38103,0.0001,-0.34706
8472.95,BTC-27MAR20,1579949929919,open,0.05,1617.9,0.0255,0.079,0.04767628,65.26,0.047,0.0,BTC-27MAR20-10000-C,8314.01,64.45,0.0465,1.5,0.049,15.6,66.16,12.38885,-6.53307,3.8364,0.00016,0.31477
8633.72,BTC-26JUN20,1579949930034,open,0.16,284.2,0.1185,0.204,0.15748528,68.03,0.1615,0.0,BTC-26JUN20-9000-C,8314.01,66.47,0.1535,16.1,0.1605,16.1,69.2,22.11551,-4.9205,14.19494,0.0001,0.55004
8473.02,BTC-27MAR20,1579949929759,open,0.01,488.0,0.0035,0.033,0.01330257,73.64,0.0155,0.0,BTC-27MAR20-13000-C,8314.01,71.83,0.012,20.0,0.014,20.0,74.56,6.28992,-3.74267,1.29953,7e-05,0.10378
8473.02,BTC-27MAR20,1579949929835,open,0.03,160.5,0.013,0.0565,0.02948532,67.56,0.0285,0.0,BTC-27MAR20-11000-C,8314.01,66.31,0.028,19.9,0.031,19.9,68.82,10.11235,-5.52066,2.62276,0.00012,0.21208
8473.05,BTC-27MAR20,1579949929803,open,0.01,1115.6,0.0005,0.027,0.00973008,76.98,0.0115,0.0,BTC-27MAR20-14000-C,8314.01,73.91,0.008,32.0,0.0105,20.0,78.24,5.03526,-3.13207,0.96535,5e-05,0.07694
8473.02,BTC-27MAR20,1579949929740,open,0.0,231.8,0.0005,0.011,0.00144502,101.69,0.0015,0.0,BTC-27MAR20-24000-C,8314.01,97.58,0.001,20.0,0.002,20.0,105.7,1.04086,-0.85533,0.14275,1e-05,0.01138
8472.95,BTC-27MAR20,1579949929886,open,0.02,1707.6,0.007,0.042,0.01911596,70.32,0.0185,0.0,BTC-27MAR20-12000-C,8314.01,68.57,0.0175,21.4,0.02,2.0,71.25,7.95861,-4.52249,1.81101,9e-05,0.1452
8472.95,BTC-27MAR20,1579949929746,open,0.01,1852.8,0.0005,0.019,0.00553498,82.61,0.0055,0.0,BTC-27MAR20-16000-C,8314.01,79.77,0.0045,20.0,0.006,0.5,83.78,3.28662,-2.19393,0.56198,3e-05,0.04466
8472.95,BTC-27MAR20,1579949929734,open,0.0,163.3,0.0005,0.0105,0.00072038,120.26,0.001,0.0,BTC-27MAR20-34000-C,8314.01,116.22,0.0005,1.3,0.001,37.5,124.22,0.52729,-0.51242,0.06513,0.0,0.00526
8473.02,BTC-27MAR20,1579949929739,open,0.0,95.4,0.0005,0.0105,0.00090462,108.4,0.001,0.0,BTC-27MAR20-28000-C,8314.01,102.24,0.0005,11.1,0.0015,20.0,114.48,0.68379,-0.599,0.08822,1e-05,0.00705
8473.02,BTC-27MAR20,1579949929730,open,0.0,268.9,0.0005,0.0105,0.00090354,118.45,0.001,0.0,BTC-27MAR20-32000-C,8314.01,111.89,0.0005,17.1,0.0015,23.0,124.93,0.64144,-0.61399,0.08117,0.0,0.00655
8473.02,BTC-27MAR20,1579949929723,open,0.0,306.9,0.0005,0.0105,0.00072017,124.41,0.001,0.0,BTC-27MAR20-36000-C,8314.01,120.27,0.0005,18.1,0.001,34.8,128.46,0.5146,-0.51733,0.0631,0.0,0.00511
8473.02,BTC-27MAR20,1579949930081,open,0.0,35.9,0.0005,0.0125,0.00267085,80.98,0.0025,0.0,BTC-27MAR20-4500-P,8314.01,77.23,0.002,20.0,0.0035,20.2,84.89,1.65166,-1.08081,-0.31816,2e-05,-0.01948
8401.03,SYN.BTC-28FEB20,1579949929615,open,0.0,300.0,0.0005,0.011,0.00122477,81.1,0.0015,0.0,BTC-28FEB20-5000-P,8314.01,78.76,0.001,20.0,0.0015,1.1,83.61,0.86146,-1.03122,-0.11156,2e-05,-0.01308
8472.95,BTC-27MAR20,1579949930069,open,0.11,57.5,0.0725,0.14,0.10294271,61.76,0.098,0.0,BTC-27MAR20-8500-P,8314.01,60.57,0.101,2.0,0.1045,11.9,62.72,13.82629,-6.90053,-8.00507,0.00018,-0.45438
8472.95,BTC-27MAR20,1579949929810,open,0.01,1305.2,0.0015,0.0265,0.01137826,66.58,0.011,0.0,BTC-27MAR20-6000-P,8314.01,64.29,0.01,20.0,0.0125,20.0,68.35,5.25222,-2.82569,-1.33189,6e-05,-0.08135
8473.02,BTC-27MAR20,1579949930075,open,0.0,729.9,0.0005,0.0125,0.00269184,93.91,0.0035,0.0,BTC-27MAR20-20000-C,8314.01,90.28,0.002,20.0,0.0035,20.0,97.43,1.78088,-1.35147,0.26712,2e-05,0.02129
8472.95,BTC-27MAR20,1579949929753,open,0.0,1431.4,0.0005,0.011,0.00143524,85.69,0.0015,0.0,BTC-27MAR20-4000-P,8314.01,81.47,0.001,20.0,0.002,25.3,90.06,0.97954,-0.67827,-0.1731,1e-05,-0.01062
8401.03,SYN.BTC-28FEB20,1579949929800,open,0.0,188.2,0.0005,0.0135,0.00377914,72.3,0.0035,0.0,BTC-28FEB20-12500-C,8314.01,69.43,0.003,20.0,0.005,20.0,76.18,2.43203,-2.5954,0.3225,5e-05,0.04514
8473.02,BTC-27MAR20,1579949929750,open,0.0,226.0,0.0005,0.0105,0.00093343,103.07,0.001,0.0,BTC-27MAR20-26000-C,8314.01,96.8,0.0005,1.5,0.002,20.0,112.31,0.72691,-0.60543,0.09508,1e-05,0.00755
8472.95,BTC-27MAR20,1579949929747,open,0.01,192.2,0.0005,0.0225,0.00723748,79.87,0.008,0.0,BTC-27MAR20-15000-C,8314.01,77.14,0.006,20.0,0.008,20.0,81.43,4.04292,-2.60944,0.72816,4e-05,0.05793
8329.1,SYN.BTC-31JAN20,1579949929364,open,0.0,797.3,0.0005,0.0105,1.336e-05,85.74,0.0005,0.0,BTC-31JAN20-12000-C,8314.01,0.0,0.0,0.0,0.001,20.0,131.35,0.01807,-0.11129,0.00062,0.0,0.00048
