underlying_price,underlying_index,timestamp,state,settlement_price,open_interest,min_price,max_price,mark_price,mark_iv,last_price,interest_rate,instrument_name,index_price,bid_iv,best_bid_price,best_bid_amount,best_ask_price,best_ask_amount,ask_iv,vega,theta,rho,gamma,delta
272.47,SYN.ETH-21FEB20,1581677940017,open,0.22,0.0,0.145,0.233,0.186825,111.14,None,0.0,ETH-21FEB20-320-P,270.54,0.0,0.0,0.0,0.0,0.0,0.0,0.09249,-0.74752,-0.05249,0.00595,-0.83592
272.47,SYN.ETH-21FEB20,1581677940019,open,0.29,0.0,0.214,0.304,0.256062,122.48,None,0.0,ETH-21FEB20-340-P,270.54,0.0,0.0,0.0,0.0,0.0,0.0,0.06976,-0.6213,-0.05889,0.00407,-0.89122
272.47,SYN.ETH-21FEB20,1581677940019,open,0.01,684.0,0.001,0.029,0.008314,122.84,0.01,0.0,ETH-21FEB20-340-C,270.54,117.53,0.007,300.0,0.01,381.0,129.12,0.07011,-0.62624,0.0052,0.00408,0.10954
272.47,SYN.ETH-21FEB20,1581677940019,open,0.19,0.0,0.112,0.199,0.154082,107.04,None,0.0,ETH-21FEB20-310-P,270.54,0.0,0.0,0.0,0.0,0.0,0.0,0.10791,-0.83997,-0.04843,0.00721,-0.78956
272.47,SYN.ETH-21FEB20,1581677940019,open,0.01,1001.0,0.001,0.032,0.010287,117.84,0.008,0.0,ETH-21FEB20-330-C,270.54,113.4,0.009,300.0,0.012,340.0,123.41,0.08115,-0.69544,0.0064,0.00492,0.1349
272.47,SYN.ETH-21FEB20,1581677940019,open,0.26,0.0,0.179,0.269,0.221337,117.54,None,0.0,ETH-21FEB20-330-P,270.54,0.0,0.0,0.0,0.0,0.0,0.0,0.08087,-0.69121,-0.0558,0.00492,-0.8658
282.3,ETH-27MAR20,1581677940218,open,0.11,7651.0,0.08,0.158,0.119326,85.94,0.105,0.0,ETH-27MAR20-280-C,270.54,83.41,0.116,306.0,0.123,584.0,88.67,0.37576,-0.38556,0.1456,0.00478,0.56893
282.3,ETH-27MAR20,1581677940228,open,0.13,483.0,0.071,0.155,0.111178,85.88,0.131,0.0,ETH-27MAR20-280-P,270.54,83.52,0.108,510.0,0.114,212.0,88.03,0.37576,-0.38532,-0.17562,0.00479,-0.4311
282.3,ETH-27MAR20,1581677940230,open,0.06,4493.0,0.037,0.107,0.070149,87.73,0.06,0.0,ETH-27MAR20-320-C,270.54,85.29,0.067,577.0,0.073,571.0,89.9,0.36749,-0.38494,0.10434,0.00458,0.39233
282.3,ETH-27MAR20,1581677940232,open,0.04,3038.0,0.017,0.074,0.042441,91.07,0.038,0.0,ETH-27MAR20-360-C,270.54,88.83,0.04,366.0,0.045,590.0,93.36,0.31202,-0.33929,0.07145,0.00375,0.26306
282.3,ETH-27MAR20,1581677940234,open,0.01,2995.0,0.003,0.033,0.01285,103.55,0.015,0.0,ETH-27MAR20-480-C,270.54,100.06,0.011,795.0,0.015,789.0,107.29,0.15583,-0.19267,0.02513,0.00165,0.09044
10651.14,BTC-27MAR20,1581677940299,open,0.25,1026.3,0.2385,0.281,0.25822204,66.31,0.249,0.0,BTC-27MAR20-8000-C,10257.18,31.17,0.249,8.0,0.26,0.9,69.62,5.50289,-4.35684,8.05298,6e-05,0.91723
297.59,SYN.ETH-25SEP20,1581677940321,open,1.56,0.0,1.387,1.607,1.491531,98.72,None,0.0,ETH-25SEP20-720-P,270.54,0.0,0.0,0.0,0.0,0.0,0.0,0.69859,-0.15403,-4.13756,0.0013,-0.77523
297.59,SYN.ETH-25SEP20,1581677940321,open,0.07,12.0,0.032,0.124,0.072306,98.8,0.057,0.0,ETH-25SEP20-720-C,270.54,96.94,0.068,295.0,0.077,401.0,100.77,0.69922,-0.15428,0.27894,0.0013,0.22512
297.59,SYN.ETH-25SEP20,1581677940321,open,1.43,0.0,1.262,1.477,1.364556,98.04,None,0.0,ETH-25SEP20-680-P,270.54,0.0,0.0,0.0,0.0,0.0,0.0,0.73166,-0.16021,-3.87002,0.00137,-0.75563
294.58,ETH-26JUN20,1581677940456,open,0.08,1071.0,0.047,0.136,0.088375,90.69,0.083,0.0,ETH-26JUN20-440-C,270.54,88.66,0.084,285.0,0.093,425.0,92.82,0.63799,-0.21772,0.25149,0.00223,0.32289
282.3,ETH-27MAR20,1581677940456,open,0.18,5006.0,0.161,0.235,0.198744,86.61,0.2,0.0,ETH-27MAR20-240-C,270.54,79.19,0.191,265.0,0.205,545.0,92.47,0.29856,-0.30874,0.18115,0.00377,0.75805
294.58,ETH-26JUN20,1581677940456,open,0.47,395.0,0.454,0.512,0.482483,90.08,0.393,0.0,ETH-26JUN20-160-C,270.54,62.6,0.463,24.0,0.503,24.0,110.32,0.26808,-0.09087,0.46754,0.00094,0.91846
294.58,ETH-26JUN20,1581677940456,open,0.04,1691.0,0.019,0.087,0.047821,93.31,0.05,0.0,ETH-26JUN20-560-C,270.54,90.98,0.044,296.0,0.051,140.0,95.2,0.4901,-0.17209,0.15788,0.00166,0.19504
282.3,ETH-27MAR20,1581677940456,open,0.01,10898.0,0.001,0.018,0.005334,113.97,0.005,0.0,ETH-27MAR20-600-C,270.54,108.9,0.004,1760.0,0.007,800.0,119.29,0.08104,-0.11028,0.01097,0.00078,0.03919
274.44,SYN.ETH-28FEB20,1581677940456,open,0.0,930.0,0.001,0.011,1.1e-05,122.52,0.001,0.0,ETH-28FEB20-120-P,270.54,0.0,0.0,0.0,0.001,650.0,188.18,0.00035,-0.00154,-2e-05,1e-05,-0.00017
274.44,SYN.ETH-28FEB20,1581677940470,open,0.25,2317.0,0.25,0.303,0.276236,106.98,0.255,0.0,ETH-28FEB20-200-C,270.54,76.37,0.272,17.0,0.299,17.0,175.46,0.05736,-0.22112,0.07003,0.00187,0.94751
274.44,SYN.ETH-28FEB20,1581677940472,open,0.47,113.0,0.475,0.505,0.490023,125.73,0.233,0.0,ETH-28FEB20-140-C,270.54,0.0,0.483,22.0,0.5,22.0,235.21,0.00349,-0.01582,0.05299,0.0001,0.99794
274.44,SYN.ETH-28FEB20,1581677940476,open,0.13,1914.0,0.113,0.181,0.147813,92.52,0.139,0.0,ETH-28FEB20-240-C,270.54,85.42,0.144,210.0,0.16,232.0,113.6,0.15083,-0.50282,0.0678,0.00569,0.79772
274.44,SYN.ETH-28FEB20,1581677940476,open,0.0,1849.0,0.001,0.011,0.000321,122.5,0.001,0.0,ETH-28FEB20-150-P,270.54,0.0,0.0,0.0,0.001,70.0,141.13,0.0064,-0.02823,-0.00046,0.00018,-0.00404
282.3,ETH-27MAR20,1581677940479,open,0.77,0.0,0.656,0.778,0.713169,103.54,None,0.0,ETH-27MAR20-480-P,270.54,0.0,0.004,50.0,0.0,0.0,0.0,0.15581,-0.19263,-0.52557,0.00165,-0.90958
294.58,ETH-26JUN20,1581677940479,open,1.28,0.0,1.125,1.299,1.206949,95.77,None,0.0,ETH-26JUN20-640-P,270.54,0.0,0.01,50.0,0.0,0.0,0.0,0.40693,-0.14665,-2.21019,0.00135,-0.85403
274.44,SYN.ETH-28FEB20,1581677940486,open,0.29,1764.0,0.287,0.335,0.310663,108.99,0.312,0.0,ETH-28FEB20-190-C,270.54,0.0,0.297,18.0,0.332,18.0,186.26,0.03953,-0.15526,0.06846,0.00127,0.96686
294.58,ETH-26JUN20,1581677940488,open,0.88,0.0,0.747,0.909,0.824633,93.16,None,0.0,ETH-26JUN20-520-P,270.54,0.0,0.01,50.0,0.0,0.0,0.0,0.54321,-0.19041,-1.7072,0.00185,-0.76731
297.59,SYN.ETH-25SEP20,1581677940488,open,1.17,0.0,1.017,1.221,1.114933,96.79,None,0.0,ETH-25SEP20-600-P,270.54,0.0,0.0,0.0,0.0,0.0,0.0,0.80106,-0.17317,-3.32644,0.00152,-0.70746
297.59,SYN.ETH-25SEP20,1581677940490,open,0.56,0.0,0.449,0.619,0.532414,93.48,None,0.0,ETH-25SEP20-400-P,270.54,0.0,0.0,0.0,0.0,0.0,0.0,0.92914,-0.19398,-1.91209,0.00183,-0.51512
294.58,ETH-26JUN20,1581677940492,open,0.75,0.0,0.625,0.782,0.700898,91.65,None,0.0,ETH-26JUN20-480-P,270.54,0.0,0.01,50.0,0.0,0.0,0.0,0.58998,-0.20347,-1.53222,0.00204,-0.72788
282.3,ETH-27MAR20,1581677940492,open,0.71,20.0,0.707,0.726,0.716705,125.0,0.625,0.0,ETH-27MAR20-80-C,270.54,0.0,0.711,30.0,0.721,30.0,201.42,0.00235,-0.00351,0.09152,2e-05,0.99929
294.58,ETH-26JUN20,1581677940500,open,1.01,0.0,0.87,1.035,0.948833,93.31,None,0.0,ETH-26JUN20-560-P,270.54,0.0,0.01,50.0,0.0,0.0,0.0,0.4901,-0.17209,-1.88076,0.00166,-0.80496
294.58,ETH-26JUN20,1581677940502,open,0.41,2716.0,0.395,0.463,0.429127,89.19,0.409,0.0,ETH-26JUN20-180-C,270.54,66.09,0.405,23.0,0.452,23.0,107.18,0.35161,-0.11801,0.48553,0.00125,0.88188
274.44,SYN.ETH-28FEB20,1581677940502,open,0.36,1113.0,0.362,0.402,0.381605,115.44,0.333,0.0,ETH-28FEB20-170-C,270.54,0.0,0.372,19.0,0.394,19.0,190.5,0.01736,-0.0722,0.06321,0.00053,0.98746
282.3,ETH-27MAR20,1581677940505,open,0.0,2324.0,0.001,0.011,9.1e-05,125.0,0.001,0.0,ETH-27MAR20-80-P,270.54,0.0,0.0,0.0,0.001,699.0,161.11,0.00235,-0.00351,-0.00026,2e-05,-0.00071
294.58,ETH-26JUN20,1581677940509,open,0.53,528.0,0.518,0.567,0.541782,94.22,0.546,0.0,ETH-26JUN20-140-C,270.54,62.12,0.527,25.0,0.558,25.0,114.89,0.19941,-0.0707,0.43177,0.00067,0.9444
297.59,SYN.ETH-25SEP20,1581677940519,open,0.02,483.0,0.01,0.044,0.024159,94.91,0.02,0.0,ETH-25SEP20-120-P,270.54,89.99,0.02,20.0,0.023,170.0,93.58,0.2612,-0.05537,-0.14544,0.00051,-0.05552
274.44,SYN.ETH-28FEB20,1581677940519,open,0.66,20.0,0.662,0.682,0.67208,173.09,0.328,0.0,ETH-28FEB20-90-C,270.54,0.0,0.668,28.0,0.679,28.0,339.81,0.00051,-0.00321,0.03418,1e-05,0.99974
274.44,SYN.ETH-28FEB20,1581677940519,open,0.59,46.0,0.587,0.611,0.599211,145.93,0.428,0.0,ETH-28FEB20-110-C,270.54,0.0,0.594,25.0,0.607,25.0,290.46,0.00077,-0.00403,0.04177,2e-05,0.9996
297.59,SYN.ETH-25SEP20,1581677940521,open,0.61,0.0,0.597,0.646,0.620954,94.94,0.359,0.0,ETH-25SEP20-120-C,270.54,82.38,0.611,28.0,0.636,28.0,110.53,0.26133,-0.05541,0.59048,0.00051,0.94445
274.44,SYN.ETH-28FEB20,1581677940525,open,0.01,2740.0,0.001,0.017,0.004948,106.73,0.005,0.0,ETH-28FEB20-200-P,270.54,101.91,0.004,950.0,0.006,340.0,111.54,0.05705,-0.21939,-0.00595,0.00187,-0.05213
297.59,SYN.ETH-25SEP20,1581677940525,open,0.18,168.0,0.121,0.233,0.175347,94.9,0.153,0.0,ETH-25SEP20-240-P,270.54,78.47,0.134,263.0,0.157,263.0,87.6,0.74733,-0.15839,-0.78425,0.00145,-0.2543
294.58,ETH-26JUN20,1581677940528,open,0.32,959.0,0.293,0.38,0.336893,88.78,0.307,0.0,ETH-26JUN20-220-C,270.54,80.65,0.323,252.0,0.339,252.0,89.99,0.5096,-0.17024,0.48788,0.00182,0.79184
274.44,SYN.ETH-28FEB20,1581677940531,open,0.33,1813.0,0.325,0.368,0.346018,113.16,0.34,0.0,ETH-28FEB20-180-C,270.54,0.0,0.335,18.0,0.36,18.0,180.54,0.02764,-0.11271,0.06598,0.00085,0.97841
282.3,ETH-27MAR20,1581677940533,open,0.62,0.0,0.521,0.638,0.57646,98.83,None,0.0,ETH-27MAR20-440-P,270.54,0.0,0.003,50.0,1.071,1.0,500.0,0.19502,-0.23013,-0.47063,0.00216,-0.87665
274.44,SYN.ETH-28FEB20,1581677940533,open,0.01,1132.0,0.001,0.027,0.010032,96.84,0.009,0.0,ETH-28FEB20-220-P,270.54,93.82,0.009,300.0,0.011,340.0,99.56,0.09586,-0.33448,-0.01178,0.00346,-0.10286
297.59,SYN.ETH-25SEP20,1581677940533,open,0.26,255.0,0.187,0.32,0.252404,94.83,0.232,0.0,ETH-25SEP20-280-P,270.54,83.77,0.221,152.0,0.235,228.0,88.68,0.83898,-0.17769,-1.05418,0.00163,-0.32513
294.58,ETH-26JUN20,1581677940535,open,0.36,2284.0,0.341,0.419,0.380512,88.79,0.375,0.0,ETH-26JUN20-200-C,270.54,68.02,0.352,23.0,0.399,23.0,101.01,0.43409,-0.14504,0.49176,0.00155,0.83908
282.3,ETH-27MAR20,1581677940535,open,0.35,2570.0,0.348,0.4,0.37344,99.06,0.367,0.0,ETH-27MAR20-180-C,270.54,87.57,0.369,300.0,0.38,345.0,112.66,0.12219,-0.14452,0.18166,0.00135,0.93434
282.3,ETH-27MAR20,1581677940535,open,0.01,4687.0,0.001,0.026,0.009375,107.39,0.008,0.0,ETH-27MAR20-520-C,270.54,104.13,0.008,1460.0,0.011,908.0,110.92,0.1243,-0.15938,0.0187,0.00127,0.06713
294.58,ETH-26JUN20,1581677940535,open,0.04,2628.0,0.015,0.077,0.040267,94.52,0.04,0.0,ETH-26JUN20-600-C,270.54,92.33,0.037,298.0,0.043,138.0,96.3,0.44631,-0.15874,0.13694,0.00149,0.16797
294.58,ETH-26JUN20,1581677940535,open,0.51,0.0,0.397,0.543,0.46863,89.87,None,0.0,ETH-26JUN20-400-P,270.54,0.0,0.01,50.0,0.0,0.0,0.0,0.67928,-0.22972,-1.16234,0.00239,-0.61524
274.44,SYN.ETH-28FEB20,1581677940535,open,0.22,1434.0,0.214,0.27,0.241887,101.76,0.202,0.0,ETH-28FEB20-210-C,270.54,0.0,0.225,17.0,0.267,17.0,166.01,0.07482,-0.27433,0.07139,0.00257,0.9262
297.59,SYN.ETH-25SEP20,1581677940537,open,0.11,324.0,0.068,0.157,0.11011,94.9,0.104,0.0,ETH-25SEP20-200-P,270.54,84.61,0.089,10.0,0.097,280.0,88.54,0.61662,-0.13069,-0.53389,0.0012,-0.18238
10651.14,BTC-27MAR20,1581677940537,open,0.25,1026.3,0.2385,0.281,0.25822204,66.31,0.249,0.0,BTC-27MAR20-8000-C,10257.18,31.17,0.249,8.0,0.26,1.2,69.62,5.50289,-4.35684,8.05298,6e-05,0.91723
297.59,SYN.ETH-25SEP20,1581677940537,open,0.04,403.0,0.019,0.066,0.039533,94.9,0.031,0.0,ETH-25SEP20-140-P,270.54,85.65,0.029,470.0,0.036,170.0,91.9,0.35574,-0.0754,-0.22337,0.00069,-0.08284
274.44,SYN.ETH-28FEB20,1581677940537,open,0.0,1867.0,0.001,0.011,0.000747,122.48,0.002,0.0,ETH-28FEB20-160-P,270.54,127.45,0.001,3.0,0.002,650.0,141.53,0.01261,-0.05564,-0.00098,0.00036,-0.00868
282.3,ETH-27MAR20,1581677940540,open,0.04,735.0,0.011,0.055,0.029681,88.28,0.028,0.0,ETH-27MAR20-220-P,270.54,86.25,0.028,222.0,0.031,290.0,89.85,0.23521,-0.24793,-0.06231,0.00291,-0.16271
282.3,ETH-27MAR20,1581677940540,open,0.23,13.0,0.155,0.255,0.203695,87.71,0.239,0.0,ETH-27MAR20-320-P,270.54,84.86,0.2,144.0,0.21,144.0,92.53,0.36747,-0.38484,-0.2628,0.00458,-0.60772
282.3,ETH-27MAR20,1581677940540,open,0.0,598.0,0.001,0.011,0.001178,125.0,0.001,0.0,ETH-27MAR20-110-P,270.54,122.29,0.001,9.0,0.002,367.0,134.88,0.01955,-0.02917,-0.00277,0.00017,-0.00739
297.59,SYN.ETH-25SEP20,1581677940540,open,1.04,0.0,0.896,1.094,0.991971,95.89,None,0.0,ETH-25SEP20-560-P,270.54,0.0,0.0,0.0,0.0,0.0,0.0,0.83399,-0.1786,-3.05101,0.0016,-0.67952
274.44,SYN.ETH-28FEB20,1581677940540,open,0.16,925.0,0.144,0.209,0.176779,93.84,0.15,0.0,ETH-28FEB20-230-C,270.54,0.0,0.157,17.0,0.205,17.0,147.38,0.12211,-0.41293,0.07073,0.00454,0.85472
282.3,ETH-27MAR20,1581677940542,open,0.91,0.0,0.792,0.919,0.851387,107.39,None,0.0,ETH-27MAR20-520-P,270.54,0.0,0.006,50.0,0.0,0.0,0.0,0.1243,-0.15938,-0.57788,0.00127,-0.93287
297.59,SYN.ETH-25SEP20,1581677940542,open,0.51,211.0,0.485,0.558,0.521485,94.93,0.49,0.0,ETH-25SEP20-160-C,270.54,79.14,0.499,26.0,0.538,26.0,105.58,0.4491,-0.09522,0.66567,0.00087,0.88617
282.3,ETH-27MAR20,1581677940545,open,1.05,0.0,0.928,1.062,0.990999,111.66,None,0.0,ETH-27MAR20-560-P,270.54,0.0,0.02,50.0,0.0,0.0,0.0,0.10237,-0.13648,-0.62787,0.001,-0.9476
282.3,ETH-27MAR20,1581677940545,open,0.56,158.0,0.563,0.592,0.576625,120.43,0.211,0.0,ETH-27MAR20-120-C,270.54,0.0,0.574,1.0,0.583,24.0,158.64,0.02701,-0.03884,0.13366,0.00025,0.98931
294.58,ETH-26JUN20,1581677940545,open,0.39,1.0,0.294,0.431,0.361595,88.84,1.827,0.0,ETH-26JUN20-360-P,270.54,0.0,0.015,2.0,0.0,0.0,0.0,0.70509,-0.2357,-0.96931,0.00251,-0.54228
297.59,SYN.ETH-25SEP20,1581677940545,open,0.35,20.0,0.262,0.408,0.334321,93.1,0.296,0.0,ETH-25SEP20-320-P,270.54,76.59,0.284,165.0,0.303,1.0,82.78,0.89772,-0.18666,-1.33216,0.00178,-0.3955
297.59,SYN.ETH-25SEP20,1581677940545,open,0.68,0.0,0.555,0.734,0.642852,94.5,None,0.0,ETH-25SEP20-440-P,270.54,0.0,0.0,0.0,0.0,0.0,0.0,0.91822,-0.19378,-2.20091,0.00179,-0.56292
297.59,SYN.ETH-25SEP20,1581677940545,open,0.8,0.0,0.666,0.853,0.757027,95.33,None,0.0,ETH-25SEP20-480-P,270.54,0.0,0.0,0.0,0.0,0.0,0.0,0.89723,-0.19102,-2.48666,0.00173,-0.60529
282.3,ETH-27MAR20,1581677940547,open,0.0,2283.0,0.001,0.013,0.003954,115.53,0.005,0.0,ETH-27MAR20-140-P,270.54,110.03,0.003,5.0,0.005,570.0,120.74,0.0529,-0.07297,-0.00886,0.0005,-0.02342
282.3,ETH-27MAR20,1581677940547,open,0.06,749.0,0.023,0.081,0.048903,86.61,0.057,0.0,ETH-27MAR20-240-P,270.54,84.8,0.047,217.0,0.051,275.0,88.58,0.29856,-0.30874,-0.0942,0.00377,-0.24195
282.3,ETH-27MAR20,1581677940547,open,0.0,1856.0,0.001,0.011,0.000576,125.0,0.001,0.0,ETH-27MAR20-100-P,270.54,0.0,0.0,0.0,0.002,349.0,147.53,0.01101,-0.01643,-0.00144,0.0001,-0.00387
297.59,SYN.ETH-25SEP20,1581677940547,open,0.08,1065.0,0.048,0.123,0.082688,94.9,0.079,0.0,ETH-25SEP20-180-P,270.54,80.2,0.057,288.0,0.073,288.0,89.48,0.53686,-0.11379,-0.4198,0.00104,-0.1473
282.3,ETH-27MAR20,1581677940549,open,0.0,1277.0,0.001,0.011,0.000249,125.0,0.001,0.0,ETH-27MAR20-90-P,270.54,0.0,0.0,0.0,0.001,49.0,146.7,0.0055,-0.00821,-0.00066,5e-05,-0.0018
297.59,SYN.ETH-25SEP20,1581677940549,open,1.3,0.0,1.139,1.349,1.239219,97.51,None,0.0,ETH-25SEP20-640-P,270.54,0.0,0.0,0.0,0.0,0.0,0.0,0.76681,-0.16699,-3.5993,0.00145,-0.73266
297.59,SYN.ETH-25SEP20,1581677940551,open,0.45,0.0,0.351,0.51,0.42941,93.1,None,0.0,ETH-25SEP20-360-P,270.54,0.0,0.0,0.0,0.0,0.0,0.0,0.92484,-0.1923,-1.62125,0.00183,-0.45879
297.59,SYN.ETH-25SEP20,1581677940551,open,0.1,559.0,0.059,0.169,0.110351,95.94,0.101,0.0,ETH-25SEP20-560-C,270.54,94.02,0.105,287.0,0.115,212.0,97.59,0.83424,-0.17875,0.38395,0.0016,0.3207
297.59,SYN.ETH-25SEP20,1581677940551,open,0.46,176.0,0.435,0.52,0.477882,94.93,0.397,0.0,ETH-25SEP20-180-C,270.54,84.81,0.46,145.0,0.488,120.0,100.49,0.5369,-0.11383,0.68413,0.00104,0.85268
282.3,ETH-27MAR20,1581677940553,open,0.42,2437.0,0.418,0.462,0.439681,105.89,0.427,0.0,ETH-27MAR20-160-C,270.54,90.02,0.436,300.0,0.444,325.0,119.03,0.08072,-0.10206,0.16884,0.00083,0.961
282.3,ETH-27MAR20,1581677940553,open,0.02,3210.0,0.009,0.054,0.02691,94.96,0.029,0.0,ETH-27MAR20-400-C,270.54,92.76,0.025,482.0,0.029,766.0,97.29,0.24922,-0.28255,0.04896,0.00287,0.17808
282.3,ETH-27MAR20,1581677940553,open,0.67,0.0,0.672,0.691,0.681439,125.0,None,0.0,ETH-27MAR20-90-C,270.54,0.0,0.676,28.0,0.687,28.0,193.37,0.0055,-0.00821,0.10259,5e-05,0.9982
282.3,ETH-27MAR20,1581677940553,open,0.0,275.0,0.001,0.011,2.7e-05,125.0,0.003,0.0,ETH-27MAR20-70-P,270.54,0.0,0.0,0.0,0.001,51.0,177.55,0.00082,-0.00122,-8e-05,1e-05,-0.00023
294.58,ETH-26JUN20,1581677940553,open,0.79,2.0,0.787,0.806,0.796718,101.67,0.749,0.0,ETH-26JUN20-60-C,270.54,0.0,0.791,34.0,0.801,34.0,143.29,0.01056,-0.00404,0.216,3e-05,0.99814
294.58,ETH-26JUN20,1581677940553,open,0.72,0.0,0.721,0.741,0.730273,101.57,None,0.0,ETH-26JUN20-80-C,270.54,0.0,0.725,31.0,0.736,31.0,129.42,0.03672,-0.01403,0.28123,0.00011,0.99252
297.59,SYN.ETH-25SEP20,1581677940553,open,0.21,381.0,0.157,0.282,0.219797,93.13,0.214,0.0,ETH-25SEP20-360-C,270.54,91.59,0.215,382.0,0.22,40.0,93.19,0.92482,-0.19236,0.58682,0.00183,0.54128
297.59,SYN.ETH-25SEP20,1581677940553,open,0.15,242.0,0.105,0.227,0.164436,94.53,0.138,0.0,ETH-25SEP20-440-C,270.54,92.44,0.158,279.0,0.169,110.0,96.01,0.91827,-0.19387,0.49791,0.00179,0.43722
297.59,SYN.ETH-25SEP20,1581677940553,open,0.01,721.0,0.001,0.016,0.006431,97.24,0.008,0.0,ETH-25SEP20-80-P,270.54,92.74,0.005,300.0,0.008,358.0,101.58,0.10126,-0.02199,-0.04388,0.00019,-0.01761
274.44,SYN.ETH-28FEB20,1581677940553,open,0.4,534.0,0.4,0.437,0.417777,123.39,0.368,0.0,ETH-28FEB20-160-C,270.54,0.0,0.407,20.0,0.43,20.0,207.96,0.01309,-0.05818,0.0598,0.00037,0.99094
274.44,SYN.ETH-28FEB20,1581677940553,open,0.44,672.0,0.437,0.471,0.453787,124.14,0.439,0.0,ETH-28FEB20-150-C,270.54,0.0,0.446,21.0,0.465,21.0,221.63,0.00695,-0.03111,0.05652,0.0002,0.99556
274.44,SYN.ETH-28FEB20,1581677940553,open,0.0,838.0,0.001,0.011,2e-06,122.52,0.001,0.0,ETH-28FEB20-110-P,270.54,0.0,0.0,0.0,0.001,614.0,206.5,9e-05,-0.00039,0.0,0.0,-4e-05
274.44,SYN.ETH-28FEB20,1581677940553,open,0.19,1407.0,0.178,0.239,0.208448,97.0,0.198,0.0,ETH-28FEB20-220-C,270.54,0.0,0.19,17.0,0.235,17.0,155.47,0.09608,-0.33584,0.07182,0.00346,0.89681
274.44,SYN.ETH-28FEB20,1581677940555,open,0.0,830.0,0.001,0.011,0.0,122.53,0.001,0.0,ETH-28FEB20-90-P,270.54,0.0,0.0,0.0,0.001,650.0,248.86,0.0,-1e-05,0.0,0.0,0.0
274.44,SYN.ETH-28FEB20,1581677940555,open,0.62,21.0,0.625,0.646,0.635644,158.63,0.267,0.0,ETH-28FEB20-100-C,270.54,0.0,0.631,26.0,0.643,26.0,313.99,0.00062,-0.00354,0.03798,1e-05,0.99969
274.44,SYN.ETH-28FEB20,1581677940555,open,0.0,1339.0,0.001,0.011,0.0,122.53,0.002,0.0,ETH-28FEB20-80-P,270.54,0.0,0.0,0.0,0.001,690.0,273.86,0.0,0.0,0.0,0.0,0.0
282.3,ETH-27MAR20,1581677940557,open,0.0,672.0,0.001,0.012,0.002931,119.93,0.003,0.0,ETH-27MAR20-130-P,270.54,112.77,0.002,5.0,0.004,330.0,126.62,0.04101,-0.05872,-0.00657,0.00037,-0.01734
282.3,ETH-27MAR20,1581677940557,open,0.01,1614.0,0.001,0.022,0.007294,111.66,0.009,0.0,ETH-27MAR20-560-C,270.54,107.88,0.006,240.0,0.009,790.0,116.08,0.10237,-0.13648,0.01461,0.001,0.0524
294.58,ETH-26JUN20,1581677940557,open,0.0,2429.0,0.001,0.011,0.001846,101.57,0.003,0.0,ETH-26JUN20-80-P,270.54,93.38,0.001,128.0,0.003,586.0,109.44,0.03672,-0.01403,-0.01,0.00011,-0.00748
282.3,ETH-27MAR20,1581677940557,open,0.0,1411.0,0.001,0.011,0.001705,120.43,0.003,0.0,ETH-27MAR20-120-P,270.54,111.75,0.001,665.0,0.004,378.0,138.33,0.02701,-0.03884,-0.00401,0.00025,-0.01069
297.59,SYN.ETH-25SEP20,1581677940557,open,0.01,413.0,0.003,0.027,0.012978,94.97,0.014,0.0,ETH-25SEP20-100-P,270.54,89.48,0.01,470.0,0.015,486.0,98.35,0.17166,-0.03641,-0.08396,0.00033,-0.03302
297.59,SYN.ETH-25SEP20,1581677940557,open,0.8,0.0,0.791,0.81,0.800589,98.16,0.764,0.0,ETH-25SEP20-60-C,270.54,82.85,0.799,35.0,0.81,35.0,133.58,0.04429,-0.00971,0.35157,8e-05,0.9932
282.3,ETH-27MAR20,1581677940559,open,0.02,1998.0,0.005,0.041,0.017834,98.83,0.016,0.0,ETH-27MAR20-440-C,270.54,96.11,0.016,530.0,0.02,1022.0,101.89,0.19502,-0.23013,0.03418,0.00216,0.12335
274.44,SYN.ETH-28FEB20,1581677940559,open,0.03,314.0,0.006,0.048,0.022267,92.4,0.027,0.0,ETH-28FEB20-240-P,270.54,88.22,0.02,280.0,0.023,10.0,93.73,0.15072,-0.50185,-0.0234,0.0057,-0.20205
297.59,SYN.ETH-25SEP20,1581677940559,open,0.0,814.0,0.001,0.012,0.002191,98.06,0.003,0.0,ETH-25SEP20-60-P,270.54,87.92,0.001,388.0,0.004,536.0,108.06,0.0441,-0.00966,-0.01636,8e-05,-0.00677
274.44,SYN.ETH-28FEB20,1581677940559,open,0.0,2926.0,0.001,0.011,0.001859,112.68,0.002,0.0,ETH-28FEB20-180-P,270.54,102.3,0.001,347.0,0.003,300.0,122.56,0.02722,-0.11051,-0.00241,0.00084,-0.0212
297.59,SYN.ETH-25SEP20,1581677940559,open,0.92,0.0,0.78,0.973,0.873784,95.86,None,0.0,ETH-25SEP20-520-P,270.54,0.0,0.0,0.0,0.0,0.0,0.0,0.86891,-0.18602,-2.76967,0.00167,-0.64358
294.58,ETH-26JUN20,1581677940561,open,0.01,843.0,0.001,0.015,0.005398,101.57,0.007,0.0,ETH-26JUN20-100-P,270.54,96.2,0.004,500.0,0.007,704.0,106.83,0.08334,-0.03185,-0.02644,0.00026,-0.01926
297.59,SYN.ETH-25SEP20,1581677940561,open,0.35,181.0,0.313,0.422,0.368939,94.92,0.355,0.0,ETH-25SEP20-240-C,270.54,91.36,0.36,381.0,0.372,381.0,96.14,0.74732,-0.15843,0.68772,0.00145,0.7457
274.44,SYN.ETH-28FEB20,1581677940561,open,0.0,1679.0,0.001,0.011,0.000122,122.51,0.001,0.0,ETH-28FEB20-140-P,270.54,0.0,0.0,0.0,0.001,548.0,155.71,0.00286,-0.01261,-0.00019,8e-05,-0.00166
297.59,SYN.ETH-25SEP20,1581677940561,open,0.55,17.0,0.539,0.6,0.569128,94.93,0.49,0.0,ETH-25SEP20-140-C,270.54,80.29,0.553,27.0,0.585,27.0,107.55,0.35584,-0.07544,0.63521,0.00069,0.91713
297.59,SYN.ETH-25SEP20,1581677940561,open,0.18,407.0,0.127,0.251,0.1884,93.51,0.189,0.0,ETH-25SEP20-400-C,270.54,92.1,0.184,276.0,0.192,132.0,94.66,0.92914,-0.19404,0.54136,0.00183,0.48498
274.44,SYN.ETH-28FEB20,1581677940561,open,0.55,101.0,0.55,0.575,0.562783,135.8,0.397,0.0,ETH-28FEB20-120-C,270.54,0.0,0.557,24.0,0.572,24.0,275.56,0.00106,-0.0052,0.04556,3e-05,0.99944
274.44,SYN.ETH-28FEB20,1581677940561,open,0.51,38.0,0.512,0.54,0.526376,129.18,0.537,0.0,ETH-28FEB20-130-C,270.54,0.0,0.52,23.0,0.536,23.0,254.72,0.00179,-0.00833,0.04931,5e-05,0.99901
294.58,ETH-26JUN20,1581677940563,open,1.14,0.0,0.997,1.166,1.077066,94.52,None,0.0,ETH-26JUN20-600-P,270.54,0.0,0.01,50.0,0.0,0.0,0.0,0.44631,-0.15874,-2.04731,0.00149,-0.83203
297.59,SYN.ETH-25SEP20,1581677940563,open,0.73,1.0,0.726,0.751,0.737628,97.3,0.684,0.0,ETH-25SEP20-80-C,270.54,92.13,0.736,32.0,0.75,32.0,123.95,0.10144,-0.02204,0.4467,0.00019,0.98235
274.44,SYN.ETH-28FEB20,1581677940563,open,0.0,2952.0,0.001,0.012,0.00294,108.64,0.005,0.0,ETH-28FEB20-190-P,270.54,101.32,0.002,601.0,0.004,300.0,115.44,0.03915,-0.15327,-0.00372,0.00126,-0.03275
294.58,ETH-26JUN20,1581677940566,open,0.06,351.0,0.026,0.102,0.059408,93.16,0.062,0.0,ETH-26JUN20-520-C,270.54,91.84,0.057,50.0,0.062,140.0,94.55,0.54321,-0.19041,0.18583,0.00185,0.23269
294.58,ETH-26JUN20,1581677940566,open,0.63,0.0,0.508,0.66,0.582026,90.69,None,0.0,ETH-26JUN20-440-P,270.54,0.0,0.01,50.0,0.0,0.0,0.0,0.63799,-0.21772,-1.3503,0.00223,-0.67711
274.44,SYN.ETH-28FEB20,1581677940566,open,0.7,1.0,0.699,0.718,0.708515,189.17,0.522,0.0,ETH-28FEB20-80-C,270.54,0.0,0.704,30.0,0.715,30.0,368.52,0.00043,-0.0029,0.03039,1e-05,0.99979
297.59,SYN.ETH-25SEP20,1581677940566,open,0.42,270.0,0.39,0.484,0.438104,94.92,0.384,0.0,ETH-25SEP20-200-C,270.54,80.16,0.408,145.0,0.447,120.0,99.2,0.61665,-0.13073,0.69272,0.0012,0.81761
294.58,ETH-26JUN20,1581677940568,open,0.02,798.0,0.006,0.034,0.017035,94.22,0.028,0.0,ETH-26JUN20-140-P,270.54,92.67,0.016,1.0,0.018,200.0,95.63,0.19941,-0.0707,-0.07789,0.00067,-0.0556
294.58,ETH-26JUN20,1581677940568,open,0.59,308.0,0.584,0.623,0.602567,97.27,0.577,0.0,ETH-26JUN20-120-C,270.54,0.0,0.59,26.0,0.616,26.0,120.82,0.13443,-0.0492,0.38964,0.00044,0.9659
297.59,SYN.ETH-25SEP20,1581677940568,open,0.08,1700.0,0.043,0.144,0.088797,97.57,0.078,0.0,ETH-25SEP20-640-C,270.54,96.09,0.085,291.0,0.092,127.0,98.81,0.76722,-0.16719,0.32643,0.00145,0.26763
274.44,SYN.ETH-28FEB20,1581677940568,open,0.0,636.0,0.001,0.011,0.00101,114.72,0.001,0.0,ETH-28FEB20-170-P,270.54,114.55,0.001,328.0,0.003,388.0,136.72,0.01687,-0.06973,-0.00137,0.00051,-0.01213
274.44,SYN.ETH-28FEB20,1581677940568,open,0.0,901.0,0.001,0.011,3.9e-05,122.52,0.001,0.0,ETH-28FEB20-130-P,270.54,0.0,0.0,0.0,0.001,699.0,171.33,0.0011,-0.00484,-6e-05,3e-05,-0.00058
274.44,SYN.ETH-28FEB20,1581677940568,open,0.1,2385.0,0.085,0.157,0.122087,92.45,0.125,0.0,ETH-28FEB20-250-C,270.54,82.89,0.116,233.0,0.134,252.0,110.48,0.1775,-0.59127,0.06324,0.00671,0.72825
274.44,SYN.ETH-28FEB20,1581677940568,open,0.0,404.0,0.001,0.011,0.0,122.53,0.001,0.0,ETH-28FEB20-100-P,270.54,0.0,0.0,0.0,0.001,312.0,226.59,2e-05,-7e-05,0.0,0.0,-1e-05
297.59,SYN.ETH-25SEP20,1581677940568,open,0.67,0.0,0.66,0.696,0.676975,95.01,None,0.0,ETH-25SEP20-100-C,270.54,85.37,0.672,30.0,0.692,30.0,116.61,0.17182,-0.03646,0.52929,0.00033,0.96695
282.3,ETH-27MAR20,1581677940570,open,0.74,0.0,0.743,0.762,0.752064,125.0,None,0.0,ETH-27MAR20-70-C,270.54,0.0,0.746,32.0,0.756,32.0,217.91,0.00082,-0.00122,0.08023,1e-05,0.99977
282.3,ETH-27MAR20,1581677940570,open,0.6,22.0,0.599,0.625,0.611521,125.0,0.606,0.0,ETH-27MAR20-110-C,270.54,0.0,0.604,26.0,0.618,26.0,171.09,0.01955,-0.02917,0.12343,0.00017,0.99261
294.58,ETH-26JUN20,1581677940572,open,0.65,1.0,0.652,0.681,0.665932,101.57,0.38,0.0,ETH-26JUN20-100-C,270.54,0.0,0.657,28.0,0.672,28.0,118.74,0.08334,-0.03185,0.3376,0.00026,0.98074
274.44,SYN.ETH-28FEB20,1581677941121,open,0.16,1.0,0.09,0.178,0.133353,96.14,0.133,0.0,ETH-28FEB20-300-P,270.54,0.0,0.001,1.0,0.0,0.0,0.0,0.19849,-0.68768,-0.08157,0.00721,-0.64854
274.44,SYN.ETH-28FEB20,1581677941121,open,0.19,1.0,0.118,0.209,0.162407,99.04,0.162,0.0,ETH-28FEB20-310-P,270.54,0.0,0.001,1.0,0.0,0.0,0.0,0.18506,-0.66044,-0.09034,0.00653,-0.70349
272.47,SYN.ETH-21FEB20,1581677941163,open,0.08,142.0,0.067,0.136,0.101973,96.05,0.088,0.0,ETH-21FEB20-250-C,270.49,83.93,0.097,218.0,0.113,235.0,121.01,0.11522,-0.80482,0.03397,0.00858,0.76387
272.47,SYN.ETH-21FEB20,1581677941163,open,0.0,225.0,0.001,0.011,0.00054,116.04,0.001,0.0,ETH-21FEB20-190-P,270.49,0.0,0.0,0.0,0.001,3.0,126.54,0.00958,-0.08085,-0.00052,0.00059,-0.00956
272.47,SYN.ETH-21FEB20,1581677941163,open,0.11,259.0,0.097,0.163,0.130778,97.76,0.105,0.0,ETH-21FEB20-240-C,270.49,78.1,0.125,204.0,0.144,204.0,133.51,0.08933,-0.63508,0.03663,0.00653,0.84442
272.47,SYN.ETH-21FEB20,1581677941163,open,0.03,874.0,0.003,0.046,0.019435,95.89,0.023,0.0,ETH-21FEB20-250-P,270.49,90.05,0.017,280.0,0.021,820.0,99.57,0.11514,-0.80292,-0.0131,0.00859,-0.23583
272.47,SYN.ETH-21FEB20,1581677941163,open,0.36,0.0,0.357,0.395,0.376183,122.95,None,0.0,ETH-21FEB20-170-C,270.49,0.0,0.368,19.0,0.389,19.0,264.49,0.00236,-0.0211,0.03192,0.00014,0.99801
274.44,SYN.ETH-28FEB20,1581677941163,open,0.06,382.0,0.043,0.114,0.078517,91.03,0.065,0.0,ETH-28FEB20-270-C,270.49,89.04,0.077,180.0,0.083,210.0,96.88,0.21002,-0.68886,0.05145,0.00806,0.57165
274.44,SYN.ETH-28FEB20,1581677941163,open,0.08,157.0,0.03,0.099,0.062279,90.93,0.066,0.0,ETH-28FEB20-270-P,270.49,85.34,0.058,568.0,0.064,404.0,93.18,0.21002,-0.68815,-0.05119,0.00807,-0.42835
274.44,SYN.ETH-28FEB20,1581677941163,open,0.13,2.0,0.066,0.15,0.106762,93.94,0.095,0.0,ETH-28FEB20-290-P,270.49,85.02,0.1,200.0,0.107,180.0,94.26,0.20883,-0.70693,-0.07196,0.00776,-0.583
272.47,SYN.ETH-21FEB20,1581677941163,open,0.0,355.0,0.001,0.011,0.00019,116.23,0.001,0.0,ETH-21FEB20-180-P,270.49,0.0,0.0,0.0,0.001,302.0,143.14,0.00413,-0.03489,-0.0002,0.00025,-0.0037
272.47,SYN.ETH-21FEB20,1581677941163,open,0.0,23.0,0.001,0.011,5.7e-05,116.42,0.001,0.0,ETH-21FEB20-170-P,270.49,0.0,0.0,0.0,0.002,349.0,178.65,0.0015,-0.01274,-7e-05,9e-05,-0.00121
272.47,SYN.ETH-21FEB20,1581677941163,open,0.01,1014.0,0.001,0.024,0.006935,101.51,0.006,0.0,ETH-21FEB20-230-P,270.49,97.49,0.006,300.0,0.008,372.0,105.83,0.06527,-0.4818,-0.00545,0.0046,-0.09924
272.47,SYN.ETH-21FEB20,1581677941163,open,0.0,119.0,0.001,0.014,0.002938,115.68,0.003,0.0,ETH-21FEB20-210-P,270.49,107.36,0.002,300.0,0.004,434.0,123.49,0.03401,-0.2861,-0.00234,0.0021,-0.04275
272.47,SYN.ETH-21FEB20,1581677941163,open,0.01,560.0,0.001,0.017,0.004005,105.48,0.003,0.0,ETH-21FEB20-220-P,270.49,98.93,0.003,600.0,0.005,629.0,111.19,0.04489,-0.3443,-0.00332,0.00304,-0.06058
272.47,SYN.ETH-21FEB20,1581677941163,open,0.17,835.0,0.169,0.225,0.196638,105.84,0.195,0.0,ETH-21FEB20-220-C,270.49,0.0,0.18,16.0,0.222,16.0,196.77,0.04522,-0.34803,0.0381,0.00305,0.93884
274.44,SYN.ETH-28FEB20,1581677941163,open,0.08,231.0,0.062,0.135,0.099214,92.28,0.105,0.0,ETH-28FEB20-260-C,270.49,89.2,0.097,180.0,0.102,130.0,96.14,0.19781,-0.65776,0.05766,0.00749,0.65185
272.47,SYN.ETH-21FEB20,1581677941164,open,0.0,231.0,0.001,0.011,0.001337,115.86,0.001,0.0,ETH-21FEB20-200-P,270.49,110.65,0.001,350.0,0.003,310.0,133.95,0.01924,-0.1621,-0.00117,0.00119,-0.02149
272.47,SYN.ETH-21FEB20,1581677941163,open,0.39,0.0,0.395,0.43,0.412839,130.41,None,0.0,ETH-21FEB20-160-C,270.49,0.0,0.405,19.0,0.425,19.0,287.48,0.00137,-0.01296,0.03008,7e-05,0.99891
272.47,SYN.ETH-21FEB20,1581677941163,open,0.0,741.0,0.001,0.011,1.4e-05,116.61,0.001,0.0,ETH-21FEB20-160-P,270.49,0.0,0.0,0.0,0.001,7.0,178.89,0.00045,-0.00382,-2e-05,3e-05,-0.00033
274.44,SYN.ETH-28FEB20,1581677941163,open,0.1,121.0,0.045,0.123,0.08253,91.68,0.09,0.0,ETH-28FEB20-280-P,270.49,84.57,0.077,210.0,0.084,180.0,93.57,0.21341,-0.70507,-0.06173,0.00813,-0.50913
272.47,SYN.ETH-21FEB20,1581677941163,open,0.32,6.0,0.319,0.36,0.339618,119.17,0.205,0.0,ETH-21FEB20-180-C,270.49,0.0,0.331,18.0,0.358,18.0,265.38,0.00487,-0.04218,0.03367,0.00029,0.99556
272.47,SYN.ETH-21FEB20,1581677941163,open,0.24,1.0,0.244,0.292,0.267368,116.62,0.114,0.0,ETH-21FEB20-200-C,270.49,72.8,0.266,1.0,0.283,17.0,207.18,0.01971,-0.16718,0.03647,0.00121,0.97789
272.47,SYN.ETH-21FEB20,1581677941164,open,0.02,1207.0,0.001,0.033,0.011541,97.56,0.012,0.0,ETH-21FEB20-240-P,270.49,92.74,0.01,280.0,0.013,837.0,101.94,0.08917,-0.63265,-0.00856,0.00654,-0.15515
272.47,SYN.ETH-21FEB20,1581677941165,open,0.21,56.0,0.206,0.259,0.23227,116.13,0.236,0.0,ETH-21FEB20-210-C,270.49,0.0,0.229,1.0,0.248,16.0,188.98,0.03437,-0.29022,0.03718,0.00212,0.9567
282.25,ETH-27MAR20,1581677941176,open,0.49,653.0,0.49,0.527,0.508028,115.97,0.507,0.0,ETH-27MAR20-140-C,270.49,61.42,0.504,331.0,0.515,347.0,142.98,0.05357,-0.07419,0.15161,0.00051,0.97622
282.25,ETH-27MAR20,1581677941180,open,0.62,0.0,0.521,0.638,0.57646,98.46,None,0.0,ETH-27MAR20-440-P,270.49,0.0,0.003,50.0,1.072,1.0,500.0,0.19359,-0.22758,-0.47095,0.00215,-0.87791
282.25,ETH-27MAR20,1581677941181,open,0.49,653.0,0.49,0.527,0.508028,115.97,0.507,0.0,ETH-27MAR20-140-C,270.49,61.42,0.504,330.0,0.515,347.0,142.98,0.05357,-0.07419,0.15161,0.00051,0.97622
272.47,SYN.ETH-21FEB20,1581677941182,open,0.24,1.0,0.244,0.292,0.267368,116.62,0.114,0.0,ETH-21FEB20-200-C,270.49,0.0,0.265,1.0,0.283,17.0,207.18,0.01971,-0.16718,0.03647,0.00121,0.97789
282.25,ETH-27MAR20,1581677941192,open,0.49,653.0,0.49,0.527,0.508028,115.97,0.507,0.0,ETH-27MAR20-140-C,270.49,61.42,0.504,300.0,0.515,347.0,142.98,0.05357,-0.07419,0.15161,0.00051,0.97622
10651.13,BTC-27MAR20,1581677941320,open,0.25,1026.3,0.2385,0.281,0.25822204,66.31,0.249,0.0,BTC-27MAR20-8000-C,10257.18,31.19,0.249,8.0,0.26,1.5,69.62,5.50307,-4.35707,8.05292,6e-05,0.91723
282.3,ETH-27MAR20,1581677941473,open,0.11,7651.0,0.08,0.158,0.119326,85.91,0.105,0.0,ETH-27MAR20-280-C,270.49,83.41,0.116,315.0,0.123,584.0,88.67,0.37576,-0.38544,0.14561,0.00478,0.56891
282.25,ETH-27MAR20,1581677941476,open,0.13,483.0,0.071,0.155,0.111178,85.84,0.131,0.0,ETH-27MAR20-280-P,270.49,83.45,0.108,509.0,0.114,212.0,87.96,0.37574,-0.38509,-0.17569,0.00479,-0.43137
282.25,ETH-27MAR20,1581677941478,open,0.06,4493.0,0.037,0.107,0.070149,87.75,0.06,0.0,ETH-27MAR20-320-C,270.49,85.33,0.067,583.0,0.073,571.0,89.94,0.36738,-0.38493,0.10427,0.00458,0.39216
282.25,ETH-27MAR20,1581677941480,open,0.01,2995.0,0.003,0.033,0.01285,103.57,0.015,0.0,ETH-27MAR20-480-C,270.49,100.08,0.011,798.0,0.015,789.0,107.31,0.15576,-0.19261,0.02511,0.00165,0.0904
10940.98,BTC-26JUN20,1581677941683,open,0.12,758.1,0.0785,0.1565,0.11284678,66.47,0.117,0.0,BTC-26JUN20-10000-P,10256.65,65.4,0.1105,14.5,0.1145,4.9,67.22,24.06381,-6.01881,-17.8578,8e-05,-0.33551
10940.98,BTC-26JUN20,1581677941683,open,0.05,350.4,0.0225,0.0715,0.0423128,66.58,0.0445,0.0,BTC-26JUN20-8000-P,10256.65,65.69,0.041,16.5,0.043,3.5,67.04,16.28936,-4.08095,-8.19712,6e-05,-0.16349
10650.59,BTC-27MAR20,1581677941683,open,0.06,591.9,0.0335,0.087,0.05670627,64.06,0.058,0.0,BTC-27MAR20-10000-P,10256.65,61.08,0.053,22.1,0.0555,19.3,63.09,13.29083,-10.16594,-4.90798,0.00016,-0.34495
10650.59,BTC-27MAR20,1581677941683,open,0.17,1729.2,0.155,0.208,0.17994845,64.12,0.1705,0.0,BTC-27MAR20-9000-C,10256.65,61.97,0.178,24.2,0.185,23.0,69.52,9.7375,-7.45481,7.71874,0.00012,0.81164
10650.59,BTC-27MAR20,1581677941683,open,0.04,1855.7,0.024,0.0745,0.04537204,66.8,0.045,0.0,BTC-27MAR20-12000-C,10256.65,66.1,0.0445,23.8,0.0465,42.3,67.71,13.20958,-10.53653,3.59297,0.00015,0.33941
10650.59,BTC-27MAR20,1581677941683,open,0.35,68.5,0.2985,0.374,0.3328495,72.08,0.3265,0.0,BTC-27MAR20-14000-P,10256.65,0.0,0.2825,4.0,0.383,4.0,119.67,8.74695,-7.52778,-14.34167,9e-05,-0.84085
10650.59,BTC-27MAR20,1581677941683,open,0.44,0.0,0.3865,0.4625,0.4210389,75.55,None,0.0,BTC-27MAR20-15000-P,10256.65,0.0,0.3705,4.0,0.4565,1.0,115.42,6.91887,-6.24096,-15.98219,7e-05,-0.88692
10650.59,BTC-27MAR20,1581677941683,open,0.01,1074.8,0.0005,0.023,0.00931112,66.29,0.01,0.0,BTC-27MAR20-8000-P,10256.65,64.69,0.0085,48.9,0.01,52.1,67.6,5.50203,-4.35502,-1.12501,6e-05,-0.08276
10940.98,BTC-26JUN20,1581677941684,open,0.04,461.8,0.017,0.0735,0.03835055,74.51,0.039,0.0,BTC-26JUN20-18000-C,10256.65,73.68,0.037,26.1,0.04,27.4,75.51,17.83914,-5.00165,5.98903,5e-05,0.18872
10650.59,BTC-27MAR20,1581677941684,open,0.34,584.5,0.331,0.364,0.34629836,72.49,0.3545,0.0,BTC-27MAR20-7000-C,10256.65,0.0,0.3335,12.0,0.3535,12.0,92.97,2.68715,-2.32594,7.5787,3e-05,0.96653
10321.91,SYN.BTC-21FEB20,1581677941682,open,0.01,701.0,0.0005,0.0215,0.00518647,55.73,0.0055,0.0,BTC-21FEB20-9500-P,10256.65,53.31,0.0045,58.0,0.006,33.3,58.45,3.00829,-12.19208,-0.26424,0.00027,-0.13071
10650.59,BTC-27MAR20,1581677941684,open,0.02,760.7,0.012,0.054,0.02842608,69.29,0.0275,0.0,BTC-27MAR20-13000-C,10256.65,68.38,0.0275,21.7,0.0295,22.3,70.32,11.00904,-9.10745,2.48835,0.00012,0.23207
10321.91,SYN.BTC-21FEB20,1581677941682,open,0.0,199.7,0.0005,0.013,0.00255195,69.76,0.0025,0.0,BTC-21FEB20-12000-C,10256.65,66.32,0.002,50.0,0.003,30.1,72.27,1.76543,-8.95561,0.11864,0.00013,0.06357
10321.91,SYN.BTC-21FEB20,1581677941682,open,0.02,247.3,0.0085,0.048,0.02170016,53.48,0.0255,0.0,BTC-21FEB20-10500-C,10256.65,56.83,0.0235,1.0,0.026,27.0,61.46,5.54383,-21.56048,0.77866,0.00052,0.42217
10650.59,BTC-27MAR20,1581677941687,open,0.01,423.1,0.003,0.0315,0.01274688,75.67,0.011,0.0,BTC-27MAR20-15000-C,10256.65,74.51,0.012,47.5,0.0135,16.0,76.81,6.93899,-6.26939,1.23165,7e-05,0.11354
10387.77,SYN.BTC-28FEB20,1581677941683,open,0.04,445.5,0.022,0.069,0.04293585,61.6,0.04,0.0,BTC-28FEB20-10500-C,10256.65,59.75,0.0415,18.0,0.0445,28.2,63.61,8.07654,-17.92783,1.75859,0.00032,0.48826
10387.77,SYN.BTC-28FEB20,1581677941684,open,0.23,0.0,0.182,0.241,0.20926893,69.7,None,0.0,BTC-28FEB20-12500-P,10256.65,0.0,0.155,4.0,0.2095,3.0,70.38,3.49763,-8.78477,-4.38908,0.00012,-0.90218
10321.91,SYN.BTC-21FEB20,1581677941682,open,0.01,135.3,0.0005,0.024,0.00760603,63.08,0.008,0.0,BTC-21FEB20-11250-C,10256.65,64.2,0.008,2.4,0.0085,35.1,65.6,3.59521,-16.49228,0.31723,0.00028,0.17076
10321.91,SYN.BTC-21FEB20,1581677941682,open,0.01,291.2,0.004,0.0385,0.0173779,61.2,0.0175,0.0,BTC-21FEB20-10750-C,10256.65,60.43,0.017,0.9,0.018,49.7,62.45,5.12615,-22.81196,0.60651,0.00042,0.3293
10321.91,SYN.BTC-21FEB20,1581677941682,open,0.05,71.9,0.0205,0.069,0.03894842,53.47,0.039,0.0,BTC-21FEB20-10500-P,10256.65,48.9,0.0365,3.0,0.039,18.0,53.57,5.54378,-21.55618,-1.1993,0.00052,-0.57785
10321.91,SYN.BTC-21FEB20,1581677941682,open,0.01,680.1,0.0015,0.03,0.0114089,61.64,0.0115,0.0,BTC-21FEB20-11000-C,10256.65,60.68,0.011,3.1,0.012,6.5,63.02,4.39329,-19.69301,0.44238,0.00036,0.23892
10321.91,SYN.BTC-21FEB20,1581677941682,open,0.01,495.5,0.0005,0.03,0.00912626,53.97,0.0095,0.0,BTC-21FEB20-9750-P,10256.65,52.38,0.0085,31.0,0.0095,27.0,54.91,4.08258,-16.02385,-0.42601,0.00038,-0.20997
10387.77,SYN.BTC-28FEB20,1581677941683,open,0.03,547.7,0.013,0.0555,0.03070039,61.65,0.0255,0.0,BTC-28FEB20-10000-P,10256.65,53.03,0.0245,55.6,0.0275,44.0,57.22,7.52692,-16.72171,-1.51617,0.0003,-0.35324
10321.91,SYN.BTC-21FEB20,1581677941683,open,0.0,712.4,0.0005,0.012,0.00227445,65.18,0.002,0.0,BTC-21FEB20-9000-P,10256.65,63.39,0.002,15.5,0.0025,49.8,66.58,1.63103,-7.73136,-0.11613,0.00012,-0.05745
10321.91,SYN.BTC-21FEB20,1581677941683,open,0.12,80.1,0.111,0.1515,0.13034738,65.21,0.1255,0.0,BTC-21FEB20-9000-C,10256.65,0.0,0.128,6.1,0.1455,9.4,120.01,1.63276,-7.74307,1.57909,0.00012,0.94247
11230.82,SYN.BTC-25SEP20,1581677941684,open,0.05,174.5,0.023,0.0715,0.04213089,67.92,0.043,0.0,BTC-25SEP20-7000-P,10256.65,66.58,0.04,0.5,0.043,15.7,68.46,18.01492,-2.73261,-11.45082,3e-05,-0.1241
10321.91,SYN.BTC-21FEB20,1581677941683,open,0.0,932.0,0.0005,0.0145,0.00302479,58.6,0.0045,0.0,BTC-21FEB20-9250-P,10256.65,55.92,0.0025,50.1,0.0035,35.1,60.85,2.11116,-8.99721,-0.16193,0.00018,-0.08025
10274.87,SYN.BTC-16FEB20,1581677941816,open,10.2,0.0035,0.042,0.01977518,50.04,0.016,0.0,BTC-16FEB20-10375-P,10256.65,36.22,0.016,18.0,0.0195,18.0,49.05,2.84633,-37.96875,-0.32706,0.00105,-0.59964
10265.46,SYN.BTC-15FEB20,1581677941818,open,0.01,53.8,0.0015,0.0375,0.01751478,46.79,0.015,0.0,BTC-15FEB20-10125-C,10256.65,43.57,0.017,6.0,0.019,0.8,55.7,1.66277,-38.90143,0.17546,0.00141,0.72992
10650.59,BTC-27MAR20,1581677941827,open,0.02,760.7,0.012,0.054,0.02842608,69.29,0.0275,0.0,BTC-27MAR20-13000-C,10256.65,68.38,0.0275,21.6,0.0295,22.3,70.32,11.00904,-9.10745,2.48835,0.00012,0.23207
10650.59,BTC-27MAR20,1581677941833,open,0.06,591.9,0.0335,0.087,0.05670627,64.06,0.058,0.0,BTC-27MAR20-10000-P,10256.65,61.08,0.053,22.2,0.0555,19.3,63.09,13.29083,-10.16594,-4.90798,0.00016,-0.34495
10321.91,SYN.BTC-21FEB20,1581677941835,open,0.01,701.0,0.0005,0.0215,0.00518647,55.73,0.0055,0.0,BTC-21FEB20-9500-P,10256.65,53.31,0.0045,58.1,0.006,33.3,58.45,3.00829,-12.19208,-0.26424,0.00027,-0.13071
10387.77,SYN.BTC-28FEB20,1581677941845,open,0.04,445.5,0.022,0.069,0.04293585,61.6,0.04,0.0,BTC-28FEB20-10500-C,10256.65,59.75,0.0415,18.0,0.0445,28.3,63.61,8.07654,-17.92783,1.75859,0.00032,0.48826
10321.91,SYN.BTC-21FEB20,1581677941848,open,0.01,291.2,0.004,0.0385,0.01737866,61.2,0.0175,0.0,BTC-21FEB20-10750-C,10256.65,60.43,0.017,0.9,0.018,49.8,62.45,5.12615,-22.81196,0.60651,0.00042,0.3293
10940.98,BTC-26JUN20,1581677941852,open,0.04,461.8,0.017,0.0735,0.03835289,74.51,0.039,0.0,BTC-26JUN20-18000-C,10256.65,73.68,0.037,26.0,0.04,27.4,75.51,17.83914,-5.00165,5.98903,5e-05,0.18872
10321.91,SYN.BTC-21FEB20,1581677941857,open,0.03,219.2,0.016,0.0605,0.03131476,50.78,0.036,0.0,BTC-21FEB20-10250-C,10256.65,56.63,0.0345,3.0,0.0375,50.0,62.15,5.60035,-20.68059,1.01581,0.00055,0.55376
10940.45,BTC-26JUN20,1581677941858,open,0.3,230.0,0.283,0.3445,0.31108744,66.6,0.3255,0.0,BTC-26JUN20-8000-C,10256.65,64.48,0.308,12.9,0.318,21.0,71.13,16.29305,-4.083,20.92247,6e-05,0.83644
10387.77,SYN.BTC-28FEB20,1581677941875,open,0.32,60.7,0.3125,0.3405,0.32631339,78.09,0.331,0.0,BTC-28FEB20-7000-C,10256.65,0.0,0.326,12.1,0.337,12.0,154.28,0.22956,-0.64593,2.64532,1e-05,0.99619
10387.77,SYN.BTC-28FEB20,1581677941876,open,0.14,0.3,0.095,0.154,0.12248682,64.1,0.1175,0.0,BTC-28FEB20-11500-P,10256.65,32.04,0.1085,7.0,0.1405,3.4,91.89,6.093,-14.07437,-3.53929,0.00023,-0.77378
10387.77,SYN.BTC-28FEB20,1581677941882,open,0.03,547.7,0.013,0.0555,0.03070302,61.65,0.0255,0.0,BTC-28FEB20-10000-P,10256.65,53.03,0.0245,60.6,0.0275,44.0,57.22,7.52692,-16.72171,-1.51617,0.0003,-0.35324
274.44,SYN.ETH-28FEB20,1581677941885,open,0.25,2317.0,0.25,0.303,0.276236,106.98,0.255,0.0,ETH-28FEB20-200-C,270.49,0.0,0.271,18.0,0.299,17.0,175.46,0.05736,-0.22112,0.07003,0.00187,0.94751
274.44,SYN.ETH-28FEB20,1581677941889,open,0.7,1.0,0.699,0.718,0.708515,189.17,0.522,0.0,ETH-28FEB20-80-C,270.49,0.0,0.704,29.0,0.715,30.0,368.52,0.00043,-0.0029,0.03039,1e-05,0.99979
274.44,SYN.ETH-28FEB20,1581677941889,open,0.08,231.0,0.062,0.135,0.099214,92.28,0.105,0.0,ETH-28FEB20-260-C,270.49,87.81,0.096,180.0,0.102,130.0,96.14,0.19781,-0.65776,0.05766,0.00749,0.65185
10387.77,SYN.BTC-28FEB20,1581677941891,open,0.18,18.2,0.137,0.1965,0.16462369,66.72,0.171,0.0,BTC-28FEB20-12000-P,10256.65,0.0,0.111,4.0,0.1715,5.0,80.45,4.68532,-11.26484,-4.01363,0.00017,-0.85176
274.44,SYN.ETH-28FEB20,1581677941891,open,0.13,2.0,0.066,0.15,0.106762,93.94,0.095,0.0,ETH-28FEB20-290-P,270.49,86.34,0.101,180.0,0.107,180.0,94.26,0.20883,-0.70693,-0.07196,0.00776,-0.583
10940.45,BTC-26JUN20,1581677941893,open,0.3,230.0,0.283,0.3445,0.31108744,66.6,0.3255,0.0,BTC-26JUN20-8000-C,10256.65,64.48,0.308,7.9,0.318,21.0,71.13,16.29305,-4.083,20.92247,6e-05,0.83644
282.25,ETH-27MAR20,1581677941893,open,0.02,3210.0,0.009,0.054,0.02691,94.99,0.029,0.0,ETH-27MAR20-400-C,270.49,92.79,0.025,290.0,0.029,766.0,97.32,0.24914,-0.28255,0.04894,0.00287,0.17804
274.44,SYN.ETH-28FEB20,1581677941896,open,0.02,380.0,0.003,0.036,0.014799,93.7,0.02,0.0,ETH-28FEB20-230-P,270.49,91.89,0.014,300.0,0.016,40.0,96.37,0.12195,-0.41177,-0.01667,0.00455,-0.14498
274.44,SYN.ETH-28FEB20,1581677941898,open,0.7,1.0,0.699,0.718,0.708515,189.17,0.522,0.0,ETH-28FEB20-80-C,270.49,0.0,0.704,29.0,0.715,29.0,368.52,0.00043,-0.0029,0.03039,1e-05,0.99979
10321.91,SYN.BTC-21FEB20,1581677941898,open,0.02,377.8,0.005,0.041,0.01555671,52.83,0.0145,0.0,BTC-21FEB20-10000-P,10256.65,51.7,0.015,6.9,0.0165,38.0,54.76,5.05311,-19.41364,-0.64862,0.00048,-0.31803
274.44,SYN.ETH-28FEB20,1581677941899,open,0.06,382.0,0.043,0.114,0.078517,91.03,0.065,0.0,ETH-28FEB20-270-C,270.49,87.74,0.076,180.0,0.083,210.0,96.88,0.21002,-0.68886,0.05145,0.00806,0.57165
272.47,SYN.ETH-21FEB20,1581677941902,open,0.04,1135.0,0.024,0.09,0.056527,95.23,0.064,0.0,ETH-21FEB20-270-C,270.49,90.57,0.054,506.0,0.061,470.0,103.47,0.14784,-1.02373,0.02552,0.0111,0.55371
10387.77,SYN.BTC-28FEB20,1581677941906,open,0.32,60.7,0.3125,0.3405,0.32631339,78.09,0.331,0.0,BTC-28FEB20-7000-C,10256.65,0.0,0.326,7.1,0.337,12.0,154.28,0.22956,-0.64593,2.64532,1e-05,0.99619
272.47,SYN.ETH-21FEB20,1581677941904,open,0.0,119.0,0.001,0.014,0.002938,115.68,0.003,0.0,ETH-21FEB20-210-P,270.49,107.36,0.002,600.0,0.004,434.0,123.49,0.03401,-0.2861,-0.00234,0.0021,-0.04275
274.44,SYN.ETH-28FEB20,1581677941907,open,0.06,382.0,0.043,0.114,0.078517,91.03,0.065,0.0,ETH-28FEB20-270-C,270.49,87.74,0.076,437.0,0.083,210.0,96.88,0.21002,-0.68886,0.05145,0.00806,0.57165
272.47,SYN.ETH-21FEB20,1581677941910,open,0.04,1135.0,0.024,0.09,0.056527,95.23,0.064,0.0,ETH-21FEB20-270-C,270.49,92.41,0.055,30.0,0.061,470.0,103.47,0.14784,-1.02373,0.02552,0.0111,0.55371
274.44,SYN.ETH-28FEB20,1581677941917,open,0.04,2639.0,0.011,0.063,0.032978,92.34,0.034,0.0,ETH-28FEB20-250-P,270.49,87.71,0.03,270.0,0.034,540.0,93.92,0.17744,-0.59044,-0.03178,0.00671,-0.27159
274.44,SYN.ETH-28FEB20,1581677941933,open,0.04,2639.0,0.011,0.063,0.032978,92.34,0.034,0.0,ETH-28FEB20-250-P,270.49,87.71,0.03,270.0,0.034,510.0,93.92,0.17744,-0.59044,-0.03178,0.00671,-0.27159
272.47,SYN.ETH-21FEB20,1581677941937,open,0.04,1135.0,0.024,0.09,0.056527,95.23,0.064,0.0,ETH-21FEB20-270-C,270.49,90.57,0.054,506.0,0.061,470.0,103.47,0.14784,-1.02373,0.02552,0.0111,0.55371
274.44,SYN.ETH-28FEB20,1581677941939,open,0.02,380.0,0.003,0.036,0.014799,93.7,0.02,0.0,ETH-28FEB20-230-P,270.49,91.89,0.014,300.0,0.017,300.0,98.55,0.12195,-0.41177,-0.01667,0.00455,-0.14498
10387.77,SYN.BTC-28FEB20,1581677941939,open,0.03,547.7,0.013,0.0555,0.03070302,61.65,0.0255,0.0,BTC-28FEB20-10000-P,10256.65,53.03,0.0245,60.8,0.0275,44.0,57.22,7.52692,-16.72171,-1.51617,0.0003,-0.35324
272.47,SYN.ETH-21FEB20,1581677941940,open,0.03,1343.0,0.013,0.074,0.041568,97.84,0.045,0.0,ETH-21FEB20-280-C,270.49,93.1,0.039,180.0,0.045,483.0,104.16,0.14782,-1.05175,0.02076,0.0108,0.44597
272.47,SYN.ETH-21FEB20,1581677941943,open,0.04,828.0,0.008,0.063,0.031277,95.26,0.027,0.0,ETH-21FEB20-260-P,270.49,88.69,0.028,636.0,0.033,498.0,98.7,0.13638,-0.94482,-0.01885,0.01024,-0.3359
274.44,SYN.ETH-28FEB20,1581677941944,open,0.02,380.0,0.003,0.036,0.014799,93.7,0.02,0.0,ETH-28FEB20-230-P,270.49,91.89,0.014,300.0,0.017,592.0,98.55,0.12195,-0.41177,-0.01667,0.00455,-0.14498
272.47,SYN.ETH-21FEB20,1581677941949,open,0.06,178.0,0.042,0.111,0.077117,95.4,0.082,0.0,ETH-21FEB20-260-C,270.49,91.16,0.075,210.0,0.082,210.0,105.1,0.13641,-0.94638,0.03012,0.01022,0.66395
272.47,SYN.ETH-21FEB20,1581677941953,open,0.04,828.0,0.008,0.063,0.031277,95.26,0.027,0.0,ETH-21FEB20-260-P,270.49,88.69,0.028,663.0,0.033,498.0,98.7,0.13638,-0.94482,-0.01885,0.01024,-0.3359
272.47,SYN.ETH-21FEB20,1581677941955,open,0.04,1135.0,0.024,0.09,0.056527,95.23,0.064,0.0,ETH-21FEB20-270-C,270.49,90.57,0.054,468.0,0.061,470.0,103.47,0.14784,-1.02373,0.02552,0.0111,0.55371
272.47,SYN.ETH-21FEB20,1581677941956,open,0.09,279.0,0.033,0.108,0.069126,97.7,0.071,0.0,ETH-21FEB20-280-P,270.49,88.24,0.064,644.0,0.071,180.0,101.16,0.14781,-1.0502,-0.03199,0.01082,-0.55418
272.47,SYN.ETH-21FEB20,1581677941958,open,0.06,445.0,0.017,0.083,0.047386,95.09,0.045,0.0,ETH-21FEB20-270-P,270.49,88.85,0.044,531.0,0.05,394.0,99.91,0.14784,-1.02229,-0.02534,0.01112,-0.44628
272.47,SYN.ETH-21FEB20,1581677941964,open,0.09,279.0,0.033,0.108,0.069126,97.7,0.071,0.0,ETH-21FEB20-280-P,270.49,90.09,0.065,314.0,0.071,180.0,101.16,0.14781,-1.0502,-0.03199,0.01082,-0.55418
10274.87,SYN.BTC-16FEB20,1581677941971,open,30.3,0.001,0.031,0.0111683,43.23,0.0105,0.0,BTC-16FEB20-10250-P,10256.65,39.1,0.01,18.0,0.012,5.0,46.13,2.9256,-33.71117,-0.2502,0.00125,-0.46268
10274.87,SYN.BTC-16FEB20,1581677941974,open,13.5,0.0005,0.0185,0.0040838,53.36,0.0045,0.0,BTC-16FEB20-10625-C,10256.65,47.65,0.003,33.0,0.005,24.0,57.86,2.03568,-28.95831,0.10122,0.0007,0.19578
10265.46,SYN.BTC-15FEB20,1581677941976,open,0.02,14.3,0.0075,0.048,0.02746411,48.61,0.022,0.0,BTC-15FEB20-10000-C,10256.65,48.89,0.0275,6.0,0.03,6.0,68.67,1.08072,-26.26897,0.20676,0.00088,0.86697
10274.87,SYN.BTC-16FEB20,1581677941978,open,10.2,0.0035,0.042,0.01978251,50.04,0.016,0.0,BTC-16FEB20-10375-P,10256.65,38.08,0.0165,18.0,0.0195,18.0,49.05,2.84633,-37.96875,-0.32706,0.00105,-0.59964
10274.87,SYN.BTC-16FEB20,1581677941980,open,13.0,0.0085,0.0515,0.02824691,51.09,0.0245,0.0,BTC-16FEB20-10500-P,10256.65,36.82,0.025,6.0,0.0275,6.0,48.01,2.49297,-33.95495,-0.3934,0.0009,-0.71682
10274.87,SYN.BTC-16FEB20,1581677941991,open,13.0,0.0085,0.0515,0.02824691,51.09,0.0245,0.0,BTC-16FEB20-10500-P,10256.65,36.82,0.025,6.0,0.028,6.0,50.1,2.49297,-33.95495,-0.3934,0.0009,-0.71682
10265.46,SYN.BTC-15FEB20,1581677941993,open,0.04,14.2,0.0055,0.048,0.0254857,51.87,0.026,0.0,BTC-15FEB20-10500-P,10256.65,0.0,0.0225,6.0,0.0255,6.0,52.02,1.36622,-35.43395,-0.20567,0.00104,-0.8096
274.44,SYN.ETH-28FEB20,1581677941994,open,0.01,1147.0,0.001,0.022,0.007035,101.55,0.008,0.0,ETH-28FEB20-210-P,270.49,97.6,0.006,911.0,0.008,340.0,105.0,0.07454,-0.27278,-0.0084,0.00256,-0.07345
10274.87,SYN.BTC-16FEB20,1581677941995,open,5.5,0.0005,0.0105,0.0009048,57.95,0.0005,0.0,BTC-16FEB20-11000-C,10256.65,51.8,0.0005,30.0,0.0015,30.4,64.66,0.78992,-9.29484,0.02725,0.00025,0.05252
10274.87,SYN.BTC-16FEB20,1581677941999,open,0.1,0.011,0.0515,0.03072838,47.12,0.031,0.0,BTC-16FEB20-10000-C,10256.65,48.39,0.031,6.0,0.0335,6.0,59.74,2.10007,-26.37792,0.4029,0.00082,0.79379
274.44,SYN.ETH-28FEB20,1581677942001,open,0.03,1586.0,0.014,0.072,0.040284,96.25,0.035,0.0,ETH-28FEB20-300-C,270.49,93.08,0.038,240.0,0.043,551.0,99.99,0.19854,-0.68864,0.03249,0.0072,0.3517
10274.87,SYN.BTC-16FEB20,1581677942002,open,0.0,0.0005,0.0155,0.00260262,55.52,None,0.0,BTC-16FEB20-10750-C,10256.65,51.4,0.002,30.0,0.003,30.0,58.05,1.57662,-23.33401,0.06845,0.00052,0.13224
10274.87,SYN.BTC-16FEB20,1581677942005,open,30.0,0.0005,0.0285,0.01003711,50.06,0.009,0.0,BTC-16FEB20-10375-C,10256.65,44.49,0.0085,18.0,0.0115,23.0,55.33,2.84641,-37.98369,0.20612,0.00105,0.4004
274.44,SYN.ETH-28FEB20,1581677942012,open,0.7,1.0,0.699,0.718,0.708515,189.17,0.522,0.0,ETH-28FEB20-80-C,270.49,0.0,0.704,30.0,0.715,29.0,368.52,0.00043,-0.0029,0.03039,1e-05,0.99979
274.44,SYN.ETH-28FEB20,1581677942014,open,0.7,1.0,0.699,0.718,0.708515,189.17,0.522,0.0,ETH-28FEB20-80-C,270.49,0.0,0.704,30.0,0.715,30.0,368.52,0.00043,-0.0029,0.03039,1e-05,0.99979
10321.91,SYN.BTC-21FEB20,1581677942143,open,0.04,134.7,0.028,0.075,0.04674366,52.84,0.052,0.0,BTC-21FEB20-10000-C,10256.65,57.42,0.049,3.0,0.052,18.0,63.41,5.0533,-19.41828,1.23506,0.00048,0.68194
10650.59,BTC-27MAR20,1581677942145,open,0.02,1851.4,0.0065,0.0405,0.01843676,72.17,0.0185,0.0,BTC-27MAR20-14000-C,10256.65,71.63,0.018,39.2,0.019,3.0,72.84,8.76072,-7.54921,1.72399,9e-05,0.15953
10321.91,SYN.BTC-21FEB20,1581677942156,open,0.02,247.3,0.0085,0.048,0.02172993,53.48,0.0255,0.0,BTC-21FEB20-10500-C,10256.65,56.83,0.0235,1.0,0.026,45.0,61.46,5.54383,-21.56048,0.77866,0.00052,0.42217
10650.59,BTC-27MAR20,1581677942166,open,0.01,2022.8,0.0005,0.0265,0.00953365,79.83,0.008,0.0,BTC-27MAR20-16000-C,10256.65,77.81,0.0085,24.0,0.01,24.0,80.69,5.63187,-5.3684,0.92659,5e-05,0.08537
10321.91,SYN.BTC-21FEB20,1581677942170,open,0.05,71.9,0.0205,0.069,0.03898363,53.47,0.039,0.0,BTC-21FEB20-10500-P,10256.65,48.9,0.0365,3.0,0.0395,21.0,54.5,5.54378,-21.55618,-1.1993,0.00052,-0.57785
10387.77,SYN.BTC-28FEB20,1581677942172,open,0.03,547.7,0.013,0.0555,0.03070302,61.65,0.0255,0.0,BTC-28FEB20-10000-P,10256.65,53.73,0.025,24.0,0.0275,44.0,57.22,7.52692,-16.72171,-1.51617,0.0003,-0.35324
10650.59,BTC-27MAR20,1581677942174,open,0.01,2022.8,0.0005,0.0265,0.00953365,79.83,0.008,0.0,BTC-27MAR20-16000-C,10256.65,77.81,0.0085,44.0,0.01,24.0,80.69,5.63187,-5.3684,0.92659,5e-05,0.08537
10387.77,SYN.BTC-28FEB20,1581677942184,open,0.03,547.7,0.013,0.0555,0.03070302,61.65,0.0255,0.0,BTC-28FEB20-10000-P,10256.65,53.73,0.025,24.0,0.0275,20.0,57.22,7.52692,-16.72171,-1.51617,0.0003,-0.35324
10650.59,BTC-27MAR20,1581677942282,open,0.01,2022.8,0.0005,0.0265,0.00953365,79.83,0.008,0.0,BTC-27MAR20-16000-C,10256.65,78.8,0.009,24.0,0.01,24.0,80.69,5.63187,-5.3684,0.92659,5e-05,0.08537
10650.55,BTC-27MAR20,1581677942690,open,0.38,0.0,0.378,0.4085,0.39220713,78.27,None,0.0,BTC-27MAR20-6500-C,10255.87,0.0,0.381,12.0,0.3995,12.0,103.63,1.96645,-1.83774,7.14555,2e-05,0.97699
10650.55,BTC-27MAR20,1581677942690,open,0.06,748.4,0.0465,0.1035,0.07241414,64.09,0.073,0.0,BTC-27MAR20-11000-C,10255.87,63.41,0.0715,19.4,0.074,8.0,65.27,14.38025,-11.0046,5.02898,0.00017,0.48398
10650.55,BTC-27MAR20,1581677942690,open,0.48,18.4,0.4735,0.4965,0.48432158,84.49,0.436,0.0,BTC-27MAR20-5500-C,10255.87,0.0,0.4765,8.0,0.4885,8.0,114.18,0.71159,-0.71787,6.21443,1e-05,0.9929
10650.55,BTC-27MAR20,1581677942690,open,0.0,1389.6,0.0005,0.0105,1.416e-05,84.63,0.0009,0.0,BTC-27MAR20-4000-P,10255.87,0.0,0.0,0.0,0.0005,59.0,116.38,0.02551,-0.02578,-0.00244,0.0,-0.00019
10939.7,BTC-26JUN20,1581677942691,open,0.63,0.5,0.627,0.6485,0.63687525,83.36,0.641,0.0,BTC-26JUN20-4000-C,10255.87,69.01,0.635,8.0,0.64,8.0,95.91,2.08608,-0.65434,13.97707,1e-05,0.98784
10939.7,BTC-26JUN20,1581677942690,open,0.05,319.1,0.029,0.0945,0.05531015,72.46,0.053,0.0,BTC-26JUN20-16000-C,10255.87,71.52,0.0535,19.6,0.0575,4.9,73.57,21.30319,-5.80826,8.05227,7e-05,0.2575
10650.55,BTC-27MAR20,1581677942690,open,0.52,27.1,0.521,0.541,0.53081498,85.38,0.4665,0.0,BTC-27MAR20-5000-C,10255.87,0.0,0.524,9.0,0.535,9.0,126.3,0.31971,-0.32592,5.69766,0.0,0.9971
10939.7,BTC-26JUN20,1581677942690,open,0.0,330.6,0.0005,0.0105,0.00091046,91.6,0.001,0.0,BTC-26JUN20-3000-P,10255.87,85.23,0.0005,38.0,0.0015,17.8,97.9,0.85707,-0.29542,-0.21276,0.0,-0.00443
10650.55,BTC-27MAR20,1581677942690,open,0.91,5.3,0.842,0.9285,0.88179237,94.29,0.907,0.0,BTC-27MAR20-20000-P,10255.87,0.0,0.0005,1.0,0.0,0.0,0.0,2.78097,-3.13103,-22.56747,2e-05,-0.9651
10939.7,BTC-26JUN20,1581677942690,open,1.25,0.0,1.1565,1.273,1.20889456,79.8,None,0.0,BTC-26JUN20-24000-P,10255.87,0.0,0.0,0.0,0.0,0.0,0.0,10.00888,-3.00561,-84.69906,3e-05,-0.91788
10939.7,BTC-26JUN20,1581677942690,open,1.43,0.0,1.334,1.4545,1.3885837,81.82,None,0.0,BTC-26JUN20-26000-P,10255.87,0.0,0.0,0.0,0.0,0.0,0.0,8.46127,-2.60496,-92.50041,2e-05,-0.93408
10650.55,BTC-27MAR20,1581677942690,open,1.29,0.0,1.21,1.307,1.25534403,104.44,None,0.0,BTC-27MAR20-24000-P,10255.87,0.0,0.0095,1.0,0.0,0.0,0.0,1.52218,-1.89826,-27.35047,1e-05,-0.98298
10649.77,BTC-27MAR20,1581677942692,open,0.0,221.1,0.0005,0.0105,0.00026058,114.26,0.0005,0.0,BTC-27MAR20-34000-C,10255.87,0.0,0.0,0.0,0.001,28.1,129.93,0.28086,-0.38317,0.02747,0.0,0.00251
10649.77,BTC-27MAR20,1581677942692,open,0.0,37.0,0.0005,0.0105,6.875e-05,84.57,0.0005,0.0,BTC-27MAR20-4500-P,10255.87,0.0,0.0,0.0,0.001,49.1,112.47,0.10064,-0.10163,-0.0108,0.0,-0.00082
10649.77,BTC-27MAR20,1581677942693,open,0.0,267.1,0.0005,0.0105,0.00042697,114.06,0.0005,0.0,BTC-27MAR20-32000-C,10255.87,0.0,0.0,0.0,0.001,62.4,124.23,0.42458,-0.57824,0.0433,0.0,0.00397
10939.7,BTC-26JUN20,1581677942692,open,0.45,72.7,0.446,0.4845,0.46306027,71.2,0.44,0.0,BTC-26JUN20-6000-C,10255.87,53.71,0.4545,12.0,0.4725,12.0,83.67,7.16991,-1.92086,19.25825,2e-05,0.94663
10939.7,BTC-26JUN20,1581677942693,open,0.54,0.0,0.536,0.565,0.54875456,76.93,None,0.0,BTC-26JUN20-5000-C,10255.87,61.47,0.5445,12.0,0.5545,12.0,89.28,4.17677,-1.20902,16.87604,1e-05,0.97251
10939.7,BTC-26JUN20,1581677942693,open,0.01,450.0,0.0005,0.0155,0.00575201,76.78,0.005,0.0,BTC-26JUN20-5000-P,10255.87,76.11,0.0055,5.2,0.006,33.0,77.43,4.15547,-1.20066,-1.31729,1e-05,-0.02732
10649.77,BTC-27MAR20,1581677942693,open,0.0,898.4,0.0005,0.0105,6.304e-05,114.75,0.0005,0.0,BTC-27MAR20-40000-C,10255.87,0.0,0.0,0.0,0.0005,20.0,135.53,0.0832,-0.114,0.00733,0.0,0.00066
10649.77,BTC-27MAR20,1581677942694,open,0.0,154.2,0.0005,0.0105,0.0007149,113.97,0.001,0.0,BTC-27MAR20-30000-C,10255.87,109.96,0.0005,58.5,0.001,0.1,118.09,0.64844,-0.88238,0.06933,0.0,0.00639
10649.77,BTC-27MAR20,1581677942695,open,0.19,145.0,0.1385,0.2115,0.17205618,66.74,0.1835,0.0,BTC-27MAR20-12000-P,10255.87,64.26,0.169,3.0,0.1735,3.0,67.9,13.20339,-10.52166,-10.17766,0.00015,-0.66093
10939.7,BTC-26JUN20,1581677942696,open,0.03,1160.5,0.0105,0.0585,0.02741095,76.45,0.028,0.0,BTC-26JUN20-20000-C,10255.87,75.77,0.0265,6.0,0.0285,36.9,77.25,14.73932,-4.24029,4.51072,4e-05,0.14067
10387.18,SYN.BTC-28FEB20,1581677942691,open,0.01,470.1,0.0005,0.02,0.00593794,69.74,0.006,0.0,BTC-28FEB20-12500-C,10255.87,68.42,0.0055,30.0,0.0065,6.0,71.37,3.49906,-8.79309,0.36307,0.00012,0.09788
10387.18,SYN.BTC-28FEB20,1581677942691,open,0.0,1079.6,0.0005,0.011,0.00146274,71.63,0.0015,0.0,BTC-28FEB20-8000-P,10255.87,67.27,0.001,52.6,0.002,31.0,75.75,1.23184,-3.17968,-0.10931,4e-05,-0.02622
11230.31,SYN.BTC-25SEP20,1581677942690,open,0.03,81.9,0.011,0.064,0.02905561,78.93,0.032,0.0,BTC-25SEP20-28000-C,10255.87,78.25,0.028,10.0,0.0305,6.0,79.83,17.71959,-3.12349,6.3483,3e-05,0.12122
11230.31,SYN.BTC-25SEP20,1581677942691,open,0.41,96.3,0.3305,0.451,0.38505318,70.1,0.3785,0.0,BTC-25SEP20-14000-P,10255.87,0.0,0.0015,0.1,0.454,1.1,92.21,34.80626,-5.44962,-64.44441,6e-05,-0.55052
10387.18,SYN.BTC-28FEB20,1581677942692,open,0.01,798.3,0.0005,0.0195,0.00636186,61.64,0.007,0.0,BTC-28FEB20-9000-P,10255.87,59.14,0.0055,30.0,0.006,0.2,60.61,3.68585,-8.18661,-0.44024,0.00015,-0.10513
10387.18,SYN.BTC-28FEB20,1581677942699,open,0.13,312.9,0.119,0.1625,0.13995815,61.78,0.13,0.0,BTC-28FEB20-9000-C,10255.87,48.35,0.136,11.0,0.155,11.0,94.65,3.69745,-8.23063,2.97916,0.00015,0.89442
11230.31,SYN.BTC-25SEP20,1581677942691,open,0.02,256.6,0.007,0.0515,0.02117936,80.94,0.022,0.0,BTC-25SEP20-32000-C,10255.87,80.01,0.02,16.0,0.0225,6.0,81.96,14.39529,-2.60228,4.80643,2e-05,0.09096
10387.18,SYN.BTC-28FEB20,1581677942693,open,0.0,278.7,0.0005,0.0105,4.4e-07,78.88,0.001,0.0,BTC-28FEB20-5500-P,10255.87,0.0,0.0,0.0,0.0005,40.1,135.21,0.00114,-0.00324,-5e-05,0.0,-1e-05
10321.33,SYN.BTC-21FEB20,1581677942719,open,0.17,0.0,0.16,0.196,0.1772425,71.2,None,0.0,BTC-21FEB20-8500-C,10255.87,0.0,0.176,0.1,0.1875,6.0,128.87,0.71194,-3.68631,1.55904,5e-05,0.9791
10939.7,BTC-26JUN20,1581677942735,open,0.3,230.0,0.283,0.3445,0.31108744,66.6,0.3255,0.0,BTC-26JUN20-8000-C,10255.87,64.51,0.308,6.0,0.318,21.0,71.16,16.29509,-4.0837,20.92034,6e-05,0.83639
10321.33,SYN.BTC-21FEB20,1581677942739,open,0.02,247.3,0.0085,0.048,0.02172993,53.58,0.0255,0.0,BTC-21FEB20-10500-C,10255.87,56.87,0.0235,1.0,0.026,50.0,61.5,5.54323,-21.59727,0.77836,0.00052,0.42206
10274.3,SYN.BTC-16FEB20,1581677942745,open,11.8,0.0015,0.0335,0.01358851,43.31,0.0125,0.0,BTC-16FEB20-10250-C,10255.87,44.75,0.014,18.0,0.0165,1.0,53.53,2.92595,-33.77844,0.27612,0.00125,0.53656
272.47,SYN.ETH-21FEB20,1581677943017,open,0.01,392.0,0.001,0.036,0.012474,111.39,0.008,0.0,ETH-21FEB20-320-C,270.49,106.96,0.011,280.0,0.014,280.0,115.78,0.09273,-0.75111,0.00781,0.00595,0.16471
272.47,SYN.ETH-21FEB20,1581677943019,open,0.01,461.0,0.002,0.042,0.016429,107.25,0.01,0.0,ETH-21FEB20-310-C,270.49,103.6,0.015,280.0,0.018,538.0,111.16,0.10807,-0.84289,0.00999,0.00721,0.21098
297.59,SYN.ETH-25SEP20,1581677943321,open,0.07,6.0,0.037,0.133,0.079732,98.11,0.074,0.0,ETH-25SEP20-680-C,270.49,96.17,0.075,293.0,0.084,104.0,99.83,0.73218,-0.16043,0.3011,0.00137,0.24469
272.47,SYN.ETH-21FEB20,1581677943454,open,0.06,178.0,0.042,0.111,0.077117,95.4,0.082,0.0,ETH-21FEB20-260-C,270.49,91.16,0.075,210.0,0.082,444.0,105.1,0.13641,-0.94638,0.03012,0.01022,0.66395
297.59,SYN.ETH-25SEP20,1581677943471,open,0.15,242.0,0.105,0.227,0.164436,94.53,0.138,0.0,ETH-25SEP20-440-C,270.49,92.44,0.158,279.0,0.169,389.0,96.01,0.91827,-0.19387,0.49791,0.00179,0.43722
294.54,ETH-26JUN20,1581677943502,open,0.28,673.0,0.247,0.34,0.294563,87.19,0.276,0.0,ETH-26JUN20-240-C,270.49,83.81,0.288,180.0,0.298,434.0,88.96,0.57311,-0.18804,0.48072,0.00208,0.74289
282.26,ETH-27MAR20,1581677943502,open,0.64,1148.0,0.635,0.658,0.646343,126.23,0.346,0.0,ETH-27MAR20-100-C,270.49,0.0,0.645,1.0,0.652,27.0,179.47,0.01167,-0.0176,0.11319,0.0001,0.99586
294.54,ETH-26JUN20,1581677943521,open,0.09,34.0,0.048,0.125,0.083719,88.76,0.086,0.0,ETH-26JUN20-220-P,270.49,86.02,0.079,160.0,0.09,277.0,92.37,0.50961,-0.1702,-0.31303,0.00182,-0.20822
282.26,ETH-27MAR20,1581677943527,open,0.53,112.0,0.526,0.56,0.542428,120.36,0.194,0.0,ETH-27MAR20-130-C,270.49,0.0,0.539,1.0,0.549,23.0,150.96,0.04156,-0.05972,0.14247,0.00038,0.98238
282.26,ETH-27MAR20,1581677943531,open,0.35,7.0,0.265,0.373,0.31768,90.92,1.702,0.0,ETH-27MAR20-360-P,270.49,0.0,0.01,30.0,0.83,1.0,500.0,0.31158,-0.33826,-0.34173,0.00375,-0.7376
294.54,ETH-26JUN20,1581677943531,open,0.03,3825.0,0.012,0.069,0.034365,95.78,0.031,0.0,ETH-26JUN20-640-C,270.49,94.04,0.032,300.0,0.037,306.0,97.66,0.40685,-0.14664,0.11966,0.00134,0.14596
294.54,ETH-26JUN20,1581677943535,open,0.1,4272.0,0.064,0.161,0.110765,89.89,0.104,0.0,ETH-26JUN20-400-C,270.49,87.82,0.106,281.0,0.114,421.0,91.29,0.67916,-0.22973,0.29375,0.00239,0.38472
297.59,SYN.ETH-25SEP20,1581677943537,open,0.1,197.0,0.051,0.156,0.098913,96.85,0.092,0.0,ETH-25SEP20-600-C,270.49,95.01,0.094,290.0,0.103,36.0,98.36,0.80138,-0.17334,0.3539,0.00152,0.2928
297.59,SYN.ETH-25SEP20,1581677943537,open,0.38,505.0,0.349,0.452,0.401883,94.92,0.336,0.0,ETH-25SEP20-220-C,270.49,91.94,0.395,380.0,0.402,200.0,94.97,0.68696,-0.14563,0.69336,0.00133,0.78174
294.54,ETH-26JUN20,1581677943542,open,0.13,2006.0,0.089,0.191,0.139516,88.85,0.135,0.0,ETH-26JUN20-360-C,270.49,86.97,0.135,140.0,0.144,415.0,90.73,0.70498,-0.23571,0.34115,0.00251,0.45767
294.54,ETH-26JUN20,1581677943542,open,0.01,1001.0,0.001,0.022,0.009927,97.25,0.008,0.0,ETH-26JUN20-120-P,270.49,92.8,0.008,422.0,0.012,500.0,101.58,0.13443,-0.0492,-0.04721,0.00044,-0.0341
294.54,ETH-26JUN20,1581677943545,open,0.29,136.0,0.202,0.327,0.263295,87.61,0.266,0.0,ETH-26JUN20-320-P,270.49,84.15,0.255,328.0,0.269,328.0,90.0,0.70489,-0.23239,-0.77256,0.00255,-0.45721
294.54,ETH-26JUN20,1581677943545,open,0.0,1844.0,0.001,0.011,0.000397,101.66,0.001,0.0,ETH-26JUN20-60-P,270.49,0.0,0.0,0.0,0.001,1.0,113.39,0.01056,-0.00404,-0.00242,3e-05,-0.00186
297.59,SYN.ETH-25SEP20,1581677943549,open,0.13,427.0,0.087,0.206,0.14421,95.37,0.113,0.0,ETH-25SEP20-480-C,270.49,93.63,0.139,282.0,0.149,282.0,96.95,0.89733,-0.19112,0.45754,0.00173,0.39487
294.54,ETH-26JUN20,1581677943551,open,0.04,1059.0,0.019,0.068,0.040167,89.17,0.044,0.0,ETH-26JUN20-180-P,270.49,87.34,0.038,262.0,0.042,200.0,90.7,0.35161,-0.11798,-0.16975,0.00125,-0.11815
294.54,ETH-26JUN20,1581677943551,open,0.06,732.0,0.031,0.094,0.059445,88.77,0.075,0.0,ETH-26JUN20-200-P,270.49,87.11,0.057,202.0,0.061,200.0,89.83,0.43409,-0.14501,-0.23633,0.00155,-0.16096
10387.18,SYN.BTC-28FEB20,1581677943552,open,0.1,17.0,0.058,0.115,0.08444138,61.8,0.0785,0.0,BTC-28FEB20-11000-P,10255.87,51.12,0.077,3.0,0.0835,17.7,60.48,7.41144,-16.50433,-2.94399,0.00029,-0.66111
297.59,SYN.ETH-25SEP20,1581677943553,open,0.06,223.0,0.031,0.093,0.05909,94.9,0.05,0.0,ETH-25SEP20-160-P,270.49,87.37,0.048,66.0,0.052,295.0,90.13,0.44903,-0.09517,-0.31559,0.00087,-0.1138
282.26,ETH-27MAR20,1581677943555,open,1.2,0.0,1.065,1.204,1.130733,112.91,None,0.0,ETH-27MAR20-600-P,270.49,0.0,0.03,50.0,0.0,0.0,0.0,0.07816,-0.10538,-0.67785,0.00076,-0.9625
297.59,SYN.ETH-25SEP20,1581677943555,open,0.12,300.0,0.072,0.187,0.126566,95.9,0.114,0.0,ETH-25SEP20-520-C,270.49,93.64,0.12,285.0,0.132,395.0,97.76,0.86908,-0.18614,0.41991,0.00167,0.35661
282.26,ETH-27MAR20,1581677943561,open,1.34,0.0,1.203,1.348,1.271354,115.99,None,0.0,ETH-27MAR20-640-P,270.49,0.0,0.01,50.0,0.0,0.0,0.0,0.06426,-0.089,-0.72596,0.00061,-0.97044
282.26,ETH-27MAR20,1581677943563,open,0.49,5.0,0.39,0.503,0.443842,94.75,2.004,0.0,ETH-27MAR20-400-P,270.49,0.0,0.046,50.0,0.949,1.0,499.92,0.24846,-0.2811,-0.41016,0.00287,-0.82273
294.54,ETH-26JUN20,1581677943566,open,0.03,1180.0,0.01,0.048,0.025629,90.07,0.03,0.0,ETH-26JUN20-160-P,270.49,88.26,0.024,500.0,0.028,200.0,92.63,0.26808,-0.09085,-0.11493,0.00094,-0.08156
10387.18,SYN.BTC-28FEB20,1581677943600,open,0.09,390.1,0.077,0.126,0.10070538,61.72,0.0925,0.0,BTC-28FEB20-9500-C,10255.87,56.81,0.098,17.5,0.108,23.5,74.08,5.85744,-13.02805,2.71685,0.00023,0.78873
10321.33,SYN.BTC-21FEB20,1581677943655,open,0.02,377.8,0.005,0.041,0.01555671,52.81,0.0145,0.0,BTC-21FEB20-10000-P,10255.87,51.67,0.015,7.3,0.0165,38.0,54.73,5.05418,-19.40801,-0.64899,0.00048,-0.31824
10649.78,BTC-27MAR20,1581677943665,open,2.25,0.0,2.13,2.258,2.19257199,93.85,None,0.0,BTC-27MAR20-34000-P,10255.87,0.0,0.0005,1.0,0.0,0.0,0.0,0.03229,-0.03618,-39.00479,0.0,-0.99976
10939.79,BTC-26JUN20,1581677943667,open,0.12,597.5,0.091,0.173,0.12781996,68.67,0.1235,0.0,BTC-26JUN20-12000-C,10255.87,67.91,0.126,11.8,0.13,3.6,69.58,26.32929,-6.80348,14.56665,9e-05,0.49358
10321.33,SYN.BTC-21FEB20,1581677943671,open,0.01,495.5,0.0005,0.03,0.00912483,53.94,0.0095,0.0,BTC-21FEB20-9750-P,10255.87,52.35,0.0085,31.4,0.0095,27.0,54.88,4.08329,-16.01638,-0.42615,0.00038,-0.21006
10939.79,BTC-26JUN20,1581677943697,open,0.72,28.7,0.717,0.7365,0.72671199,91.98,0.715,0.0,BTC-26JUN20-3000-C,10255.99,0.0,0.7195,9.0,0.7295,9.0,112.65,0.87619,-0.30325,10.70293,0.0,0.99546
10939.79,BTC-26JUN20,1581677943697,open,0.01,230.1,0.0005,0.029,0.0096162,83.67,0.0095,0.0,BTC-26JUN20-28000-C,10255.99,82.71,0.009,6.0,0.0105,29.0,84.97,7.21284,-2.27078,1.75859,2e-05,0.05377
10939.79,BTC-26JUN20,1581677943697,open,1.8,0.0,1.691,1.82,1.7500588,85.18,None,0.0,BTC-26JUN20-30000-P,10255.99,0.0,0.0,0.0,0.0,0.0,0.0,6.1465,-1.97015,-107.76946,2e-05,-0.95598
10649.78,BTC-27MAR20,1581677943697,open,0.54,21.2,0.4765,0.554,0.51172687,79.48,0.535,0.0,BTC-27MAR20-16000-P,10255.99,0.0,0.05,0.1,0.95,1.1,438.21,5.57354,-5.28943,-17.4419,5e-05,-0.9158
10939.79,BTC-26JUN20,1581677943697,open,1.07,0.0,0.9805,1.0935,1.03105987,78.17,None,0.0,BTC-26JUN20-22000-P,10255.99,0.0,0.001,2.0,2.21,1.0,500.0,12.12581,-3.56693,-76.64673,4e-05,-0.8935
10649.78,BTC-27MAR20,1581677943697,open,2.44,0.0,2.3145,2.449,2.38025668,0.0,None,0.0,BTC-27MAR20-36000-P,10255.99,0.0,0.0005,1.0,0.0,0.0,0.0,0.0,0.0,-41.30205,0.0,-1.0
10939.79,BTC-26JUN20,1581677943697,open,0.0,436.2,0.0005,0.012,0.00247322,83.13,0.0035,0.0,BTC-26JUN20-4000-P,10255.99,80.46,0.002,10.7,0.003,31.0,85.76,2.06389,-0.64563,-0.57701,1e-05,-0.01202
10649.78,BTC-27MAR20,1581677943697,open,0.03,668.1,0.011,0.047,0.02493312,64.06,0.0255,0.0,BTC-27MAR20-9000-P,10255.99,62.48,0.0235,21.9,0.0245,30.2,63.58,9.73437,-7.44539,-2.60518,0.00012,-0.18829
10649.78,BTC-27MAR20,1581677943697,open,0.2,84.8,0.1945,0.242,0.21698092,64.34,0.2145,0.0,BTC-27MAR20-8500-C,10255.99,0.0,0.1945,12.0,0.2295,12.0,80.35,7.48306,-5.74836,8.0229,9e-05,0.87361
10649.78,BTC-27MAR20,1581677943697,open,0.0,1361.7,0.0005,0.0135,0.00350294,72.34,0.003,0.0,BTC-27MAR20-7000-P,10255.99,70.25,0.003,119.3,0.004,24.0,74.25,2.67184,-2.30777,-0.44899,3e-05,-0.03324
10939.79,BTC-26JUN20,1581677943697,open,1.99,0.0,1.8695,2.004,1.93137983,86.39,None,0.0,BTC-26JUN20-32000-P,10255.99,0.0,0.0005,0.1,0.0,0.0,0.0,5.22427,-1.69825,-115.30846,1e-05,-0.96396
10939.79,BTC-26JUN20,1581677943697,open,0.19,764.7,0.1625,0.241,0.19884621,66.49,0.193,0.0,BTC-26JUN20-10000-C,10255.99,66.11,0.198,30.3,0.2025,18.9,68.15,24.06403,-6.02071,18.54067,8e-05,0.66439
10939.79,BTC-26JUN20,1581677943697,open,0.01,150.0,0.0005,0.0255,0.00794302,85.48,0.0075,0.0,BTC-26JUN20-30000-C,10255.99,84.69,0.0075,12.3,0.0085,29.0,86.44,6.22738,-2.003,1.46545,2e-05,0.04474
10649.78,BTC-27MAR20,1581677943697,open,0.0,303.9,0.0005,0.0125,0.00272009,99.74,0.003,0.0,BTC-27MAR20-22000-C,10255.99,98.55,0.0025,24.0,0.003,21.0,101.16,2.03202,-2.41986,0.25911,2e-05,0.02393
10939.79,BTC-26JUN20,1581677943697,open,0.01,526.1,0.0005,0.022,0.00645591,86.76,0.0065,0.0,BTC-26JUN20-32000-C,10255.99,85.8,0.006,13.6,0.007,15.0,87.85,5.31767,-1.73601,1.20963,1e-05,0.03683
10649.9,BTC-27MAR20,1581677943697,open,0.29,7.3,0.284,0.322,0.30159377,69.3,0.2695,0.0,BTC-27MAR20-7500-C,10255.99,51.67,0.297,12.0,0.3075,12.0,82.63,3.93001,-3.25192,7.87888,4e-05,0.94643
10649.9,BTC-27MAR20,1581677943697,open,0.72,0.0,0.659,0.74,0.69574193,86.71,1.23,0.0,BTC-27MAR20-18000-P,10255.99,0.0,0.0125,1.0,0.0,0.0,0.0,3.74912,-3.88138,-20.10242,3e-05,-0.94952
10939.79,BTC-26JUN20,1581677943697,open,0.24,777.9,0.217,0.289,0.25026513,66.59,0.243,0.0,BTC-26JUN20-9000-C,10255.99,65.93,0.249,15.0,0.251,3.5,66.98,20.80208,-5.21269,20.05574,7e-05,0.75386
10939.79,BTC-26JUN20,1581677943697,open,0.08,757.0,0.0505,0.126,0.08279914,70.48,0.079,0.0,BTC-26JUN20-14000-C,10255.99,69.67,0.081,18.7,0.085,4.9,71.45,24.61376,-6.52743,10.90608,8e-05,0.35665
10649.9,BTC-27MAR20,1581677943697,open,0.0,1427.9,0.0005,0.011,0.00145245,81.85,0.0015,0.0,BTC-27MAR20-6000-P,10255.99,77.55,0.001,24.0,0.002,58.0,86.03,1.25678,-1.22831,-0.18411,1e-05,-0.01362
10939.79,BTC-26JUN20,1581677943697,open,0.02,271.9,0.01,0.0435,0.02230408,67.59,0.0245,0.0,BTC-26JUN20-7000-P,10255.99,66.8,0.0215,21.0,0.023,3.5,68.25,11.32882,-2.88116,-4.75149,4e-05,-0.097
10649.9,BTC-27MAR20,1581677943697,open,0.27,1.1,0.215,0.2895,0.24900567,69.21,0.241,0.0,BTC-27MAR20-13000-P,10255.99,0.0,0.1985,4.0,0.299,4.0,111.55,10.99781,-9.08851,-12.43021,0.00012,-0.76833
10939.79,BTC-26JUN20,1581677943697,open,0.37,125.9,0.36,0.4095,0.38248243,67.63,0.3905,0.0,BTC-26JUN20-7000-C,10255.99,55.65,0.3715,12.0,0.387,15.0,71.84,11.33712,-2.8851,20.7259,4e-05,0.9029
10649.9,BTC-27MAR20,1581677943697,open,0.0,199.0,0.0005,0.0105,0.0007249,84.46,0.0014,0.0,BTC-27MAR20-5500-P,10255.99,80.64,0.0005,25.2,0.001,24.0,88.14,0.7103,-0.71626,-0.0954,1e-05,-0.00708
10649.9,BTC-27MAR20,1581677943697,open,0.43,22.0,0.4255,0.4525,0.43810413,82.17,0.4455,0.0,BTC-27MAR20-6000-C,10255.99,0.0,0.4285,8.0,0.447,8.0,119.02,1.27733,-1.25317,6.69596,1e-05,0.98613
10649.9,BTC-27MAR20,1581677943697,open,0.0,467.6,0.0005,0.011,0.00143313,108.69,0.0015,0.0,BTC-27MAR20-26000-C,10255.99,104.23,0.001,94.0,0.002,82.9,113.26,1.16994,-1.51828,0.13562,1e-05,0.01253
10649.9,BTC-27MAR20,1581677943698,open,1.1,5.6,1.026,1.1175,1.06833335,99.02,1.545,0.0,BTC-27MAR20-22000-P,10255.99,0.0,0.0005,1.0,0.0,0.0,0.0,1.96584,-2.32429,-24.99068,2e-05,-0.977
10649.9,BTC-27MAR20,1581677943698,open,2.82,1.4,2.6825,2.8325,2.75572352,0.0,3.051,0.0,BTC-27MAR20-40000-P,10255.99,0.0,0.0005,1.0,0.0,0.0,0.0,0.0,0.0,-45.89117,0.0,-1.0
11230.31,SYN.BTC-25SEP20,1581677943697,open,0.13,421.8,0.0965,0.1915,0.13848347,70.12,0.149,0.0,BTC-25SEP20-14000-C,10255.99,69.64,0.137,8.8,0.14,3.6,70.61,34.80704,-5.45116,21.42662,6e-05,0.44955
10939.91,BTC-26JUN20,1581677943698,open,0.71,1.0,0.6345,0.7445,0.68361614,74.47,0.9,0.0,BTC-26JUN20-18000-P,10255.99,0.0,0.001,2.0,1.0,1.0,214.39,17.82161,-4.99379,-59.54665,5e-05,-0.81156
10274.3,SYN.BTC-16FEB20,1581677943696,open,6.0,0.0005,0.0105,0.00066863,53.4,0.0005,0.0,BTC-16FEB20-9625-P,10255.99,50.57,0.0005,0.1,0.001,0.1,57.96,0.66421,-6.8697,-0.02269,0.00023,-0.04231
10939.91,BTC-26JUN20,1581677943698,open,1.62,0.0,1.5125,1.6365,1.56892378,83.47,None,0.0,BTC-26JUN20-28000-P,10255.99,0.0,0.0,0.0,0.0,0.0,0.0,7.1556,-2.24747,-100.18977,2e-05,-0.94677
10939.91,BTC-26JUN20,1581677943698,open,0.89,0.1,0.8055,0.917,0.85548932,76.38,1.85,0.0,BTC-26JUN20-20000-P,10255.99,0.0,0.001,2.0,1.55,1.0,416.15,14.71833,-4.23045,-68.30611,4e-05,-0.85963
10939.91,BTC-26JUN20,1581677943698,open,0.02,126.4,0.007,0.0475,0.02026686,78.37,0.0195,0.0,BTC-26JUN20-22000-C,10255.99,77.67,0.0195,6.0,0.0215,28.0,79.46,12.18996,-3.59461,3.46529,4e-05,0.10728
10649.9,BTC-27MAR20,1581677943698,open,0.01,864.4,0.0005,0.0165,0.00578011,69.18,0.006,0.0,BTC-27MAR20-7500-P,10255.99,68.41,0.0055,20.0,0.006,6.8,69.77,3.91441,-3.23322,-0.72188,4e-05,-0.0533
10649.9,BTC-27MAR20,1581677943698,open,0.0,265.4,0.0005,0.012,0.00247284,78.09,0.003,0.0,BTC-27MAR20-6500-P,10255.99,75.34,0.002,24.0,0.003,74.4,80.8,1.95171,-1.81979,-0.30888,2e-05,-0.02281
10649.9,BTC-27MAR20,1581677943698,open,1.49,0.0,1.394,1.497,1.44261244,107.19,None,0.0,BTC-27MAR20-26000-P,10255.99,0.0,0.001,1.0,0.0,0.0,0.0,1.07747,-1.37899,-29.70557,1e-05,-0.9886
10939.91,BTC-26JUN20,1581677943699,open,0.54,1.6,0.469,0.5775,0.51776305,72.41,0.61,0.0,BTC-26JUN20-16000-P,10255.99,0.0,0.001,3.0,0.64,0.2,126.91,21.29502,-5.8025,-50.19914,7e-05,-0.7427
10939.91,BTC-26JUN20,1581677943699,open,0.01,445.4,0.0025,0.034,0.01219428,82.17,0.012,0.0,BTC-26JUN20-26000-C,10255.99,81.27,0.0115,6.0,0.013,29.0,83.18,8.57177,-2.65034,2.18415,2e-05,0.06704
10649.9,BTC-27MAR20,1581677943698,open,0.0,853.2,0.0005,0.019,0.00569472,87.02,0.005,0.0,BTC-27MAR20-18000-C,10255.99,84.99,0.005,44.0,0.0065,82.0,89.19,3.79155,-3.93931,0.55605,3e-05,0.0512
10649.9,BTC-27MAR20,1581677943699,open,2.06,0.0,1.946,2.0675,2.00495536,107.99,None,0.0,BTC-27MAR20-32000-P,10255.99,0.0,0.0005,1.0,0.0,0.0,0.0,0.2662,-0.34325,-36.68688,0.0,-0.99764
10321.33,SYN.BTC-21FEB20,1581677943696,open,0.0,275.2,0.0005,0.011,0.0010436,65.16,0.001,0.0,BTC-21FEB20-8750-P,10255.99,57.86,0.0005,72.8,0.0015,50.6,69.63,0.94484,-4.47731,-0.05897,7e-05,-0.02929
10274.3,SYN.BTC-16FEB20,1581677943696,open,1.1,0.0005,0.014,0.00217535,48.61,0.0025,0.0,BTC-16FEB20-9875-P,10255.99,43.66,0.0015,30.0,0.0025,30.0,50.76,1.50817,-19.54286,-0.06665,0.00057,-0.12406
10649.9,BTC-27MAR20,1581677943699,open,0.0,231.0,0.0005,0.0115,0.00194774,104.51,0.0015,0.0,BTC-27MAR20-24000-C,10255.99,101.1,0.0015,44.0,0.0025,63.0,108.04,1.52654,-1.90489,0.18483,1e-05,0.01707
10274.3,SYN.BTC-16FEB20,1581677943696,open,0.0,0.069,0.1065,0.08768633,56.46,None,0.0,BTC-16FEB20-9375-C,10255.99,0.0,0.077,3.0,0.099,3.0,151.17,0.21682,-3.26354,0.47577,7e-05,0.98879
10649.9,BTC-27MAR20,1581677943699,open,0.02,848.5,0.0055,0.0325,0.01505877,64.25,0.017,0.0,BTC-27MAR20-8500-P,10255.99,63.45,0.0145,24.4,0.0155,57.0,64.88,7.47233,-5.7326,-1.72505,9e-05,-0.12613
10264.89,SYN.BTC-15FEB20,1581677943696,open,0.01,316.8,0.0005,0.0195,0.00381894,46.62,0.0025,0.0,BTC-15FEB20-10125-P,10255.99,38.14,0.0025,24.0,0.004,56.0,47.73,1.6629,-38.75868,-0.06747,0.00141,-0.27015
10939.91,BTC-26JUN20,1581677943699,open,0.24,114.3,0.181,0.2775,0.22466698,68.65,0.2315,0.0,BTC-26JUN20-12000-P,10255.99,66.08,0.2185,15.8,0.2255,3.6,68.99,26.32953,-6.80115,-29.11818,9e-05,-0.50647
10274.3,SYN.BTC-16FEB20,1581677943696,open,0.3,0.0005,0.0105,0.00010687,53.73,0.001,0.0,BTC-16FEB20-9375-P,10255.99,0.0,0.0,0.0,0.0005,1.5,67.05,0.16597,-1.09799,-0.00442,6e-05,-0.00826
10649.9,BTC-27MAR20,1581677943699,open,0.0,530.5,0.0005,0.0105,0.00024933,84.51,0.0005,0.0,BTC-27MAR20-5000-P,10255.99,0.0,0.0,0.0,0.001,39.5,99.7,0.29815,-0.30086,-0.0358,0.0,-0.00268
10649.9,BTC-27MAR20,1581677943699,open,1.68,0.0,1.578,1.687,1.62986047,107.7,None,0.0,BTC-27MAR20-28000-P,10255.99,0.0,0.0005,1.0,0.0,0.0,0.0,0.68558,-0.88163,-32.04957,0.0,-0.9932
10264.89,SYN.BTC-15FEB20,1581677943697,open,0.0,79.3,0.0005,0.0105,0.00012753,62.3,0.0005,0.0,BTC-15FEB20-11000-C,10255.99,0.0,0.0,0.0,0.0005,0.1,76.69,0.15914,-1.30907,0.00297,0.0001,0.01219
10939.91,BTC-26JUN20,1581677943700,open,0.01,547.9,0.0045,0.0395,0.01530678,80.08,0.014,0.0,BTC-26JUN20-24000-C,10255.99,79.19,0.0145,6.0,0.016,29.0,80.82,10.10029,-3.04362,2.70075,3e-05,0.08312
10649.9,BTC-27MAR20,1581677943700,open,0.0,810.5,0.0005,0.0155,0.00396213,94.33,0.0035,0.0,BTC-27MAR20-20000-C,10255.99,92.49,0.0035,24.0,0.0045,62.0,96.31,2.78374,-3.13529,0.37856,2e-05,0.03494
10649.9,BTC-27MAR20,1581677943700,open,0.0,216.8,0.0005,0.0105,0.00089813,110.15,0.0015,0.0,BTC-27MAR20-28000-C,10255.99,103.66,0.0005,63.0,0.0015,42.5,116.75,0.79927,-1.05117,0.08798,1e-05,0.0081
10939.91,BTC-26JUN20,1581677943700,open,0.01,569.5,0.0015,0.0265,0.01146034,71.11,0.0125,0.0,BTC-26JUN20-6000-P,10255.99,70.39,0.011,5.4,0.012,25.0,71.92,7.15195,-1.91359,-2.57519,2e-05,-0.0532
10649.9,BTC-27MAR20,1581677943700,open,0.0,317.4,0.0005,0.0105,0.00016224,114.53,0.0005,0.0,BTC-27MAR20-36000-C,10255.99,0.0,0.0,0.0,0.0005,40.0,126.28,0.18782,-0.25683,0.0177,0.0,0.00161
10264.89,SYN.BTC-15FEB20,1581677943697,open,0.04,0.0,0.031,0.07,0.05045131,55.28,None,0.0,BTC-15FEB20-9750-C,10255.99,0.0,0.0385,5.0,0.0615,5.0,157.44,0.32112,-8.87546,0.227,0.00023,0.9722
10274.3,SYN.BTC-16FEB20,1581677943696,open,0.0,0.0005,0.0125,0.0016092,57.32,None,0.0,BTC-16FEB20-10875-C,10255.99,51.31,0.001,30.0,0.0025,30.0,64.4,1.16166,-16.53343,0.04485,0.00037,0.08655
10264.89,SYN.BTC-15FEB20,1581677943697,open,0.0,137.1,0.0005,0.0225,0.00542684,50.28,0.007,0.0,BTC-15FEB20-10375-C,10255.99,45.04,0.0045,24.0,0.0065,44.0,56.22,1.83578,-46.15212,0.08163,0.00144,0.3369
10274.3,SYN.BTC-16FEB20,1581677943696,open,0.0,0.057,0.095,0.07569845,55.08,None,0.0,BTC-16FEB20-9500-C,10255.99,0.0,0.0645,3.0,0.087,3.0,138.25,0.3944,-5.79095,0.47612,0.00013,0.97747
10321.33,SYN.BTC-21FEB20,1581677943696,open,0.0,171.4,0.0005,0.0155,0.00343577,66.62,0.0035,0.0,BTC-21FEB20-11750-C,10255.99,64.51,0.003,50.0,0.004,1.1,69.16,2.20438,-10.67871,0.15859,0.00016,0.085
10264.89,SYN.BTC-15FEB20,1581677943697,open,0.0,21.0,0.0005,0.0105,1.218e-05,62.35,0.0005,0.0,BTC-15FEB20-11250-C,10255.99,0.0,0.0,0.0,0.0005,30.0,96.68,0.02327,-0.12505,0.00035,1e-05,0.00142
10387.18,SYN.BTC-28FEB20,1581677943697,open,0.0,1271.3,0.0005,0.013,0.00300731,66.13,0.003,0.0,BTC-28FEB20-8500-P,10255.99,63.59,0.0025,50.0,0.0035,30.0,68.39,2.17703,-5.1879,-0.21986,8e-05,-0.05267
10321.33,SYN.BTC-21FEB20,1581677943696,open,0.19,0.0,0.1845,0.2185,0.20103759,71.92,None,0.0,BTC-21FEB20-8250-C,10255.99,0.0,0.192,6.0,0.211,6.0,140.05,0.38435,-2.01011,1.53356,3e-05,0.98979
10649.9,BTC-27MAR20,1581677943701,open,0.57,28.5,0.568,0.5875,0.57755694,87.11,0.5365,0.0,BTC-27MAR20-4500-C,10255.99,0.0,0.571,9.0,0.581,9.0,136.24,0.13034,-0.13557,5.14839,0.0,0.99892
10264.89,SYN.BTC-15FEB20,1581677943697,open,0.0,45.2,0.0005,0.0105,0.00035337,62.27,0.0005,0.0,BTC-15FEB20-10875-C,10255.99,0.0,0.0,0.0,0.0005,0.5,66.2,0.34407,-3.62731,0.00735,0.00022,0.03021
10649.9,BTC-27MAR20,1581677943701,open,1.87,0.0,1.762,1.8775,1.81746026,110.63,None,0.0,BTC-27MAR20-30000-P,10255.99,0.0,0.0005,1.0,0.0,0.0,0.0,0.52093,-0.68814,-34.36388,0.0,-0.99501
11230.31,SYN.BTC-25SEP20,1581677943697,open,0.21,289.3,0.1525,0.253,0.19744799,67.91,0.2,0.0,BTC-25SEP20-11000-P,10255.99,67.09,0.195,0.2,0.2,4.9,68.76,33.49458,-5.07996,-39.79154,6e-05,-0.38023
10649.9,BTC-27MAR20,1581677943701,open,0.62,33.4,0.6145,0.634,0.62444812,91.15,0.5865,0.0,BTC-27MAR20-4000-C,10255.99,0.0,0.6175,10.0,0.631,10.0,171.81,0.05698,-0.06202,4.58327,0.0,0.99956
10274.3,SYN.BTC-16FEB20,1581677943696,open,12.3,0.0005,0.0245,0.00708505,46.1,0.0085,0.0,BTC-16FEB20-10125-P,10255.99,39.84,0.0055,24.0,0.0075,24.0,47.71,2.64397,-32.49089,-0.17426,0.00106,-0.32295
10321.33,SYN.BTC-21FEB20,1581677943697,open,0.21,0.0,0.164,0.2175,0.18873272,72.44,None,0.0,BTC-21FEB20-12250-P,10255.99,0.0,0.001,0.1,0.0,0.0,0.0,1.39353,-7.34085,-2.2196,0.0001,-0.95287
10939.91,BTC-26JUN20,1581677943702,open,0.08,782.3,0.0455,0.11,0.07287599,66.56,0.075,0.0,BTC-26JUN20-9000-P,10255.99,65.04,0.07,17.4,0.0735,7.4,66.88,20.79964,-5.20917,-12.70298,7e-05,-0.24609
10321.33,SYN.BTC-21FEB20,1581677943696,open,0.06,52.5,0.044,0.0915,0.06453211,54.07,0.057,0.0,BTC-21FEB20-9750-C,10255.99,52.72,0.064,19.3,0.0705,3.0,68.24,4.08924,-16.07936,1.40939,0.00038,0.78942
10321.33,SYN.BTC-21FEB20,1581677943696,open,0.16,0.0,0.117,0.17,0.14179109,66.32,None,0.0,BTC-21FEB20-11750-P,10255.99,0.0,0.0,0.0,0.0,0.0,0.0,2.18445,-10.53463,-2.05669,0.00016,-0.91602
11230.31,SYN.BTC-25SEP20,1581677943697,open,0.56,1.0,0.5515,0.586,0.56630056,70.74,0.581,0.0,BTC-25SEP20-5000-C,10255.99,49.57,0.5565,6.0,0.573,6.0,79.4,7.75446,-1.22512,27.04012,1e-05,0.95886
10321.33,SYN.BTC-21FEB20,1581677943696,open,0.14,0.6,0.1355,0.1725,0.15333219,65.67,0.1425,0.0,BTC-21FEB20-8750-C,10255.99,0.0,0.1425,6.0,0.164,6.0,117.4,0.97012,-4.63313,1.58738,7e-05,0.96977
10264.89,SYN.BTC-15FEB20,1581677943697,open,0.0,55.4,0.0005,0.011,0.00087784,62.14,0.0005,0.0,BTC-15FEB20-10750-C,10255.99,55.28,0.0005,30.0,0.0015,47.0,70.68,0.64938,-9.01092,0.01618,0.00041,0.06657
10387.18,SYN.BTC-28FEB20,1581677943697,open,0.0,858.9,0.0005,0.0105,0.00072891,77.78,0.001,0.0,BTC-28FEB20-7500-P,10255.99,73.86,0.0005,79.1,0.001,30.0,81.49,0.68247,-1.91285,-0.05461,2e-05,-0.0131
10274.3,SYN.BTC-16FEB20,1581677943696,open,0.0,0.027,0.073,0.04884484,55.2,None,0.0,BTC-16FEB20-10750-P,10255.99,0.0,0.0375,3.0,0.066,3.0,131.65,1.56211,-22.98404,-0.48488,0.00052,-0.86951
11230.31,SYN.BTC-25SEP20,1581677943697,open,0.04,68.1,0.018,0.081,0.04112749,76.35,0.043,0.0,BTC-25SEP20-24000-C,10255.99,75.51,0.0395,14.8,0.043,4.9,77.31,21.89885,-3.73436,8.58583,4e-05,0.16577
11230.31,SYN.BTC-25SEP20,1581677943696,open,2.29,0.0,2.1485,2.31,2.22163776,82.76,None,0.0,BTC-25SEP20-36000-P,10255.99,0.0,0.001,0.1,0.0,0.0,0.0,11.85509,-2.19126,-217.06678,2e-05,-0.92965
10321.33,SYN.BTC-21FEB20,1581677943696,open,0.18,0.1,0.1405,0.1935,0.16512571,69.38,0.195,0.0,BTC-21FEB20-12000-P,10255.99,0.0,0.0,0.0,0.0,0.0,0.0,1.74033,-8.78096,-2.14398,0.00012,-0.93759
11230.31,SYN.BTC-25SEP20,1581677943698,open,0.27,241.4,0.206,0.315,0.2551737,68.68,0.258,0.0,BTC-25SEP20-12000-P,10255.99,67.65,0.252,0.1,0.258,3.6,69.59,34.71764,-5.32508,-48.02865,7e-05,-0.44209
10321.33,SYN.BTC-21FEB20,1581677943696,open,0.24,0.1,0.234,0.2645,0.24920899,75.91,0.2215,0.0,BTC-21FEB20-7750-C,10255.99,0.0,0.2415,6.0,0.2585,6.0,164.04,0.11145,-0.61524,1.45482,1e-05,0.99746
10264.89,SYN.BTC-15FEB20,1581677943697,open,0.0,41.5,0.0005,0.0105,0.00076084,53.01,0.0015,0.0,BTC-15FEB20-9875-P,10255.99,48.41,0.0005,0.2,0.001,31.0,56.54,0.64684,-7.80997,-0.0165,0.00048,-0.06623
11230.31,SYN.BTC-25SEP20,1581677943697,open,0.01,439.3,0.002,0.0255,0.01150402,70.71,0.012,0.0,BTC-25SEP20-5000-P,10255.99,69.22,0.0105,16.0,0.0125,17.2,72.13,7.74786,-1.22357,-3.62342,1e-05,-0.0411
10274.3,SYN.BTC-16FEB20,1581677943696,open,0.1,0.038,0.084,0.06001703,56.79,0.0565,0.0,BTC-16FEB20-10875-P,10255.99,0.0,0.048,3.0,0.0655,3.0,90.65,1.14118,-17.27623,-0.51505,0.00037,-0.91549
11230.31,SYN.BTC-25SEP20,1581677943697,open,0.25,190.8,0.2165,0.3055,0.25761457,67.92,0.2465,0.0,BTC-25SEP20-10000-C,10255.99,66.62,0.254,7.9,0.2585,3.6,68.24,31.20827,-4.7343,29.49721,6e-05,0.68584
10264.89,SYN.BTC-15FEB20,1581677943696,open,0.0,45.0,0.0005,0.0105,3.28e-06,56.02,0.0005,0.0,BTC-15FEB20-9375-P,10255.99,0.0,0.0,0.0,0.0005,20.1,97.31,0.00815,-0.03366,-0.00011,1e-05,-0.00045
10274.3,SYN.BTC-16FEB20,1581677943696,open,3.3,0.0005,0.011,0.00111423,49.97,0.001,0.0,BTC-16FEB20-9750-P,10255.99,42.22,0.0005,42.0,0.002,30.0,57.94,0.98274,-11.44789,-0.03725,0.00036,-0.06943
10321.33,SYN.BTC-21FEB20,1581677943696,open,0.14,0.0,0.0945,0.148,0.1192938,64.81,None,0.0,BTC-21FEB20-11500-P,10255.99,0.0,0.0,0.0,0.0,0.0,0.0,2.84628,-13.41385,-1.94145,0.00022,-0.87925
11230.31,SYN.BTC-25SEP20,1581677943697,open,0.64,700.1,0.639,0.664,0.64959592,76.0,0.654,0.0,BTC-25SEP20-4000-C,10255.99,0.0,0.6395,6.0,0.6525,6.0,82.52,4.45199,-0.75566,22.68472,1e-05,0.97892
10387.18,SYN.BTC-28FEB20,1581677943697,open,0.06,216.7,0.0305,0.0825,0.05373892,61.56,0.0485,0.0,BTC-28FEB20-10500-P,10255.99,52.89,0.047,23.0,0.0505,34.1,57.39,8.07595,-17.91415,-2.23382,0.00032,-0.51196
10387.18,SYN.BTC-28FEB20,1581677943697,open,0.0,789.7,0.0005,0.0105,0.00018294,77.9,0.0005,0.0,BTC-28FEB20-7000-P,10255.99,0.0,0.0,0.0,0.001,50.5,96.47,0.22605,-0.63451,-0.0155,1e-05,-0.00374
11230.31,SYN.BTC-25SEP20,1581677943697,open,0.02,110.4,0.005,0.043,0.0161728,82.9,0.016,0.0,BTC-25SEP20-36000-C,10255.99,81.77,0.015,16.0,0.0175,6.0,84.12,11.91667,-2.2063,3.76487,2e-05,0.07083
10387.18,SYN.BTC-28FEB20,1581677943697,open,0.22,274.9,0.2145,0.2495,0.2313261,71.99,0.235,0.0,BTC-28FEB20-8000-C,10255.99,0.0,0.222,11.0,0.246,11.0,126.9,1.25358,-3.25212,2.92957,4e-05,0.97323
10264.89,SYN.BTC-15FEB20,1581677943697,open,0.03,68.0,0.001,0.0375,0.01609767,49.97,0.0225,0.0,BTC-15FEB20-10375-P,10255.99,31.66,0.013,18.0,0.016,23.0,49.42,1.8336,-45.809,-0.16752,0.00145,-0.66412
10321.33,SYN.BTC-21FEB20,1581677943696,open,0.04,360.0,0.011,0.054,0.02434814,50.71,0.026,0.0,BTC-21FEB20-10250-P,10255.99,48.23,0.023,43.7,0.025,0.6,51.91,5.60058,-20.65429,-0.91552,0.00055,-0.44653
10321.33,SYN.BTC-21FEB20,1581677943696,open,0.0,203.6,0.0005,0.0105,0.00030836,70.66,0.0005,0.0,BTC-21FEB20-8250-P,10255.99,0.0,0.0,0.0,0.001,50.0,83.77,0.35048,-1.80097,-0.01846,2e-05,-0.00918
10264.89,SYN.BTC-15FEB20,1581677943697,open,0.01,123.1,0.0005,0.028,0.00864362,40.44,0.011,0.0,BTC-15FEB20-10250-C,10255.99,42.27,0.009,18.0,0.012,42.0,57.67,1.9989,-40.42228,0.12917,0.00196,0.53314
10274.3,SYN.BTC-16FEB20,1581677943696,open,1.0,0.0205,0.062,0.04109238,48.97,0.0315,0.0,BTC-16FEB20-9875-C,10255.99,0.0,0.0305,4.0,0.0505,4.0,95.2,1.52264,-19.87767,0.43989,0.00057,0.87423
10264.89,SYN.BTC-15FEB20,1581677943696,open,0.11,0.0,0.0745,0.118,0.09592031,0.0,None,0.0,BTC-15FEB20-11250-P,10255.99,0.0,0.0785,4.0,0.109,4.0,224.5,0.0,0.0,-0.26991,0.0,-1.0
11230.31,SYN.BTC-25SEP20,1581677943697,open,0.88,0.1,0.7845,0.9185,0.84449747,74.14,1.21,0.0,BTC-25SEP20-20000-P,10255.99,0.0,0.0005,1.0,1.0,1.0,127.83,27.39575,-4.53656,-110.46142,5e-05,-0.75913
11230.31,SYN.BTC-25SEP20,1581677943697,open,0.48,1.0,0.468,0.5145,0.4886305,68.5,0.425,0.0,BTC-25SEP20-6000-C,10255.99,52.6,0.474,5.0,0.5,5.0,77.94,12.49971,-1.91217,30.03103,2e-05,0.92461
10387.18,SYN.BTC-28FEB20,1581677943697,open,0.02,839.1,0.0095,0.0485,0.02550351,61.88,0.025,0.0,BTC-28FEB20-11000-C,10255.99,61.18,0.025,24.0,0.026,7.8,62.58,7.41366,-16.53154,1.23854,0.00029,0.33916
11230.31,SYN.BTC-25SEP20,1581677943697,open,0.06,192.1,0.0335,0.11,0.0636836,74.18,0.063,0.0,BTC-25SEP20-20000-C,10255.99,73.69,0.0625,10.6,0.065,4.9,74.72,27.40681,-4.54041,12.21694,5e-05,0.24104
11230.31,SYN.BTC-25SEP20,1581677943697,open,0.21,202.5,0.1755,0.2685,0.21800037,67.92,0.2185,0.0,BTC-25SEP20-11000-C,10255.99,67.25,0.216,8.1,0.22,3.6,68.59,33.49407,-5.08099,27.6761,6e-05,0.61979
10321.33,SYN.BTC-21FEB20,1581677943697,open,0.0,297.3,0.0005,0.0105,0.00073359,70.52,0.0005,0.0,BTC-21FEB20-8500-P,10255.99,66.57,0.0005,49.4,0.001,10.7,74.15,0.68524,-3.5142,-0.04027,5e-05,-0.01998
10264.89,SYN.BTC-15FEB20,1581677943697,open,0.0,25.1,0.0005,0.0105,6.316e-05,54.02,0.0005,0.0,BTC-15FEB20-9625-P,10255.99,0.0,0.0,0.0,0.0005,49.0,73.16,0.10078,-0.64837,-0.0018,7e-05,-0.00723
10387.18,SYN.BTC-28FEB20,1581677943697,open,0.51,0.6,0.509,0.5285,0.51866463,116.5,0.465,0.0,BTC-28FEB20-5000-C,10255.99,0.0,0.514,9.0,0.5245,9.0,224.5,0.03133,-0.13152,1.89897,0.0,0.99957
11230.31,SYN.BTC-25SEP20,1581677943697,open,0.1,315.1,0.066,0.157,0.10492958,71.58,0.114,0.0,BTC-25SEP20-16000-C,10255.99,71.26,0.104,9.2,0.106,4.9,71.94,32.99016,-5.2739,17.75856,6e-05,0.36274
10274.3,SYN.BTC-16FEB20,1581677943696,open,0.0,0.0005,0.0105,0.0002846,53.67,None,0.0,BTC-16FEB20-9500-P,10255.99,0.0,0.0,0.0,0.001,30.6,67.05,0.35511,-2.92406,-0.01066,0.00012,-0.0199
10387.18,SYN.BTC-28FEB20,1581677943697,open,0.0,309.6,0.0005,0.0105,4.77e-06,78.46,0.0005,0.0,BTC-28FEB20-6000-P,10255.99,0.0,0.0,0.0,0.0005,20.0,118.17,0.00982,-0.02777,-0.00051,0.0,-0.00012
10387.18,SYN.BTC-28FEB20,1581677943697,open,0.27,0.0,0.228,0.2875,0.25541961,72.89,None,0.0,BTC-28FEB20-13000-P,10255.99,0.0,0.0055,0.1,0.0,0.0,0.0,2.59287,-6.81048,-4.69745,9e-05,-0.93418
10264.89,SYN.BTC-15FEB20,1581677943696,open,0.03,12.3,0.0185,0.059,0.03879704,53.84,0.0315,0.0,BTC-15FEB20-9875-C,10255.99,0.0,0.0255,5.0,0.0495,5.0,136.99,0.66936,-18.01925,0.21967,0.00049,0.93077
10264.89,SYN.BTC-15FEB20,1581677943697,open,0.01,106.5,0.0005,0.014,0.00160467,48.48,0.001,0.0,BTC-15FEB20-10000-P,10255.99,42.19,0.001,31.0,0.002,30.0,52.08,1.07976,-16.47179,-0.03312,0.00088,-0.13287
10264.89,SYN.BTC-15FEB20,1581677943697,open,0.1,0.0,0.063,0.1055,0.08377286,0.0,None,0.0,BTC-15FEB20-11125-P,10255.99,0.0,0.066,4.0,0.097,4.0,209.6,0.0,0.0,-0.26691,0.0,-1.0
10264.89,SYN.BTC-15FEB20,1581677943697,open,0.02,145.1,0.0005,0.027,0.0071377,40.16,0.0065,0.0,BTC-15FEB20-10250-P,10255.99,36.88,0.0065,0.2,0.007,10.0,39.45,1.99883,-40.13554,-0.11669,0.00197,-0.46668
11230.31,SYN.BTC-25SEP20,1581677943697,open,0.16,243.6,0.108,0.1985,0.14802151,67.91,0.146,0.0,BTC-25SEP20-10000-P,10255.99,66.1,0.143,8.0,0.1475,0.5,67.72,31.20842,-4.73331,-31.83605,6e-05,-0.31416
10274.3,SYN.BTC-16FEB20,1581677943696,open,0.0,0.0445,0.084,0.06391687,54.19,None,0.0,BTC-16FEB20-9625-C,10255.99,0.0,0.052,3.0,0.075,3.0,125.03,0.69275,-10.00682,0.47071,0.00024,0.95543
10387.18,SYN.BTC-28FEB20,1581677943697,open,0.41,1.1,0.411,0.434,0.4224023,91.08,0.3535,0.0,BTC-28FEB20-6000-C,10255.99,0.0,0.417,13.0,0.4305,13.0,188.09,0.0516,-0.16935,2.27787,0.0,0.99926
10264.89,SYN.BTC-15FEB20,1581677943697,open,0.09,0.0,0.051,0.094,0.07168215,57.6,None,0.0,BTC-15FEB20-11000-P,10255.99,0.0,0.054,4.0,0.085,4.0,193.95,0.1028,-2.96056,-0.2621,7e-05,-0.99261
11230.31,SYN.BTC-25SEP20,1581677943699,open,0.29,120.7,0.266,0.348,0.30389232,67.93,0.2945,0.0,BTC-25SEP20-9000-C,10255.99,66.35,0.3,7.7,0.3065,12.7,68.98,27.80428,-4.21799,30.89622,5e-05,0.75243
10264.89,SYN.BTC-15FEB20,1581677943697,open,0.07,0.0,0.0685,0.1055,0.0867465,72.01,None,0.0,BTC-15FEB20-9375-C,10255.99,0.0,0.076,5.0,0.0975,5.0,214.75,0.07035,-2.53283,0.22372,4e-05,0.99518
10321.33,SYN.BTC-21FEB20,1581677943697,open,0.0,69.0,0.0005,0.011,0.00142826,75.4,0.001,0.0,BTC-21FEB20-12500-C,10255.99,71.03,0.001,50.0,0.002,30.1,80.15,1.12062,-6.14445,0.06725,7e-05,0.03602
10387.18,SYN.BTC-28FEB20,1581677943699,open,0.06,1215.2,0.044,0.095,0.06803223,61.7,0.064,0.0,BTC-28FEB20-10000-C,10255.99,59.58,0.0665,18.0,0.0695,3.0,63.72,7.52839,-16.73812,2.28427,0.0003,0.64651
10264.89,SYN.BTC-15FEB20,1581677943697,open,0.0,91.5,0.0005,0.0105,0.00023836,53.48,0.0005,0.0,BTC-15FEB20-9750-P,10255.99,0.0,0.0,0.0,0.0005,0.1,60.9,0.2839,-2.44673,-0.00597,0.00021,-0.02399
11230.31,SYN.BTC-25SEP20,1581677943702,open,1.22,6.0,1.1165,1.255,1.17810413,76.3,1.21,0.0,BTC-25SEP20-24000-P,10255.99,0.0,0.0005,1.0,1.35,1.0,139.91,21.87709,-3.72822,-138.63097,4e-05,-0.83448
10274.3,SYN.BTC-16FEB20,1581677943696,open,35.5,0.0005,0.023,0.00633591,51.19,0.007,0.0,BTC-16FEB20-10500-C,10255.99,47.7,0.0055,24.0,0.0075,24.0,55.91,2.49222,-34.00552,0.14609,0.0009,0.28303
10321.33,SYN.BTC-21FEB20,1581677943696,open,0.11,0.0,0.0725,0.126,0.0975324,62.97,None,0.0,BTC-21FEB20-11250-P,10255.99,0.0,0.0,0.0,0.0,0.0,0.0,3.5863,-16.42131,-1.80316,0.00028,-0.82989
10274.3,SYN.BTC-16FEB20,1581677943696,open,0.0,0.0165,0.062,0.03816041,53.14,None,0.0,BTC-16FEB20-10625-P,10255.99,0.0,0.0255,4.0,0.0565,4.0,127.1,2.02633,-28.70236,-0.44554,0.0007,-0.80568
11230.31,SYN.BTC-25SEP20,1581677943703,open,0.11,565.3,0.0715,0.1495,0.10525856,67.91,0.104,0.0,BTC-25SEP20-9000-P,10255.99,66.59,0.102,0.2,0.105,4.9,67.81,27.80366,-4.21699,-24.3028,5e-05,-0.24756
10321.33,SYN.BTC-21FEB20,1581677943696,open,0.0,134.7,0.0005,0.019,0.0051588,65.03,0.005,0.0,BTC-21FEB20-11500-C,10255.99,62.59,0.0045,50.0,0.006,30.1,67.97,2.86084,-13.52934,0.22646,0.00022,0.12163
10321.33,SYN.BTC-21FEB20,1581677943696,open,0.09,121.8,0.087,0.129,0.10687227,58.82,0.102,0.0,BTC-21FEB20-9250-C,10255.99,47.66,0.105,6.1,0.1195,9.4,100.17,2.12771,-9.10162,1.57882,0.00018,0.91891
11230.31,SYN.BTC-25SEP20,1581677943697,open,1.93,0.0,1.802,1.9545,1.87048155,80.84,None,0.0,BTC-25SEP20-32000-P,10255.99,0.0,0.0005,1.0,0.0,0.0,0.0,14.34803,-2.5905,-191.48695,2e-05,-0.90945
10274.3,SYN.BTC-16FEB20,1581677943696,open,0.0,0.05,0.0955,0.07147823,57.19,None,0.0,BTC-16FEB20-11000-P,10255.99,0.0,0.0005,1.0,0.0,0.0,0.0,0.76055,-11.59563,-0.53928,0.00025,-0.94992
10387.18,SYN.BTC-28FEB20,1581677943698,open,0.02,880.2,0.0045,0.0345,0.01524263,61.63,0.014,0.0,BTC-28FEB20-9500-P,10255.99,55.71,0.012,24.0,0.0135,44.0,58.49,5.8527,-12.9983,-0.89328,0.00023,-0.21098
11230.31,SYN.BTC-25SEP20,1581677943697,open,0.35,68.5,0.3245,0.3965,0.35748943,67.93,0.3685,0.0,BTC-25SEP20-8000-C,10255.99,59.8,0.341,13.0,0.3695,13.0,73.64,23.32795,-3.53902,31.64407,4e-05,0.81688
10387.18,SYN.BTC-28FEB20,1581677943697,open,0.0,248.8,0.0005,0.0105,2e-08,79.38,0.0005,0.0,BTC-28FEB20-5000-P,10255.99,0.0,0.0,0.0,0.0005,40.1,153.82,8e-05,-0.00023,0.0,0.0,0.0
10264.89,SYN.BTC-15FEB20,1581677943697,open,0.05,0.0,0.0435,0.0815,0.06245287,58.27,None,0.0,BTC-15FEB20-9625-C,10255.99,0.0,0.051,5.0,0.0735,5.0,177.08,0.15277,-4.45122,0.22803,0.0001,0.98838
11230.31,SYN.BTC-25SEP20,1581677943699,open,0.08,141.0,0.0465,0.1305,0.08111164,72.96,0.0815,0.0,BTC-25SEP20-18000-C,10255.99,72.55,0.08,9.3,0.0825,4.9,73.47,30.32941,-4.94218,14.70796,5e-05,0.29464
11230.31,SYN.BTC-25SEP20,1581677943698,open,0.02,239.3,0.0105,0.044,0.02287466,68.47,0.0235,0.0,BTC-25SEP20-6000-P,10255.99,67.68,0.022,6.0,0.024,1.0,69.48,12.49457,-1.91078,-6.76598,2e-05,-0.07535
11230.31,SYN.BTC-25SEP20,1581677943697,open,0.41,5.2,0.392,0.4515,0.41884631,67.93,0.392,0.0,BTC-25SEP20-7000-C,10255.99,48.19,0.3915,5.0,0.4345,5.0,77.28,18.01838,-2.73367,31.47989,3e-05,0.87586
10387.18,SYN.BTC-28FEB20,1581677943697,open,0.46,4.1,0.46,0.481,0.4705315,102.9,0.414,0.0,BTC-28FEB20-5500-C,10255.99,0.0,0.4655,13.0,0.478,13.0,209.3,0.03857,-0.14302,2.08861,0.0,0.99946
11230.31,SYN.BTC-25SEP20,1581677943698,open,0.07,192.8,0.043,0.107,0.06981498,67.91,0.0705,0.0,BTC-25SEP20-8000-P,10255.99,65.82,0.0655,14.1,0.0695,4.9,67.76,23.32615,-3.53793,-17.42078,4e-05,-0.18309
11230.31,SYN.BTC-25SEP20,1581677943698,open,0.71,0.2,0.625,0.756,0.68384413,72.93,1.02,0.0,BTC-25SEP20-18000-P,10255.99,0.0,0.0005,1.0,0.815,0.3,116.91,30.32268,-4.93926,-95.70122,5e-05,-0.70551
10321.33,SYN.BTC-21FEB20,1581677943696,open,0.21,0.3,0.2095,0.241,0.22506607,73.28,0.189,0.0,BTC-21FEB20-8000-C,10255.99,0.0,0.217,6.0,0.235,6.0,153.16,0.2008,-1.06999,1.49718,1e-05,0.99511
11230.31,SYN.BTC-25SEP20,1581677943698,open,0.18,349.5,0.143,0.239,0.18668538,68.69,0.1905,0.0,BTC-25SEP20-12000-C,10255.99,68.15,0.185,8.4,0.1885,3.6,69.28,34.71719,-5.32623,25.57341,7e-05,0.55795
10264.89,SYN.BTC-15FEB20,1581677943697,open,0.05,2.5,0.0155,0.0595,0.03642929,55.51,0.046,0.0,BTC-15FEB20-10625-P,10255.99,0.0,0.0255,5.0,0.0445,5.0,114.65,0.9132,-25.34753,-0.22943,0.00065,-0.89517
10387.18,SYN.BTC-28FEB20,1581677943698,open,0.0,670.6,0.0005,0.0105,3.48e-05,78.12,0.0005,0.0,BTC-28FEB20-6500-P,10255.99,0.0,0.0,0.0,0.0005,0.5,102.4,0.05589,-0.15731,-0.00332,0.0,-0.00081
10321.33,SYN.BTC-21FEB20,1581677943696,open,0.09,0.6,0.052,0.1055,0.07710381,61.53,0.0952,0.0,BTC-21FEB20-11000-P,10255.99,27.58,0.0665,12.0,0.085,8.4,78.98,4.38659,-19.62826,-1.6309,0.00036,-0.76172
10264.89,SYN.BTC-15FEB20,1581677943697,open,0.0,44.4,0.0005,0.013,0.00140494,56.16,0.0015,0.0,BTC-15FEB20-10625-C,10255.99,51.35,0.001,33.8,0.002,30.1,62.23,0.93003,-14.42159,0.02613,0.00066,0.10752
11230.31,SYN.BTC-25SEP20,1581677943699,open,0.01,310.3,0.0005,0.0155,0.00575869,75.96,0.006,0.0,BTC-25SEP20-4000-P,10255.99,75.3,0.0055,5.1,0.006,6.0,76.56,4.44501,-0.75407,-1.8458,1e-05,-0.02104
10387.18,SYN.BTC-28FEB20,1581677943698,open,0.17,374.6,0.166,0.205,0.18473713,66.35,0.188,0.0,BTC-28FEB20-8500-C,10255.99,56.24,0.183,11.0,0.1985,11.0,106.89,2.19438,-5.2465,3.00919,8e-05,0.9468
10321.33,SYN.BTC-21FEB20,1581677943696,open,0.0,158.9,0.0005,0.0105,3.91e-05,70.9,0.0005,0.0,BTC-21FEB20-7750-P,10255.99,0.0,0.0,0.0,0.0005,39.0,93.65,0.06408,-0.33035,-0.00276,0.0,-0.00138
10264.89,SYN.BTC-15FEB20,1581677943697,open,0.0,31.0,0.0005,0.0105,1.476e-05,54.81,0.0005,0.0,BTC-15FEB20-9500-P,10255.99,0.0,0.0,0.0,0.0005,30.3,85.27,0.03012,-0.15151,-0.00047,2e-05,-0.00188
10321.33,SYN.BTC-21FEB20,1581677943698,open,0.23,0.0,0.1875,0.241,0.21244457,74.77,None,0.0,BTC-21FEB20-12500-P,10255.99,0.0,0.0005,0.1,0.0,0.0,0.0,1.08851,-5.9183,-2.28975,7e-05,-0.96524
10321.33,SYN.BTC-21FEB20,1581677943697,open,0.0,193.5,0.0005,0.0115,0.00193674,72.93,0.0015,0.0,BTC-21FEB20-12250-C,10255.99,69.52,0.0015,50.0,0.0025,30.2,76.73,1.42129,-7.53733,0.09015,0.0001,0.0483
10387.18,SYN.BTC-28FEB20,1581677943698,open,0.01,501.8,0.004,0.0355,0.01541541,64.14,0.014,0.0,BTC-28FEB20-11500-C,10255.99,63.42,0.015,24.0,0.016,6.7,65.13,6.0926,-14.08044,0.83242,0.00023,0.22622
10387.18,SYN.BTC-28FEB20,1581677943697,open,0.36,15.3,0.3615,0.387,0.37429878,83.0,0.301,0.0,BTC-28FEB20-6500-C,10255.99,0.0,0.374,12.1,0.3835,12.0,170.2,0.09598,-0.28705,2.465,0.0,0.99855
11230.31,SYN.BTC-25SEP20,1581677943699,open,1.57,0.0,1.4575,1.6025,1.52219503,78.85,None,0.0,BTC-25SEP20-28000-P,10255.99,0.0,0.0005,1.0,0.0,0.0,0.0,17.68589,-3.11471,-165.40672,3e-05,-0.87911
10321.33,SYN.BTC-21FEB20,1581677943696,open,0.07,50.5,0.064,0.1095,0.08481565,55.89,0.075,0.0,BTC-21FEB20-9500-C,10255.99,36.08,0.0805,11.0,0.098,11.0,91.6,3.02042,-12.27539,1.52373,0.00027,0.86851
10264.89,SYN.BTC-15FEB20,1581677943698,open,0.06,0.0,0.027,0.0715,0.04807894,61.2,None,0.0,BTC-15FEB20-10750-P,10255.99,0.0,0.03,5.0,0.0625,5.0,168.73,0.62672,-19.17904,-0.24245,0.00041,-0.93641
11230.31,SYN.BTC-25SEP20,1581677943698,open,0.56,1.9,0.472,0.5995,0.52958068,71.56,0.6255,0.0,BTC-25SEP20-16000-P,10255.99,0.0,0.0005,1.0,0.655,0.5,112.34,32.98691,-5.27176,-80.38152,6e-05,-0.63736
10264.89,SYN.BTC-15FEB20,1581677943697,open,0.0,133.5,0.0005,0.017,0.00263811,51.99,0.0035,0.0,BTC-15FEB20-10500-C,10255.99,46.99,0.002,24.0,0.0035,44.0,58.2,1.36606,-27.07989,0.04624,0.00104,0.19038
10274.3,SYN.BTC-16FEB20,1581677943696,open,0.0,0.032,0.0725,0.05219686,50.52,None,0.0,BTC-16FEB20-9750-C,10255.99,0.0,0.039,3.0,0.064,3.0,115.84,1.00559,-13.54189,0.46265,0.00037,0.92846
10264.89,SYN.BTC-15FEB20,1581677943697,open,0.0,138.9,0.0005,0.0105,4.149e-05,62.33,0.0005,0.0,BTC-15FEB20-11125-C,10255.99,0.0,0.0,0.0,0.0005,30.0,86.84,0.06473,-0.42587,0.00107,4e-05,0.00439
10264.89,SYN.BTC-15FEB20,1581677943699,open,0.08,0.0,0.039,0.0825,0.05973123,60.41,None,0.0,BTC-15FEB20-10875-P,10255.99,0.0,0.042,4.0,0.0735,4.0,180.52,0.30766,-9.29317,-0.25448,0.0002,-0.97359
10274.3,SYN.BTC-16FEB20,1581677943696,open,0.0,0.0005,0.0185,0.00397696,47.02,None,0.0,BTC-16FEB20-10000-P,10255.99,42.05,0.003,24.1,0.0045,24.0,49.54,2.0999,-26.31933,-0.11097,0.00082,-0.2062
10321.33,SYN.BTC-21FEB20,1581677943698,open,0.0,237.6,0.0005,0.0105,0.00011651,70.79,0.0005,0.0,BTC-21FEB20-8000-P,10255.99,0.0,0.0,0.0,0.0005,30.0,84.43,0.15965,-0.82185,-0.00758,1e-05,-0.00378
10264.89,SYN.BTC-15FEB20,1581677943699,open,0.06,0.0,0.056,0.0935,0.07458123,64.0,None,0.0,BTC-15FEB20-9500-C,10255.99,0.0,0.064,5.0,0.0855,5.0,196.14,0.09129,-2.92142,0.22631,6e-05,0.99354
10387.18,SYN.BTC-28FEB20,1581677943699,open,0.01,425.7,0.0005,0.026,0.00941874,66.76,0.008,0.0,BTC-28FEB20-12000-C,10255.99,65.82,0.009,24.0,0.01,3.0,68.03,4.68585,-11.27183,0.54833,0.00017,0.14828
272.47,SYN.ETH-21FEB20,1581677944184,open,0.14,230.0,0.132,0.193,0.16287,101.77,0.141,0.0,ETH-21FEB20-230-C,270.45,49.48,0.156,16.0,0.19,16.0,182.67,0.06551,-0.48484,0.03785,0.0046,0.90025
274.44,SYN.ETH-28FEB20,1581677944184,open,0.06,307.0,0.019,0.08,0.04654,92.18,0.055,0.0,ETH-28FEB20-260-P,270.45,85.86,0.042,270.0,0.047,596.0,92.82,0.1978,-0.65702,-0.04117,0.00749,-0.34807
272.47,SYN.ETH-21FEB20,1581677944184,open,0.28,45.0,0.282,0.325,0.303269,117.45,0.16,0.0,ETH-21FEB20-190-C,270.45,0.0,0.302,2.0,0.318,17.0,224.93,0.01019,-0.087,0.03523,0.00062,0.98975
274.44,SYN.ETH-28FEB20,1581677944184,open,0.04,315.0,0.021,0.083,0.050129,94.04,0.045,0.0,ETH-28FEB20-290-C,270.45,89.93,0.047,484.0,0.053,210.0,97.81,0.20885,-0.70776,0.03829,0.00776,0.41717
274.44,SYN.ETH-28FEB20,1581677944184,open,0.05,518.0,0.03,0.097,0.062333,91.78,0.067,0.0,ETH-28FEB20-280-C,270.45,88.78,0.06,476.0,0.066,210.0,96.49,0.21341,-0.7058,0.04472,0.00812,0.49095
282.22,ETH-27MAR20,1581677944198,open,0.49,5.0,0.39,0.503,0.443842,94.55,2.004,0.0,ETH-27MAR20-400-P,270.45,0.0,0.046,50.0,0.95,1.0,500.0,0.24771,-0.27964,-0.41036,0.00287,-0.82355
282.22,ETH-27MAR20,1581677944205,open,0.04,735.0,0.011,0.055,0.029681,88.21,0.028,0.0,ETH-27MAR20-220-P,270.45,86.18,0.028,227.0,0.031,290.0,89.79,0.23525,-0.24778,-0.06233,0.00292,-0.16282
274.44,SYN.ETH-28FEB20,1581677944380,open,0.7,1.0,0.699,0.718,0.708515,189.17,0.522,0.0,ETH-28FEB20-80-C,270.45,0.0,0.704,29.0,0.715,30.0,368.52,0.00043,-0.0029,0.03039,1e-05,0.99979
274.44,SYN.ETH-28FEB20,1581677944393,open,0.7,1.0,0.699,0.718,0.708515,189.17,0.522,0.0,ETH-28FEB20-80-C,270.45,0.0,0.704,29.0,0.715,29.0,368.52,0.00043,-0.0029,0.03039,1e-05,0.99979
10940.38,BTC-26JUN20,1581677944738,open,0.3,230.0,0.283,0.3445,0.31108744,66.58,0.3255,0.0,BTC-26JUN20-8000-C,10256.39,64.49,0.308,7.9,0.318,21.0,71.14,16.29059,-4.08123,20.92503,6e-05,0.83648
10649.91,BTC-27MAR20,1581677944755,open,0.06,591.9,0.0335,0.087,0.05672552,64.05,0.058,0.0,BTC-27MAR20-10000-P,10256.39,61.87,0.054,3.0,0.0555,19.3,63.07,13.29147,-10.16561,-4.90916,0.00016,-0.34506
10649.91,BTC-27MAR20,1581677944760,open,0.06,591.9,0.0335,0.087,0.05672552,64.05,0.058,0.0,BTC-27MAR20-10000-P,10256.39,62.27,0.0545,16.1,0.0555,19.3,63.07,13.29147,-10.16561,-4.90916,0.00016,-0.34506
297.59,SYN.ETH-25SEP20,1581677944903,open,0.18,168.0,0.121,0.233,0.175383,94.9,0.153,0.0,ETH-25SEP20-240-P,270.45,78.87,0.135,263.0,0.157,263.0,87.6,0.74733,-0.15839,-0.78425,0.00145,-0.2543
294.51,ETH-26JUN20,1581677945191,open,1.41,0.0,1.253,1.431,1.336705,95.53,None,0.0,ETH-26JUN20-680-P,270.46,0.0,0.0,0.0,0.0,0.0,0.0,0.36023,-0.12949,-2.37417,0.00119,-0.87771
294.51,ETH-26JUN20,1581677945191,open,0.02,0.0,0.009,0.059,0.028099,95.78,None,0.0,ETH-26JUN20-680-C,270.46,0.0,0.0,0.0,0.0,0.0,0.0,0.36218,-0.13054,0.102,0.0012,0.12324
297.5,SYN.ETH-25SEP20,1581677945191,open,1.69,0.0,1.512,1.736,1.618198,98.43,None,0.0,ETH-25SEP20-760-P,270.46,0.0,0.0,0.0,0.0,0.0,0.0,0.658,-0.14466,-4.40716,0.00123,-0.79707
272.38,SYN.ETH-21FEB20,1581677945191,open,0.26,0.0,0.179,0.269,0.22142,116.63,None,0.0,ETH-21FEB20-330-P,270.46,0.0,0.0,0.0,0.0,0.0,0.0,0.07977,-0.67653,-0.05592,0.00489,-0.86837
297.5,SYN.ETH-25SEP20,1581677945191,open,1.82,0.0,1.644,1.88,1.755578,102.97,None,0.0,ETH-25SEP20-800-P,270.46,0.0,0.0,0.0,0.0,0.0,0.0,0.6622,-0.15228,-4.65386,0.00118,-0.79489
272.38,SYN.ETH-21FEB20,1581677945191,open,0.02,920.0,0.004,0.049,0.021548,102.49,0.02,0.0,ETH-21FEB20-300-C,270.46,99.05,0.02,280.0,0.023,248.0,105.67,0.12335,-0.91938,0.01269,0.00861,0.26888
297.5,SYN.ETH-25SEP20,1581677945191,open,0.06,0.0,0.027,0.114,0.064383,98.82,None,0.0,ETH-25SEP20-760-C,270.46,83.38,0.034,38.0,0.085,38.0,107.61,0.6614,-0.14597,0.25603,0.00123,0.20469
272.38,SYN.ETH-21FEB20,1581677945191,open,0.15,1.0,0.081,0.166,0.122583,101.7,0.143,0.0,ETH-21FEB20-300-P,270.46,0.0,0.04,10.0,0.242,25.0,327.95,0.12291,-0.90898,-0.0439,0.00865,-0.73305
