underlying_price,underlying_index,timestamp,state,settlement_price,open_interest,min_price,max_price,mark_price,mark_iv,last_price,interest_rate,instrument_name,index_price,bid_iv,best_bid_price,best_bid_amount,best_ask_price,best_ask_amount,ask_iv,vega,theta,rho,gamma,delta
150.63,SYN.ETH-3APR20,1584701939993,open,0.01,952.0,0.0005,0.022,0.007322,207.35,0.007,0.0,ETH-3APR20-80-P,151.74,187.81,0.0045,54.0,0.011,384.0,227.58,0.02458,-0.18365,-0.00263,0.00137,-0.03859
150.63,SYN.ETH-3APR20,1584701939995,open,0.01,952.0,0.0005,0.022,0.007322,207.35,0.007,0.0,ETH-3APR20-80-P,151.74,187.81,0.0045,54.0,0.011,84.0,227.58,0.02458,-0.18365,-0.00263,0.00137,-0.03859
149.57,SYN.ETH-25SEP20,1584701940007,open,0.06,1787.0,0.0195,0.068,0.051359,133.12,0.063,0.0,ETH-25SEP20-60-P,151.74,119.63,0.038,47.0,0.0615,346.0,142.78,0.15382,-0.05421,-0.09854,0.001,-0.07598
149.57,SYN.ETH-25SEP20,1584701940009,open,0.06,1787.0,0.0195,0.068,0.051359,133.12,0.063,0.0,ETH-25SEP20-60-P,151.74,119.63,0.038,47.0,0.0615,47.0,142.78,0.15382,-0.05421,-0.09854,0.001,-0.07598
150.11,ETH-26JUN20,1584701940011,open,0.05,20.0,0.009,0.0535,0.038757,143.86,0.044,0.0,ETH-26JUN20-70-P,151.74,129.37,0.028,47.0,0.047,367.0,154.17,0.11695,-0.08595,-0.0483,0.00135,-0.08128
150.11,ETH-26JUN20,1584701940012,open,0.05,20.0,0.009,0.0535,0.038757,143.86,0.044,0.0,ETH-26JUN20-70-P,151.74,129.37,0.028,47.0,0.047,67.0,154.17,0.11695,-0.08595,-0.0483,0.00135,-0.08128
150.12,ETH-26JUN20,1584701940015,open,0.06,1307.0,0.0195,0.0935,0.065285,132.21,0.054,0.0,ETH-26JUN20-320-C,151.74,126.71,0.057,20.0,0.074,317.0,137.73,0.23176,-0.15653,0.06335,0.0029,0.22265
150.12,ETH-26JUN20,1584701940017,open,0.06,1307.0,0.0195,0.0935,0.065285,132.21,0.054,0.0,ETH-26JUN20-320-C,151.74,126.71,0.057,20.0,0.074,20.0,137.73,0.23176,-0.15653,0.06335,0.0029,0.22265
150.12,ETH-26JUN20,1584701940018,open,0.03,1891.0,0.004,0.0415,0.026659,149.02,0.0425,0.0,ETH-26JUN20-60-P,151.74,131.45,0.017,50.0,0.034,370.0,160.74,0.08982,-0.06837,-0.03396,0.001,-0.05771
150.12,ETH-26JUN20,1584701940021,open,0.03,1891.0,0.004,0.0415,0.026659,149.02,0.0425,0.0,ETH-26JUN20-60-P,151.74,131.45,0.017,50.0,0.034,70.0,160.74,0.08982,-0.06837,-0.03396,0.001,-0.05771
150.5,SYN.ETH-24APR20,1584701940037,open,0.01,9494.0,0.0005,0.0285,0.013845,165.25,0.0145,0.0,ETH-24APR20-360-C,151.74,158.2,0.011,613.0,0.017,265.0,172.18,0.06468,-0.15322,0.00854,0.00181,0.07325
151.6,SYN.ETH-21MAR20,1584701940037,open,0.08,0.0,0.0005,0.0725,0.020498,130.9,None,0.0,ETH-21MAR20-150-P,151.74,128.3,0.02,213.0,0.0445,213.0,255.4,0.02905,-1.90126,-0.00161,0.04025,-0.42155
150.5,SYN.ETH-24APR20,1584701940052,open,0.03,671.0,0.01,0.0635,0.043813,146.06,0.033,0.0,ETH-24APR20-240-C,151.74,141.13,0.0395,63.0,0.048,563.0,150.69,0.13391,-0.28041,0.02384,0.00424,0.20957
150.67,ETH-27MAR20,1584701940055,open,0.0,1368.0,0.0005,0.0155,0.002343,231.01,0.002,0.0,ETH-27MAR20-300-C,151.71,206.86,0.001,300.0,0.0045,264.0,254.86,0.01087,-0.18254,0.00056,0.0011,0.02203
150.67,ETH-27MAR20,1584701940056,open,0.0,6278.0,0.0005,0.0155,0.000449,231.49,0.0005,0.0,ETH-27MAR20-360-C,151.71,0.0,0.0,0.0,0.0035,418.0,295.57,0.00294,-0.04947,0.00013,0.0003,0.0049
150.08,ETH-26JUN20,1584701940056,open,1.35,124.0,1.0945,1.2805,1.196913,131.87,1.68,0.0,ETH-26JUN20-320-P,151.71,0.0,0.7085,10.0,1.709,10.0,400.0,0.23097,-0.15559,-0.79502,0.0029,-0.77858
150.08,ETH-26JUN20,1584701940057,open,4.18,1.0,3.6575,3.9545,3.806296,141.62,4.3,0.0,ETH-26JUN20-720-P,151.71,0.0,3.3225,10.0,4.324,10.0,447.98,0.06456,-0.04671,-1.91887,0.00075,-0.96176
150.08,ETH-26JUN20,1584701940057,open,0.19,408.0,0.0875,0.1895,0.155575,133.75,0.2385,0.0,ETH-26JUN20-120-P,151.71,121.9,0.136,282.0,0.175,282.0,145.53,0.24784,-0.16934,-0.16389,0.00307,-0.25167
150.08,ETH-26JUN20,1584701940057,open,3.61,0.0,3.1405,3.4095,3.276741,140.54,None,0.0,ETH-26JUN20-640-P,151.71,0.0,2.792,10.0,3.7925,10.0,438.49,0.08226,-0.05906,-1.70036,0.00097,-0.94834
150.08,ETH-26JUN20,1584701940057,open,2.75,0.0,2.366,2.597,2.48491,136.75,None,0.0,ETH-26JUN20-520-P,151.71,0.0,1.999,10.0,2.9995,10.0,423.27,0.11625,-0.08121,-1.37002,0.00141,-0.91935
150.08,ETH-26JUN20,1584701940057,open,3.32,0.0,2.8825,3.1385,3.011897,138.78,None,0.0,ETH-26JUN20-600-P,151.71,0.0,2.527,10.0,3.5275,10.0,433.56,0.09054,-0.06419,-1.59109,0.00108,-0.94168
150.64,ETH-27MAR20,1584701940059,open,3.02,1.0,2.609,2.832,2.716981,0.0,3.65,0.0,ETH-27MAR20-560-P,151.71,0.0,0.02,50.0,0.0,0.0,0.0,0.0,0.0,-0.10549,0.0,-1.0
149.55,SYN.ETH-25SEP20,1584701940056,open,5.35,0.0,4.718,5.1055,4.90791,130.25,None,0.0,ETH-25SEP20-880-P,151.71,0.0,0.0,0.0,0.0,0.0,0.0,0.1559,-0.05375,-4.51211,0.00103,-0.92265
150.5,SYN.ETH-24APR20,1584701940056,open,0.45,0.0,0.438,0.5115,0.486561,163.26,None,0.0,ETH-24APR20-80-C,151.71,0.0,0.0005,4.0,0.0,0.0,0.0,0.05985,-0.14008,0.06431,0.00169,0.93377
149.55,SYN.ETH-25SEP20,1584701940056,open,5.07,0.0,4.459,4.8335,4.643145,130.33,None,0.0,ETH-25SEP20-840-P,151.71,0.0,0.0,0.0,0.0,0.0,0.0,0.16744,-0.05777,-4.30128,0.00111,-0.91497
150.5,SYN.ETH-24APR20,1584701940055,open,0.13,253.0,0.052,0.136,0.102764,142.2,0.152,0.0,ETH-24APR20-130-P,151.71,136.75,0.097,337.0,0.109,192.0,148.09,0.15929,-0.32474,-0.05651,0.00518,-0.29018
150.5,SYN.ETH-24APR20,1584701940055,open,0.51,0.0,0.5065,0.5675,0.54674,171.97,None,0.0,ETH-24APR20-70-C,151.71,0.0,0.0005,4.0,0.0,0.0,0.0,0.04333,-0.10682,0.05885,0.00116,0.95597
150.5,SYN.ETH-24APR20,1584701940056,open,0.02,1423.0,0.0005,0.0265,0.011854,171.94,0.0145,0.0,ETH-24APR20-70-P,151.71,163.32,0.0095,293.0,0.0145,240.0,180.69,0.04331,-0.10676,-0.00803,0.00116,-0.04401
149.55,SYN.ETH-25SEP20,1584701940056,open,2.52,0.0,2.1465,2.4165,2.279063,125.28,None,0.0,ETH-25SEP20-480-P,151.71,0.0,0.0,0.0,0.0,0.0,0.0,0.30075,-0.09974,-2.38318,0.00207,-0.80048
149.55,SYN.ETH-25SEP20,1584701940056,open,2.24,0.0,1.895,2.155,2.02334,125.16,None,0.0,ETH-25SEP20-440-P,151.71,0.0,0.0,0.0,0.0,0.0,0.0,0.32435,-0.10747,-2.16393,0.00224,-0.77289
149.55,SYN.ETH-25SEP20,1584701940056,open,2.79,0.0,2.3955,2.6675,2.538594,126.3,None,0.0,ETH-25SEP20-520-P,151.71,0.0,0.0,0.0,0.0,0.0,0.0,0.28178,-0.09421,-2.59952,0.00193,-0.82051
149.55,SYN.ETH-25SEP20,1584701940058,open,3.64,0.0,3.1655,3.47,3.322114,127.72,None,0.0,ETH-25SEP20-640-P,151.71,0.0,0.0,0.0,0.0,0.0,0.0,0.22843,-0.07723,-3.24362,0.00155,-0.8693
149.55,SYN.ETH-25SEP20,1584701940060,open,3.92,0.0,3.426,3.75,3.586337,129.0,None,0.0,ETH-25SEP20-680-P,151.71,0.0,0.0,0.0,0.0,0.0,0.0,0.21696,-0.07409,-3.4553,0.00145,-0.87861
149.55,SYN.ETH-25SEP20,1584701940056,open,4.49,0.0,3.942,4.2905,4.114018,129.84,None,0.0,ETH-25SEP20-760-P,151.71,0.0,0.0,0.0,0.0,0.0,0.0,0.19074,-0.06556,-3.87912,0.00127,-0.89859
149.55,SYN.ETH-25SEP20,1584701940057,open,0.8,307.0,0.595,0.7925,0.699497,124.8,1.124,0.0,ETH-25SEP20-220-P,151.71,0.0,0.154,1.0,1.6475,1.0,500.0,0.4291,-0.14177,-0.92242,0.00297,-0.49245
149.55,SYN.ETH-25SEP20,1584701940057,open,3.07,0.0,2.6515,2.9335,2.798786,126.88,None,0.0,ETH-25SEP20-560-P,151.71,0.0,0.0,0.0,0.0,0.0,0.0,0.26285,-0.08829,-2.81516,0.00179,-0.83897
150.63,SYN.ETH-3APR20,1584701940055,open,0.02,62.0,0.0015,0.0355,0.017767,182.48,0.028,0.0,ETH-3APR20-100-P,151.71,170.21,0.014,300.0,0.022,378.0,195.1,0.04843,-0.31845,-0.00628,0.00308,-0.09188
151.6,SYN.ETH-21MAR20,1584701940056,open,0.0,95.0,0.0005,0.0595,0.016439,132.25,0.0145,0.0,ETH-21MAR20-155-C,151.71,121.79,0.0145,307.0,0.031,278.0,208.79,0.02824,-1.86721,0.00132,0.03872,0.37842
150.5,SYN.ETH-24APR20,1584701940056,open,0.58,0.0,0.5765,0.6265,0.608837,182.65,None,0.0,ETH-24APR20-60-C,151.71,0.0,0.5915,32.0,0.6295,32.0,254.44,0.02989,-0.07826,0.05222,0.00076,0.972
150.5,SYN.ETH-24APR20,1584701940077,open,0.03,671.0,0.01,0.0635,0.043813,146.06,0.033,0.0,ETH-24APR20-240-C,151.71,141.13,0.0395,63.0,0.048,216.0,150.69,0.13391,-0.28041,0.02384,0.00424,0.20957
149.55,SYN.ETH-25SEP20,1584701940056,open,4.21,0.0,3.6835,4.0195,3.849416,129.06,None,0.0,ETH-25SEP20-720-P,151.71,0.0,0.0,0.0,0.0,0.0,0.0,0.20177,-0.06893,-3.66801,0.00135,-0.8904
149.55,SYN.ETH-25SEP20,1584701940056,open,4.78,0.0,4.2,4.5615,4.37814,129.88,None,0.0,ETH-25SEP20-800-P,151.71,0.0,0.0,0.0,0.0,0.0,0.0,0.17777,-0.06112,-4.09069,0.00118,-0.90786
149.55,SYN.ETH-25SEP20,1584701940057,open,1.17,684.0,0.925,1.1445,1.038476,124.78,1.228,0.0,ETH-25SEP20-280-P,151.71,0.0,0.0,0.0,2.42,1.0,500.0,0.41598,-0.13741,-1.26695,0.00288,-0.59868
149.55,SYN.ETH-25SEP20,1584701940083,open,0.12,522.0,0.05,0.1265,0.09256,127.1,0.1,0.0,ETH-25SEP20-80-P,151.71,117.93,0.079,287.0,0.106,327.0,136.01,0.22374,-0.07528,-0.1698,0.00152,-0.12685
149.55,SYN.ETH-25SEP20,1584701940092,open,0.04,315.0,0.009,0.0685,0.039373,129.01,0.022,0.0,ETH-25SEP20-680-C,151.71,120.87,0.0285,50.0,0.049,350.0,135.27,0.21699,-0.0741,0.06349,0.00145,0.12142
149.55,SYN.ETH-25SEP20,1584701940095,open,0.04,315.0,0.009,0.0685,0.039373,129.01,0.022,0.0,ETH-25SEP20-680-C,151.71,120.87,0.0285,50.0,0.049,50.0,135.27,0.21699,-0.0741,0.06349,0.00145,0.12142
149.55,SYN.ETH-25SEP20,1584701940095,open,0.04,315.0,0.009,0.0685,0.039373,129.01,0.022,0.0,ETH-25SEP20-680-C,151.71,120.87,0.0285,51.0,0.049,50.0,135.27,0.21699,-0.0741,0.06349,0.00145,0.12142
149.55,SYN.ETH-25SEP20,1584701940096,open,0.03,222.0,0.0075,0.062,0.035607,129.53,0.029,0.0,ETH-25SEP20-720-C,151.71,120.99,0.025,51.0,0.045,351.0,136.0,0.2037,-0.06985,0.0584,0.00136,0.11107
149.55,SYN.ETH-25SEP20,1584701940098,open,0.04,315.0,0.009,0.0685,0.039373,129.01,0.022,0.0,ETH-25SEP20-680-C,151.71,120.87,0.0285,51.0,0.049,51.0,135.27,0.21699,-0.0741,0.06349,0.00145,0.12142
150.08,ETH-26JUN20,1584701940098,open,0.12,1109.0,0.0725,0.182,0.142249,130.88,0.133,0.0,ETH-26JUN20-220-C,151.71,124.52,0.1295,301.0,0.1425,3.0,131.01,0.30227,-0.2021,0.10808,0.00382,0.41082
150.64,ETH-27MAR20,1584701940101,open,1.01,1218.0,0.805,0.916,0.862048,223.35,1.12,0.0,ETH-27MAR20-280-P,151.71,0.0,0.8585,100.0,1.6625,12.0,500.0,0.01438,-0.23363,-0.05196,0.00151,-0.96918
149.55,SYN.ETH-25SEP20,1584701940103,open,0.03,222.0,0.0075,0.062,0.035607,129.53,0.029,0.0,ETH-25SEP20-720-C,151.71,120.99,0.025,51.0,0.045,51.0,136.0,0.2037,-0.06985,0.0584,0.00136,0.11107
150.5,SYN.ETH-24APR20,1584701940105,open,0.01,3555.0,0.0005,0.0235,0.008799,177.79,0.0065,0.0,ETH-24APR20-440-C,151.71,169.46,0.0065,240.0,0.0115,265.0,186.02,0.04546,-0.11587,0.00546,0.00118,0.04674
149.55,SYN.ETH-25SEP20,1584701940106,open,0.03,49.0,0.006,0.0565,0.032115,129.85,0.02,0.0,ETH-25SEP20-760-C,151.71,121.08,0.022,52.0,0.041,300.0,136.36,0.19077,-0.06557,0.05364,0.00127,0.10143
149.55,SYN.ETH-25SEP20,1584701940108,open,0.03,49.0,0.006,0.0565,0.032115,129.85,0.02,0.0,ETH-25SEP20-760-C,151.71,121.08,0.022,52.0,0.042,52.0,137.04,0.19077,-0.06557,0.05364,0.00127,0.10143
150.11,ETH-26JUN20,1584701940109,open,0.04,1477.0,0.012,0.0735,0.051121,134.07,0.0455,0.0,ETH-26JUN20-360-C,151.71,128.29,0.0435,20.0,0.059,320.0,139.69,0.20445,-0.14003,0.05215,0.00252,0.18067
150.11,ETH-26JUN20,1584701940111,open,0.04,1477.0,0.012,0.0735,0.051121,134.07,0.0455,0.0,ETH-26JUN20-360-C,151.71,128.29,0.0435,20.0,0.059,20.0,139.69,0.20445,-0.14003,0.05215,0.00252,0.18067
150.5,SYN.ETH-24APR20,1584701940114,open,0.03,4050.0,0.0055,0.049,0.03403,148.71,0.0275,0.0,ETH-24APR20-260-C,151.71,143.4,0.03,259.0,0.038,560.0,153.7,0.11711,-0.24968,0.01936,0.00364,0.16864
150.5,SYN.ETH-24APR20,1584701940116,open,0.03,4050.0,0.0055,0.049,0.03403,148.71,0.0275,0.0,ETH-24APR20-260-C,151.71,143.4,0.03,259.0,0.038,210.0,153.7,0.11711,-0.24968,0.01936,0.00364,0.16864
150.5,SYN.ETH-24APR20,1584701940125,open,0.01,3668.0,0.0005,0.025,0.010012,169.39,0.008,0.0,ETH-24APR20-400-C,151.71,163.08,0.008,240.0,0.012,1.0,174.93,0.05119,-0.12431,0.00636,0.0014,0.05424
6870.17,BTC-27MAR20,1584701940126,open,0.01,742.0,0.002,0.066,0.02924817,179.5,0.026,0.0,BTC-27MAR20-8500-C,6878.97,172.81,0.0265,28.4,0.032,38.6,186.03,2.8589,-37.31885,0.25901,0.00018,0.22939
150.08,ETH-26JUN20,1584701940127,open,0.04,5489.0,0.0075,0.058,0.040705,135.69,0.0245,0.0,ETH-26JUN20-400-C,151.71,129.86,0.034,20.0,0.048,320.0,141.55,0.17982,-0.12465,0.0433,0.00219,0.14829
150.08,ETH-26JUN20,1584701940129,open,0.04,5489.0,0.0075,0.058,0.040705,135.69,0.0245,0.0,ETH-26JUN20-400-C,151.71,129.86,0.034,20.0,0.048,20.0,141.55,0.17982,-0.12465,0.0433,0.00219,0.14829
150.63,SYN.ETH-3APR20,1584701940130,open,0.03,1.0,0.009,0.0885,0.044511,157.59,0.0315,0.0,ETH-3APR20-190-C,151.71,145.76,0.037,68.0,0.052,299.0,168.92,0.09774,-0.55502,0.01311,0.00719,0.27354
150.63,SYN.ETH-3APR20,1584701940131,open,0.03,1.0,0.009,0.0885,0.044511,157.59,0.0315,0.0,ETH-3APR20-190-C,151.71,145.76,0.037,68.0,0.052,8.0,168.92,0.09774,-0.55502,0.01311,0.00719,0.27354
150.5,SYN.ETH-24APR20,1584701940133,open,0.02,1505.0,0.0035,0.042,0.027237,151.84,0.0225,0.0,ETH-24APR20-280-C,151.71,146.18,0.0235,306.0,0.031,606.0,157.2,0.10267,-0.2235,0.01597,0.00312,0.13827
150.5,SYN.ETH-24APR20,1584701940136,open,0.02,1505.0,0.0035,0.042,0.027237,151.84,0.0225,0.0,ETH-24APR20-280-C,151.71,146.18,0.0235,306.0,0.031,256.0,157.2,0.10267,-0.2235,0.01597,0.00312,0.13827
150.63,SYN.ETH-3APR20,1584701940137,open,0.02,301.0,0.006,0.076,0.035446,160.32,0.0265,0.0,ETH-3APR20-200-C,151.71,149.0,0.029,71.0,0.042,307.0,171.21,0.08839,-0.51065,0.01094,0.00639,0.22642
150.63,SYN.ETH-3APR20,1584701940139,open,0.02,301.0,0.006,0.076,0.035446,160.32,0.0265,0.0,ETH-3APR20-200-C,151.71,149.0,0.029,71.0,0.042,11.0,171.21,0.08839,-0.51065,0.01094,0.00639,0.22642
150.5,SYN.ETH-24APR20,1584701940147,open,0.02,1594.0,0.001,0.033,0.018198,157.55,0.017,0.0,ETH-24APR20-320-C,151.71,152.21,0.0155,265.0,0.021,1.0,162.69,0.07916,-0.1788,0.01117,0.00232,0.09587
150.5,SYN.ETH-24APR20,1584701940149,open,0.01,9494.0,0.0005,0.0285,0.013845,165.25,0.0145,0.0,ETH-24APR20-360-C,151.71,158.2,0.011,263.0,0.017,265.0,172.18,0.06468,-0.15322,0.00854,0.00181,0.07325
150.08,ETH-26JUN20,1584701940150,open,0.02,864.0,0.003,0.0415,0.026518,137.93,0.027,0.0,ETH-26JUN20-480-C,151.71,132.78,0.022,20.0,0.0315,1.0,143.09,0.13831,-0.09745,0.03035,0.00166,0.10193
149.55,SYN.ETH-25SEP20,1584701940158,open,0.03,200.0,0.005,0.0515,0.029466,130.47,0.021,0.0,ETH-25SEP20-800-C,151.71,121.22,0.0195,52.0,0.039,352.0,137.78,0.18019,-0.06224,0.04982,0.00119,0.09384
149.55,SYN.ETH-25SEP20,1584701940159,open,0.03,200.0,0.005,0.0515,0.029466,130.47,0.021,0.0,ETH-25SEP20-800-C,151.71,121.22,0.0195,52.0,0.039,52.0,137.78,0.18019,-0.06224,0.04982,0.00119,0.09384
150.08,ETH-26JUN20,1584701940161,open,0.03,1713.0,0.005,0.048,0.033398,137.58,0.0325,0.0,ETH-26JUN20-440-C,151.71,131.24,0.027,20.0,0.0405,320.0,143.96,0.1594,-0.11204,0.0366,0.00192,0.12435
150.08,ETH-26JUN20,1584701940162,open,0.03,1713.0,0.005,0.048,0.033398,137.58,0.0325,0.0,ETH-26JUN20-440-C,151.71,131.24,0.027,20.0,0.0405,20.0,143.96,0.1594,-0.11204,0.0366,0.00192,0.12435
149.55,SYN.ETH-25SEP20,1584701940164,open,0.08,523.0,0.0325,0.132,0.081574,125.34,0.07,0.0,ETH-25SEP20-440-C,151.71,118.63,0.0675,45.0,0.093,341.0,130.48,0.32493,-0.10781,0.11318,0.00224,0.22783
149.55,SYN.ETH-25SEP20,1584701940165,open,0.08,523.0,0.0325,0.132,0.081574,125.34,0.07,0.0,ETH-25SEP20-440-C,151.71,118.63,0.0675,45.0,0.093,45.0,130.48,0.32493,-0.10781,0.11318,0.00224,0.22783
150.08,ETH-26JUN20,1584701940167,open,0.02,469.0,0.002,0.036,0.021015,137.93,0.011,0.0,ETH-26JUN20-520-C,151.71,131.86,0.0165,20.0,0.0235,1.0,140.96,0.1192,-0.08399,0.0251,0.00143,0.08338
150.63,SYN.ETH-3APR20,1584701940168,open,0.01,1.0,0.0005,0.0265,0.01192,195.71,0.02,0.0,ETH-3APR20-90-P,151.71,177.66,0.008,51.0,0.016,381.0,211.76,0.03577,-0.25225,-0.00422,0.00212,-0.06173
150.63,SYN.ETH-3APR20,1584701940170,open,0.01,1.0,0.0005,0.0265,0.01192,195.71,0.02,0.0,ETH-3APR20-90-P,151.71,177.66,0.008,51.0,0.016,81.0,211.76,0.03577,-0.25225,-0.00422,0.00212,-0.06173
150.63,SYN.ETH-3APR20,1584701940171,open,0.01,1.0,0.0005,0.0265,0.01192,195.71,0.02,0.0,ETH-3APR20-90-P,151.71,177.66,0.008,52.0,0.016,81.0,211.76,0.03577,-0.25225,-0.00422,0.00212,-0.06173
149.55,SYN.ETH-25SEP20,1584701940171,open,0.03,2.0,0.0045,0.0475,0.027045,130.99,0.021,0.0,ETH-25SEP20-840-C,151.71,121.53,0.0175,53.0,0.0355,300.0,137.86,0.17015,-0.059,0.0463,0.00112,0.08687
149.55,SYN.ETH-25SEP20,1584701940173,open,0.03,2.0,0.0045,0.0475,0.027045,130.99,0.021,0.0,ETH-25SEP20-840-C,151.71,121.53,0.0175,53.0,0.0365,53.0,138.61,0.17015,-0.059,0.0463,0.00112,0.08687
149.55,SYN.ETH-25SEP20,1584701940174,open,0.07,1016.0,0.0255,0.117,0.069864,125.5,0.0525,0.0,ETH-25SEP20-480-C,151.71,119.12,0.0575,46.0,0.08,2.0,130.39,0.3015,-0.10016,0.10098,0.00208,0.20035
150.08,ETH-26JUN20,1584701940176,open,0.02,1804.0,0.0015,0.0335,0.018605,140.5,0.011,0.0,ETH-26JUN20-560-C,151.71,133.63,0.014,20.0,0.024,1.0,147.4,0.10897,-0.07822,0.02232,0.00128,0.07408
149.55,SYN.ETH-25SEP20,1584701940177,open,0.03,187.0,0.0035,0.0435,0.024377,130.99,0.0275,0.0,ETH-25SEP20-880-C,151.71,121.51,0.0155,53.0,0.033,300.0,138.41,0.15891,-0.0551,0.04252,0.00105,0.07932
149.55,SYN.ETH-25SEP20,1584701940179,open,0.03,187.0,0.0035,0.0435,0.024377,130.99,0.0275,0.0,ETH-25SEP20-880-C,151.71,121.51,0.0155,53.0,0.034,53.0,139.2,0.15891,-0.0551,0.04252,0.00105,0.07932
150.5,SYN.ETH-24APR20,1584701940181,open,0.01,3028.0,0.0005,0.0225,0.007515,182.65,0.007,0.0,ETH-24APR20-60-P,151.71,171.65,0.0055,240.0,0.01,240.0,194.24,0.02989,-0.07826,-0.00511,0.00076,-0.028
149.55,SYN.ETH-25SEP20,1584701940188,open,0.06,398.0,0.0165,0.091,0.061961,126.55,0.046,0.0,ETH-25SEP20-520-C,151.71,119.34,0.049,47.0,0.073,346.0,132.19,0.2827,-0.09471,0.09167,0.00193,0.18042
6878.0,SYN.BTC-21MAR20,1584701940189,open,0.01,77.0,0.0005,0.0225,0.00269468,189.26,0.0075,0.0,BTC-21MAR20-6000-P,6878.97,186.04,0.0025,20.0,0.005,0.4,221.16,0.42366,-18.53403,-0.01106,0.0002,-0.06431
149.55,SYN.ETH-25SEP20,1584701940189,open,0.06,398.0,0.0165,0.091,0.061961,126.55,0.046,0.0,ETH-25SEP20-520-C,151.71,119.34,0.049,47.0,0.073,47.0,132.19,0.2827,-0.09471,0.09167,0.00193,0.18042
150.08,ETH-26JUN20,1584701940191,open,0.01,3795.0,0.0005,0.03,0.015091,140.5,0.014,0.0,ETH-26JUN20-600-C,151.71,132.41,0.0105,20.0,0.0195,1.0,146.97,0.09458,-0.06789,0.01874,0.00111,0.06167
149.55,SYN.ETH-25SEP20,1584701940192,open,0.05,745.0,0.013,0.0805,0.05472,127.16,0.056,0.0,ETH-25SEP20-560-C,151.71,119.83,0.0425,48.0,0.0655,348.0,133.02,0.26396,-0.08886,0.08308,0.00179,0.16207
150.64,ETH-27MAR20,1584701940193,open,2.16,1.0,1.8355,2.0105,1.920343,0.0,2.11,0.0,ETH-27MAR20-440-P,151.71,0.0,1.522,12.0,2.7225,12.0,500.0,0.0,0.0,-0.08289,0.0,-1.0
149.55,SYN.ETH-25SEP20,1584701940194,open,0.05,745.0,0.013,0.0805,0.05472,127.16,0.056,0.0,ETH-25SEP20-560-C,151.71,119.83,0.0425,48.0,0.0655,48.0,133.02,0.26396,-0.08886,0.08308,0.00179,0.16207
150.08,ETH-26JUN20,1584701940195,open,0.01,4933.0,0.0005,0.028,0.0132,142.06,0.01,0.0,ETH-26JUN20-640-C,151.71,130.29,0.0075,75.0,0.021,375.0,153.86,0.0857,-0.06219,0.01658,0.001,0.05439
150.08,ETH-26JUN20,1584701940196,open,0.01,4933.0,0.0005,0.028,0.0132,142.06,0.01,0.0,ETH-26JUN20-640-C,151.71,130.29,0.0075,75.0,0.021,75.0,153.86,0.0857,-0.06219,0.01658,0.001,0.05439
149.55,SYN.ETH-25SEP20,1584701940198,open,0.04,407.0,0.0105,0.072,0.048422,127.61,0.038,0.0,ETH-25SEP20-600-C,151.71,120.21,0.037,49.0,0.059,349.0,133.74,0.24615,-0.08315,0.07538,0.00167,0.14583
149.55,SYN.ETH-25SEP20,1584701940200,open,0.04,407.0,0.0105,0.072,0.048422,127.61,0.038,0.0,ETH-25SEP20-600-C,151.71,120.21,0.037,49.0,0.059,49.0,133.74,0.24615,-0.08315,0.07538,0.00167,0.14583
150.08,ETH-26JUN20,1584701940201,open,0.01,2069.0,0.0005,0.0265,0.011772,143.78,0.0125,0.0,ETH-26JUN20-680-C,151.71,135.68,0.008,20.0,0.0165,1.0,151.89,0.07855,-0.05769,0.01488,0.0009,0.04875
149.55,SYN.ETH-25SEP20,1584701940203,open,0.04,1916.0,0.008,0.0645,0.043181,128.09,0.036,0.0,ETH-25SEP20-640-C,151.71,120.26,0.032,50.0,0.053,300.0,134.16,0.22996,-0.07798,0.06871,0.00155,0.13197
149.55,SYN.ETH-25SEP20,1584701940205,open,0.04,1916.0,0.008,0.0645,0.043181,128.09,0.036,0.0,ETH-25SEP20-640-C,151.71,120.26,0.032,50.0,0.0535,50.0,134.45,0.22996,-0.07798,0.06871,0.00155,0.13197
150.08,ETH-26JUN20,1584701940206,open,0.01,866.0,0.0005,0.0245,0.009816,143.78,0.011,0.0,ETH-26JUN20-720-C,151.71,134.13,0.006,20.0,0.0125,1.0,149.18,0.06897,-0.05066,0.01274,0.00079,0.04148
150.63,SYN.ETH-3APR20,1584701940208,open,0.16,12.0,0.055,0.189,0.120279,158.25,0.135,0.0,ETH-3APR20-150-P,151.71,137.7,0.1045,54.0,0.1365,265.0,179.43,0.11553,-0.65876,-0.0317,0.00846,-0.43337
150.63,SYN.ETH-3APR20,1584701940209,open,0.16,12.0,0.055,0.189,0.120279,158.25,0.135,0.0,ETH-3APR20-150-P,151.71,137.7,0.1045,54.0,0.1365,54.0,179.43,0.11553,-0.65876,-0.0317,0.00846,-0.43337
150.5,SYN.ETH-24APR20,1584701940210,open,0.27,2158.0,0.144,0.2575,0.210122,140.08,0.218,0.0,ETH-24APR20-160-P,151.71,132.67,0.201,25.0,0.219,169.0,147.31,0.18507,-0.37167,-0.09781,0.0061,-0.47006
150.5,SYN.ETH-24APR20,1584701940212,open,0.21,427.0,0.108,0.2135,0.169207,139.86,0.176,0.0,ETH-24APR20-150-P,151.71,133.46,0.1615,25.0,0.178,144.0,147.18,0.181,-0.36293,-0.0835,0.00598,-0.41145
150.63,SYN.ETH-3APR20,1584701940213,open,0.08,3.0,0.018,0.112,0.060262,161.2,0.0845,0.0,ETH-3APR20-130-P,151.71,145.77,0.0505,63.0,0.0705,326.0,177.07,0.09633,-0.55956,-0.01867,0.00693,-0.26575
150.63,SYN.ETH-3APR20,1584701940215,open,0.08,3.0,0.018,0.112,0.060262,161.2,0.0845,0.0,ETH-3APR20-130-P,151.71,145.77,0.0505,63.0,0.0705,55.0,177.07,0.09633,-0.55956,-0.01867,0.00693,-0.26575
150.11,ETH-26JUN20,1584701940216,open,0.37,169.0,0.2185,0.356,0.291607,122.66,0.4855,0.0,ETH-26JUN20-160-P,151.71,118.89,0.284,20.0,0.3305,182.0,142.08,0.30288,-0.18979,-0.28404,0.00409,-0.41405
150.11,ETH-26JUN20,1584701940217,open,0.37,169.0,0.2185,0.356,0.291607,122.66,0.4855,0.0,ETH-26JUN20-160-P,151.71,118.89,0.284,20.0,0.3305,20.0,142.08,0.30288,-0.18979,-0.28404,0.00409,-0.41405
150.5,SYN.ETH-24APR20,1584701940219,open,0.17,799.0,0.077,0.173,0.133852,140.99,0.17,0.0,ETH-24APR20-140-P,151.71,135.88,0.128,25.0,0.141,217.0,147.23,0.17241,-0.34849,-0.06966,0.00565,-0.35056
149.55,SYN.ETH-25SEP20,1584701940220,open,0.46,91.0,0.301,0.4615,0.386906,121.98,0.52,0.0,ETH-25SEP20-160-P,151.71,9.83,0.0765,200.0,0.417,152.0,133.28,0.40199,-0.12981,-0.57706,0.00285,-0.35877
150.08,ETH-26JUN20,1584701940220,open,1.91,0.0,1.597,1.7975,1.705417,135.25,None,0.0,ETH-26JUN20-400-P,151.71,0.0,1.216,10.0,2.2165,10.0,407.53,0.17874,-0.12349,-1.02963,0.00219,-0.85304
149.55,SYN.ETH-25SEP20,1584701940221,open,0.46,91.0,0.301,0.4615,0.386906,121.98,0.52,0.0,ETH-25SEP20-160-P,151.71,9.83,0.0765,200.0,0.8,1.0,312.52,0.40199,-0.12981,-0.57706,0.00285,-0.35877
150.11,ETH-26JUN20,1584701940222,open,0.07,2044.0,0.0165,0.0695,0.054607,140.48,0.0725,0.0,ETH-26JUN20-80-P,151.71,131.96,0.0465,12.0,0.063,358.0,148.98,0.14575,-0.10459,-0.06608,0.00172,-0.10956
150.11,ETH-26JUN20,1584701940224,open,0.07,2044.0,0.0165,0.0695,0.054607,140.48,0.0725,0.0,ETH-26JUN20-80-P,151.71,131.96,0.0465,12.0,0.063,64.0,148.98,0.14575,-0.10459,-0.06608,0.00172,-0.10956
149.55,SYN.ETH-25SEP20,1584701940225,open,0.11,1009.0,0.054,0.171,0.113631,124.87,0.114,0.0,ETH-25SEP20-360-C,151.71,117.63,0.096,42.0,0.124,333.0,128.97,0.37316,-0.12335,0.14302,0.00258,0.29844
149.55,SYN.ETH-25SEP20,1584701940227,open,0.11,1009.0,0.054,0.171,0.113631,124.87,0.114,0.0,ETH-25SEP20-360-C,151.71,117.63,0.096,42.0,0.124,42.0,128.97,0.37316,-0.12335,0.14302,0.00258,0.29844
150.63,SYN.ETH-3APR20,1584701940239,open,0.04,43.0,0.015,0.105,0.057436,156.55,0.06,0.0,ETH-3APR20-180-C,151.71,145.22,0.0495,66.0,0.0655,11.0,167.81,0.10677,-0.60232,0.01579,0.00791,0.33323
150.11,ETH-26JUN20,1584701940241,open,0.08,2038.0,0.0325,0.121,0.086456,130.85,0.0735,0.0,ETH-26JUN20-280-C,151.71,125.34,0.077,20.0,0.0955,308.0,135.96,0.2619,-0.17506,0.07812,0.00331,0.28052
150.11,ETH-26JUN20,1584701940243,open,0.08,2038.0,0.0325,0.121,0.086456,130.85,0.0735,0.0,ETH-26JUN20-280-C,151.71,125.34,0.077,20.0,0.0955,16.0,135.96,0.2619,-0.17506,0.07812,0.00331,0.28052
149.55,SYN.ETH-25SEP20,1584701940261,open,0.09,1978.0,0.0415,0.1495,0.095269,124.87,0.078,0.0,ETH-25SEP20-400-C,151.71,118.12,0.08,44.0,0.107,338.0,129.81,0.34831,-0.11513,0.12676,0.00241,0.25907
149.55,SYN.ETH-25SEP20,1584701940263,open,0.09,1978.0,0.0415,0.1495,0.095269,124.87,0.078,0.0,ETH-25SEP20-400-C,151.71,118.12,0.08,44.0,0.107,44.0,129.81,0.34831,-0.11513,0.12676,0.00241,0.25907
149.55,SYN.ETH-25SEP20,1584701940264,open,0.13,491.0,0.071,0.197,0.1368,124.87,0.1115,0.0,ETH-25SEP20-320-C,151.71,117.07,0.1165,40.0,0.1455,328.0,128.13,0.39654,-0.13108,0.16143,0.00274,0.3454
149.55,SYN.ETH-25SEP20,1584701940266,open,0.13,491.0,0.071,0.197,0.1368,124.87,0.1115,0.0,ETH-25SEP20-320-C,151.71,117.07,0.1165,40.0,0.1455,40.0,128.13,0.39654,-0.13108,0.16143,0.00274,0.3454
150.63,SYN.ETH-3APR20,1584701940268,open,0.02,62.0,0.0015,0.0355,0.017767,182.48,0.028,0.0,ETH-3APR20-100-P,151.71,164.94,0.0125,48.0,0.022,378.0,195.1,0.04843,-0.31845,-0.00628,0.00308,-0.09188
150.63,SYN.ETH-3APR20,1584701940269,open,0.02,62.0,0.0015,0.0355,0.017767,182.48,0.028,0.0,ETH-3APR20-100-P,151.71,164.94,0.0125,48.0,0.022,78.0,195.1,0.04843,-0.31845,-0.00628,0.00308,-0.09188
150.5,SYN.ETH-24APR20,1584701940271,open,0.04,434.0,0.0175,0.083,0.058927,144.92,0.047,0.0,ETH-24APR20-220-C,151.71,141.01,0.055,4.0,0.0625,25.0,148.41,0.1528,-0.31746,0.02984,0.00487,0.26645
149.55,SYN.ETH-25SEP20,1584701940272,open,0.13,491.0,0.071,0.197,0.1368,124.87,0.1115,0.0,ETH-25SEP20-320-C,151.71,117.07,0.1165,41.0,0.1455,40.0,128.13,0.39654,-0.13108,0.16143,0.00274,0.3454
150.63,SYN.ETH-3APR20,1584701940273,open,0.06,6.0,0.0365,0.1465,0.093164,152.41,0.064,0.0,ETH-3APR20-160-C,151.71,139.31,0.083,60.0,0.103,284.0,165.07,0.11699,-0.64251,0.02205,0.0089,0.47824
150.63,SYN.ETH-3APR20,1584701940283,open,0.06,6.0,0.0365,0.1465,0.093164,152.41,0.064,0.0,ETH-3APR20-160-C,151.71,139.31,0.083,60.0,0.103,15.0,165.07,0.11699,-0.64251,0.02205,0.0089,0.47824
150.5,SYN.ETH-24APR20,1584701940284,open,0.06,1314.0,0.0305,0.1085,0.077889,142.03,0.068,0.0,ETH-24APR20-200-C,151.71,137.21,0.0725,50.0,0.0835,727.0,146.98,0.16933,-0.34479,0.03686,0.00551,0.33424
150.5,SYN.ETH-24APR20,1584701940286,open,0.06,1314.0,0.0305,0.1085,0.077889,142.03,0.068,0.0,ETH-24APR20-200-C,151.71,137.21,0.0725,50.0,0.0835,392.0,146.98,0.16933,-0.34479,0.03686,0.00551,0.33424
150.11,ETH-26JUN20,1584701940287,open,0.02,2008.0,0.0005,0.0295,0.014672,149.03,0.0095,0.0,ETH-26JUN20-50-P,151.71,128.27,0.0075,53.0,0.02,73.0,161.38,0.06023,-0.04585,-0.02004,0.00067,-0.03512
150.5,SYN.ETH-24APR20,1584701940289,open,0.02,1367.0,0.002,0.0375,0.022526,155.46,0.0195,0.0,ETH-24APR20-300-C,151.71,150.27,0.0195,74.0,0.0255,25.0,160.24,0.09085,-0.20249,0.01344,0.0027,0.11599
150.63,SYN.ETH-3APR20,1584701940290,open,0.12,8.0,0.033,0.1485,0.087765,160.3,0.108,0.0,ETH-3APR20-140-P,151.71,145.34,0.077,30.0,0.0995,313.0,176.56,0.10857,-0.62712,-0.02496,0.00785,-0.34813
149.55,SYN.ETH-25SEP20,1584701940297,open,0.13,491.0,0.071,0.197,0.1368,124.87,0.1115,0.0,ETH-25SEP20-320-C,151.71,117.07,0.1165,41.0,0.1455,41.0,128.13,0.39654,-0.13108,0.16143,0.00274,0.3454
150.63,SYN.ETH-3APR20,1584701940305,open,0.12,8.0,0.033,0.1485,0.087765,160.3,0.108,0.0,ETH-3APR20-140-P,151.71,145.34,0.077,30.0,0.0995,58.0,176.56,0.10857,-0.62712,-0.02496,0.00785,-0.34813
150.5,SYN.ETH-24APR20,1584701940307,open,0.03,726.0,0.0015,0.033,0.01812,163.23,0.0185,0.0,ETH-24APR20-80-P,151.71,156.43,0.0155,240.0,0.021,240.0,170.26,0.05983,-0.14002,-0.01213,0.00169,-0.0662
150.11,ETH-26JUN20,1584701940308,open,0.1,1404.0,0.0555,0.158,0.120025,130.85,0.1025,0.0,ETH-26JUN20-240-C,151.71,125.12,0.109,20.0,0.127,298.0,134.42,0.29129,-0.19471,0.0973,0.00368,0.36174
150.11,ETH-26JUN20,1584701940310,open,0.1,1404.0,0.0555,0.158,0.120025,130.85,0.1025,0.0,ETH-26JUN20-240-C,151.71,125.12,0.109,20.0,0.127,13.0,134.42,0.29129,-0.19471,0.0973,0.00368,0.36174
149.55,SYN.ETH-25SEP20,1584701940316,open,0.2,482.0,0.1285,0.269,0.204967,124.87,0.15,0.0,ETH-25SEP20-240-C,151.71,115.94,0.1795,37.0,0.211,317.0,126.98,0.42789,-0.14144,0.20442,0.00296,0.46912
149.55,SYN.ETH-25SEP20,1584701940318,open,0.2,482.0,0.1285,0.269,0.204967,124.87,0.15,0.0,ETH-25SEP20-240-C,151.71,115.94,0.1795,37.0,0.211,37.0,126.98,0.42789,-0.14144,0.20442,0.00296,0.46912
150.63,SYN.ETH-3APR20,1584701940327,open,0.05,11.0,0.023,0.1225,0.072145,153.15,0.05,0.0,ETH-3APR20-170-C,151.71,140.25,0.0625,63.0,0.0815,286.0,165.51,0.11339,-0.62574,0.01872,0.00858,0.39901
150.63,SYN.ETH-3APR20,1584701940330,open,0.05,11.0,0.023,0.1225,0.072145,153.15,0.05,0.0,ETH-3APR20-170-C,151.71,140.25,0.0625,63.0,0.0815,9.0,165.51,0.11339,-0.62574,0.01872,0.00858,0.39901
149.55,SYN.ETH-25SEP20,1584701940335,open,0.16,1361.0,0.095,0.229,0.166443,124.87,0.144,0.0,ETH-25SEP20-280-C,151.71,116.35,0.143,39.0,0.1735,323.0,127.4,0.41607,-0.13753,0.18202,0.00288,0.40164
149.55,SYN.ETH-25SEP20,1584701940338,open,0.16,1361.0,0.095,0.229,0.166443,124.87,0.144,0.0,ETH-25SEP20-280-C,151.71,116.35,0.143,39.0,0.1735,39.0,127.4,0.41607,-0.13753,0.18202,0.00288,0.40164
150.5,SYN.ETH-24APR20,1584701940351,open,0.08,788.0,0.053,0.1415,0.106887,141.02,0.1,0.0,ETH-24APR20-180-C,151.71,135.73,0.1005,14.0,0.113,495.0,146.06,0.18218,-0.36832,0.04554,0.00597,0.4236
150.08,ETH-26JUN20,1584701940370,open,0.15,2443.0,0.095,0.21,0.169199,130.87,0.1595,0.0,ETH-26JUN20-200-C,151.71,123.96,0.155,297.0,0.1695,3.0,131.02,0.30893,-0.20654,0.11952,0.00391,0.46619
150.5,SYN.ETH-24APR20,1584701940372,open,0.08,788.0,0.053,0.1415,0.106887,141.02,0.1,0.0,ETH-24APR20-180-C,151.71,135.73,0.1005,14.0,0.113,169.0,146.06,0.18218,-0.36832,0.04554,0.00597,0.4236
149.55,SYN.ETH-25SEP20,1584701940373,open,0.26,226.0,0.152,0.278,0.219241,123.52,0.31,0.0,ETH-25SEP20-120-P,151.71,111.09,0.191,28.0,0.2355,283.0,130.75,0.33779,-0.11045,-0.35885,0.00236,-0.24446
149.55,SYN.ETH-25SEP20,1584701940375,open,0.26,226.0,0.152,0.278,0.219241,123.52,0.31,0.0,ETH-25SEP20-120-P,151.71,111.09,0.191,28.0,0.2355,28.0,130.75,0.33779,-0.11045,-0.35885,0.00236,-0.24446
150.63,SYN.ETH-3APR20,1584701940383,open,0.04,0.0,0.0035,0.0565,0.026683,172.12,None,0.0,ETH-3APR20-110-P,151.71,158.16,0.021,74.0,0.033,357.0,186.58,0.06367,-0.39487,-0.00924,0.00429,-0.1347
150.63,SYN.ETH-3APR20,1584701940384,open,0.04,0.0,0.0035,0.0565,0.026683,172.12,None,0.0,ETH-3APR20-110-P,151.71,158.16,0.021,74.0,0.033,62.0,186.58,0.06367,-0.39487,-0.00924,0.00429,-0.1347
150.5,SYN.ETH-24APR20,1584701940387,open,0.06,202.0,0.008,0.059,0.039746,151.69,0.057,0.0,ETH-24APR20-100-P,151.71,147.55,0.037,15.0,0.043,240.0,156.51,0.10065,-0.21889,-0.02503,0.00307,-0.13431
150.5,SYN.ETH-24APR20,1584701940389,open,0.1,244.0,0.069,0.1615,0.125648,140.79,0.12,0.0,ETH-24APR20-170-C,151.71,135.39,0.119,15.0,0.132,346.0,145.95,0.18523,-0.37388,0.05026,0.00608,0.47513
150.5,SYN.ETH-24APR20,1584701940391,open,0.1,244.0,0.069,0.1615,0.125648,140.79,0.12,0.0,ETH-24APR20-170-C,151.71,135.39,0.119,15.0,0.132,25.0,145.95,0.18523,-0.37388,0.05026,0.00608,0.47513
149.55,SYN.ETH-25SEP20,1584701940392,open,0.18,534.0,0.0945,0.198,0.148999,124.45,0.202,0.0,ETH-25SEP20-100-P,151.71,114.54,0.13,33.0,0.1655,305.0,133.05,0.28698,-0.09454,-0.25833,0.00199,-0.18481
149.55,SYN.ETH-25SEP20,1584701940394,open,0.18,534.0,0.0945,0.198,0.148999,124.45,0.202,0.0,ETH-25SEP20-100-P,151.71,114.54,0.13,33.0,0.1655,33.0,133.05,0.28698,-0.09454,-0.25833,0.00199,-0.18481
150.11,ETH-26JUN20,1584701940396,open,0.27,545.0,0.1475,0.2705,0.226153,132.04,0.43,0.0,ETH-26JUN20-140-P,151.71,120.52,0.2045,20.0,0.2475,246.0,143.49,0.28102,-0.18955,-0.22329,0.00352,-0.32858
150.11,ETH-26JUN20,1584701940397,open,0.27,545.0,0.1475,0.2705,0.226153,132.04,0.43,0.0,ETH-26JUN20-140-P,151.71,120.52,0.2045,20.0,0.2475,20.0,143.49,0.28102,-0.18955,-0.22329,0.00352,-0.32858
149.55,SYN.ETH-25SEP20,1584701940405,open,0.12,522.0,0.05,0.1265,0.09256,127.1,0.1,0.0,ETH-25SEP20-80-P,151.71,116.56,0.077,40.0,0.106,327.0,136.01,0.22374,-0.07528,-0.1698,0.00152,-0.12685
149.55,SYN.ETH-25SEP20,1584701940407,open,0.12,522.0,0.05,0.1265,0.09256,127.1,0.1,0.0,ETH-25SEP20-80-P,151.71,116.56,0.077,40.0,0.106,40.0,136.01,0.22374,-0.07528,-0.1698,0.00152,-0.12685
150.08,ETH-26JUN20,1584701940416,open,0.19,408.0,0.0875,0.1895,0.155575,133.75,0.2385,0.0,ETH-26JUN20-120-P,151.71,121.9,0.136,20.0,0.175,282.0,145.53,0.24784,-0.16934,-0.16389,0.00307,-0.25167
150.08,ETH-26JUN20,1584701940418,open,0.19,408.0,0.0875,0.1895,0.155575,133.75,0.2385,0.0,ETH-26JUN20-120-P,151.71,121.9,0.136,20.0,0.175,20.0,145.53,0.24784,-0.16934,-0.16389,0.00307,-0.25167
150.08,ETH-26JUN20,1584701940419,open,0.09,400.0,0.028,0.091,0.075445,139.01,0.092,0.0,ETH-26JUN20-90-P,151.71,127.71,0.0625,20.0,0.0825,347.0,145.02,0.17486,-0.12418,-0.08761,0.00208,-0.14225
150.08,ETH-26JUN20,1584701940427,open,0.09,400.0,0.028,0.091,0.075445,139.01,0.092,0.0,ETH-26JUN20-90-P,151.71,127.71,0.0625,20.0,0.0825,60.0,145.02,0.17486,-0.12418,-0.08761,0.00208,-0.14225
150.5,SYN.ETH-24APR20,1584701940429,open,0.08,865.0,0.0185,0.0755,0.055087,146.3,0.0905,0.0,ETH-24APR20-110-P,151.71,143.09,0.0525,22.0,0.058,4.0,149.89,0.12163,-0.25512,-0.03366,0.00384,-0.17898
150.11,ETH-26JUN20,1584701940430,open,0.15,2.0,0.0635,0.1535,0.123293,133.81,0.2925,0.0,ETH-26JUN20-110-P,151.71,125.28,0.1105,20.0,0.1355,324.0,141.9,0.22606,-0.15452,-0.13547,0.0028,-0.21327
150.11,ETH-26JUN20,1584701940433,open,0.15,2.0,0.0635,0.1535,0.123293,133.81,0.2925,0.0,ETH-26JUN20-110-P,151.71,125.28,0.1105,20.0,0.1355,53.0,141.9,0.22606,-0.15452,-0.13547,0.0028,-0.21327
150.63,SYN.ETH-3APR20,1584701940434,open,0.05,10.0,0.0085,0.082,0.039425,163.4,0.0655,0.0,ETH-3APR20-120-P,151.71,150.09,0.0325,68.0,0.047,290.0,177.39,0.08005,-0.47136,-0.01322,0.00568,-0.19139
150.64,ETH-27MAR20,1584701940435,open,3.31,0.0,2.8665,3.105,2.982214,0.0,None,0.0,ETH-27MAR20-600-P,151.71,0.0,0.03,50.0,0.0,0.0,0.0,0.0,0.0,-0.11303,0.0,-1.0
150.63,SYN.ETH-3APR20,1584701940437,open,0.05,10.0,0.0085,0.082,0.039425,163.4,0.0655,0.0,ETH-3APR20-120-P,151.71,150.09,0.0325,68.0,0.047,6.0,177.39,0.08005,-0.47136,-0.01322,0.00568,-0.19139
150.5,SYN.ETH-24APR20,1584701940439,open,0.11,445.0,0.0325,0.1035,0.076893,144.34,0.1255,0.0,ETH-24APR20-120-P,151.71,139.14,0.072,25.0,0.082,192.0,149.73,0.14211,-0.29408,-0.04449,0.00455,-0.2325
149.55,SYN.ETH-25SEP20,1584701940441,open,0.35,63.0,0.2205,0.3655,0.298268,122.38,0.3455,0.0,ETH-25SEP20-140-P,151.71,20.28,0.03,5.0,0.3265,211.0,133.72,0.37585,-0.12177,-0.46548,0.00265,-0.30323
149.55,SYN.ETH-25SEP20,1584701940443,open,0.35,63.0,0.2205,0.3655,0.298268,122.38,0.3455,0.0,ETH-25SEP20-140-P,151.71,20.28,0.03,5.0,1.337,1.0,500.0,0.37585,-0.12177,-0.46548,0.00265,-0.30323
150.5,SYN.ETH-24APR20,1584701940444,open,0.13,253.0,0.052,0.136,0.102764,142.2,0.152,0.0,ETH-24APR20-130-P,151.71,136.75,0.097,25.0,0.109,192.0,148.09,0.15929,-0.32474,-0.05651,0.00518,-0.29018
150.08,ETH-26JUN20,1584701940446,open,0.15,2443.0,0.095,0.21,0.169199,130.87,0.1595,0.0,ETH-26JUN20-200-C,151.71,123.96,0.155,20.0,0.1695,3.0,131.02,0.30893,-0.20654,0.11952,0.00391,0.46619
151.6,SYN.ETH-21MAR20,1584701940448,open,0.01,0.0,0.0005,0.0155,0.000986,170.24,0.0015,0.0,ETH-21MAR20-130-P,151.71,170.66,0.001,350.0,0.0075,50.0,271.02,0.00501,-0.14952,-0.00011,0.00534,-0.02969
150.08,ETH-26JUN20,1584701940449,open,0.12,1109.0,0.0725,0.182,0.142249,130.88,0.133,0.0,ETH-26JUN20-220-C,151.71,124.52,0.1295,20.0,0.1425,3.0,131.01,0.30227,-0.2021,0.10808,0.00382,0.41082
150.5,SYN.ETH-24APR20,1584701940451,open,0.07,255.0,0.0405,0.1235,0.090616,141.02,0.076,0.0,ETH-24APR20-190-C,151.71,135.35,0.084,58.0,0.092,4.0,142.2,0.17651,-0.35686,0.041,0.00578,0.37572
150.08,ETH-26JUN20,1584701940452,open,0.12,1279.0,0.044,0.1205,0.1015,139.0,0.139,0.0,ETH-26JUN20-100-P,151.71,134.16,0.095,1.0,0.108,56.0,143.8,0.20232,-0.14366,-0.11238,0.00241,-0.17776
149.55,SYN.ETH-25SEP20,1584701940454,open,0.06,1787.0,0.0195,0.068,0.051359,133.13,0.063,0.0,ETH-25SEP20-60-P,151.71,121.19,0.0395,299.0,0.0615,47.0,142.77,0.15383,-0.05421,-0.09856,0.001,-0.076
149.55,SYN.ETH-25SEP20,1584701940456,open,0.06,1787.0,0.0195,0.068,0.051359,133.13,0.063,0.0,ETH-25SEP20-60-P,151.71,121.19,0.0395,299.0,0.0605,299.0,141.83,0.15383,-0.05421,-0.09856,0.001,-0.076
150.11,ETH-26JUN20,1584701940458,open,0.05,20.0,0.009,0.0535,0.038757,143.9,0.044,0.0,ETH-26JUN20-70-P,151.71,131.5,0.0295,300.0,0.047,67.0,154.17,0.11698,-0.086,-0.04833,0.00135,-0.0813
150.11,ETH-26JUN20,1584701940459,open,0.05,20.0,0.009,0.0535,0.038757,143.9,0.044,0.0,ETH-26JUN20-70-P,151.71,131.5,0.0295,300.0,0.0465,300.0,153.56,0.11698,-0.086,-0.04833,0.00135,-0.0813
150.08,ETH-26JUN20,1584701940460,open,0.03,1891.0,0.004,0.0415,0.026659,148.98,0.0425,0.0,ETH-26JUN20-60-P,151.71,134.37,0.0185,300.0,0.034,70.0,160.7,0.08981,-0.06835,-0.03396,0.001,-0.05773
150.08,ETH-26JUN20,1584701940462,open,0.03,1891.0,0.004,0.0415,0.026659,148.98,0.0425,0.0,ETH-26JUN20-60-P,151.71,134.37,0.0185,300.0,0.0335,300.0,159.93,0.08981,-0.06835,-0.03396,0.001,-0.05773
149.55,SYN.ETH-25SEP20,1584701940463,open,0.04,315.0,0.009,0.0685,0.039373,129.01,0.022,0.0,ETH-25SEP20-680-C,151.71,121.69,0.0295,300.0,0.049,51.0,135.27,0.21699,-0.0741,0.06349,0.00145,0.12142
149.55,SYN.ETH-25SEP20,1584701940466,open,0.04,315.0,0.009,0.0685,0.039373,129.01,0.022,0.0,ETH-25SEP20-680-C,151.71,121.69,0.0295,300.0,0.048,300.0,134.65,0.21699,-0.0741,0.06349,0.00145,0.12142
149.55,SYN.ETH-25SEP20,1584701940468,open,0.03,222.0,0.0075,0.062,0.035607,129.53,0.029,0.0,ETH-25SEP20-720-C,151.71,121.87,0.026,300.0,0.045,51.0,136.0,0.2037,-0.06985,0.0584,0.00136,0.11107
149.55,SYN.ETH-25SEP20,1584701940470,open,0.03,222.0,0.0075,0.062,0.035607,129.53,0.029,0.0,ETH-25SEP20-720-C,151.71,121.87,0.026,300.0,0.044,300.0,135.35,0.2037,-0.06985,0.0584,0.00136,0.11107
150.08,ETH-26JUN20,1584701940483,open,0.12,1109.0,0.0725,0.182,0.142249,130.88,0.133,0.0,ETH-26JUN20-220-C,151.71,125.02,0.1305,281.0,0.1425,3.0,131.01,0.30227,-0.2021,0.10808,0.00382,0.41082
149.55,SYN.ETH-25SEP20,1584701940484,open,0.03,49.0,0.006,0.0565,0.032115,129.85,0.02,0.0,ETH-25SEP20-760-C,151.71,122.04,0.023,300.0,0.042,52.0,137.04,0.19077,-0.06557,0.05364,0.00127,0.10143
149.55,SYN.ETH-25SEP20,1584701940486,open,0.03,49.0,0.006,0.0565,0.032115,129.85,0.02,0.0,ETH-25SEP20-760-C,151.71,122.04,0.023,300.0,0.04,300.0,135.66,0.19077,-0.06557,0.05364,0.00127,0.10143
150.08,ETH-26JUN20,1584701940487,open,0.12,1279.0,0.044,0.1205,0.1015,139.0,0.139,0.0,ETH-26JUN20-100-P,151.71,134.16,0.095,1.0,0.107,280.0,143.07,0.20232,-0.14366,-0.11238,0.00241,-0.17776
150.08,ETH-26JUN20,1584701940488,open,0.15,2443.0,0.095,0.21,0.169199,130.87,0.1595,0.0,ETH-26JUN20-200-C,151.71,124.45,0.156,277.0,0.1695,3.0,131.02,0.30893,-0.20654,0.11952,0.00391,0.46619
150.5,SYN.ETH-24APR20,1584701940490,open,0.13,253.0,0.052,0.136,0.102764,142.2,0.152,0.0,ETH-24APR20-130-P,151.71,137.7,0.098,312.0,0.109,192.0,148.09,0.15929,-0.32474,-0.05651,0.00518,-0.29018
149.55,SYN.ETH-25SEP20,1584701940494,open,0.35,63.0,0.2205,0.3655,0.298268,122.38,0.3455,0.0,ETH-25SEP20-140-P,151.71,112.21,0.2725,211.0,1.337,1.0,500.0,0.37585,-0.12177,-0.46548,0.00265,-0.30323
149.55,SYN.ETH-25SEP20,1584701940495,open,0.35,63.0,0.2205,0.3655,0.298268,122.38,0.3455,0.0,ETH-25SEP20-140-P,151.71,112.21,0.2725,211.0,0.3235,211.0,132.5,0.37585,-0.12177,-0.46548,0.00265,-0.30323
150.5,SYN.ETH-24APR20,1584701940497,open,0.11,445.0,0.0325,0.1035,0.076893,144.34,0.1255,0.0,ETH-24APR20-120-P,151.71,140.2,0.073,323.0,0.082,192.0,149.73,0.14211,-0.29408,-0.04449,0.00455,-0.2325
150.11,ETH-26JUN20,1584701940499,open,0.15,2.0,0.0635,0.1535,0.123293,133.81,0.2925,0.0,ETH-26JUN20-110-P,151.71,126.29,0.112,271.0,0.1355,53.0,141.9,0.22606,-0.15452,-0.13547,0.0028,-0.21327
150.11,ETH-26JUN20,1584701940500,open,0.15,2.0,0.0635,0.1535,0.123293,133.81,0.2925,0.0,ETH-26JUN20-110-P,151.71,126.29,0.112,271.0,0.1345,271.0,141.23,0.22606,-0.15452,-0.13547,0.0028,-0.21327
150.5,SYN.ETH-24APR20,1584701940501,open,0.08,865.0,0.0185,0.0755,0.055087,146.3,0.0905,0.0,ETH-24APR20-110-P,151.71,144.33,0.0535,333.0,0.058,4.0,149.89,0.12163,-0.25512,-0.03366,0.00384,-0.17898
150.08,ETH-26JUN20,1584701940503,open,0.09,400.0,0.028,0.091,0.075445,139.01,0.092,0.0,ETH-26JUN20-90-P,151.71,129.04,0.064,287.0,0.0825,60.0,145.02,0.17486,-0.12418,-0.08761,0.00208,-0.14225
150.08,ETH-26JUN20,1584701940505,open,0.09,400.0,0.028,0.091,0.075445,139.01,0.092,0.0,ETH-26JUN20-90-P,151.71,129.04,0.064,287.0,0.0825,347.0,145.02,0.17486,-0.12418,-0.08761,0.00208,-0.14225
150.08,ETH-26JUN20,1584701940506,open,0.19,408.0,0.0875,0.1895,0.155575,133.75,0.2385,0.0,ETH-26JUN20-120-P,151.71,123.42,0.1385,262.0,0.175,20.0,145.53,0.24784,-0.16934,-0.16389,0.00307,-0.25167
150.08,ETH-26JUN20,1584701940508,open,0.19,408.0,0.0875,0.1895,0.155575,133.75,0.2385,0.0,ETH-26JUN20-120-P,151.71,123.42,0.1385,262.0,0.1725,262.0,144.01,0.24784,-0.16934,-0.16389,0.00307,-0.25167
149.55,SYN.ETH-25SEP20,1584701940520,open,0.12,522.0,0.05,0.1265,0.09256,127.1,0.1,0.0,ETH-25SEP20-80-P,151.71,118.96,0.0805,287.0,0.106,40.0,136.01,0.22374,-0.07528,-0.1698,0.00152,-0.12685
149.55,SYN.ETH-25SEP20,1584701940521,open,0.12,522.0,0.05,0.1265,0.09256,127.1,0.1,0.0,ETH-25SEP20-80-P,151.71,118.96,0.0805,287.0,0.105,287.0,135.35,0.22374,-0.07528,-0.1698,0.00152,-0.12685
150.11,ETH-26JUN20,1584701940523,open,0.27,545.0,0.1475,0.2705,0.226153,132.04,0.43,0.0,ETH-26JUN20-140-P,151.71,121.85,0.207,226.0,0.2475,20.0,143.49,0.28102,-0.18955,-0.22329,0.00352,-0.32858
150.11,ETH-26JUN20,1584701940524,open,0.27,545.0,0.1475,0.2705,0.226153,132.04,0.43,0.0,ETH-26JUN20-140-P,151.71,121.85,0.207,226.0,0.245,226.0,142.15,0.28102,-0.18955,-0.22329,0.00352,-0.32858
149.55,SYN.ETH-25SEP20,1584701940526,open,0.18,534.0,0.0945,0.198,0.148999,124.45,0.202,0.0,ETH-25SEP20-100-P,151.71,117.15,0.135,272.0,0.1655,33.0,133.05,0.28698,-0.09454,-0.25833,0.00199,-0.18481
149.55,SYN.ETH-25SEP20,1584701940527,open,0.18,534.0,0.0945,0.198,0.148999,124.45,0.202,0.0,ETH-25SEP20-100-P,151.71,117.15,0.135,272.0,0.1645,272.0,132.53,0.28698,-0.09454,-0.25833,0.00199,-0.18481
150.5,SYN.ETH-24APR20,1584701940529,open,0.06,202.0,0.008,0.059,0.039746,151.69,0.057,0.0,ETH-24APR20-100-P,151.71,148.31,0.0375,342.0,0.043,240.0,156.51,0.10065,-0.21889,-0.02503,0.00307,-0.13431
150.63,SYN.ETH-3APR20,1584701940530,open,0.04,0.0,0.0035,0.0565,0.026683,172.12,None,0.0,ETH-3APR20-110-P,151.71,160.7,0.022,295.0,0.033,62.0,186.58,0.06367,-0.39487,-0.00924,0.00429,-0.1347
150.63,SYN.ETH-3APR20,1584701940532,open,0.04,0.0,0.0035,0.0565,0.026683,172.12,None,0.0,ETH-3APR20-110-P,151.71,160.7,0.022,295.0,0.032,295.0,184.34,0.06367,-0.39487,-0.00924,0.00429,-0.1347
149.55,SYN.ETH-25SEP20,1584701940542,open,0.26,226.0,0.152,0.278,0.219241,123.52,0.31,0.0,ETH-25SEP20-120-P,151.71,116.57,0.2035,255.0,0.2355,28.0,130.75,0.33779,-0.11045,-0.35885,0.00236,-0.24446
149.55,SYN.ETH-25SEP20,1584701940544,open,0.26,226.0,0.152,0.278,0.219241,123.52,0.31,0.0,ETH-25SEP20-120-P,151.71,116.57,0.2035,255.0,0.2345,255.0,130.3,0.33779,-0.11045,-0.35885,0.00236,-0.24446
149.55,SYN.ETH-25SEP20,1584701940545,open,0.16,1361.0,0.095,0.229,0.166443,124.87,0.144,0.0,ETH-25SEP20-280-C,151.71,119.1,0.1505,284.0,0.1735,39.0,127.4,0.41607,-0.13753,0.18202,0.00288,0.40164
149.55,SYN.ETH-25SEP20,1584701940547,open,0.16,1361.0,0.095,0.229,0.166443,124.87,0.144,0.0,ETH-25SEP20-280-C,151.71,119.1,0.1505,284.0,0.1725,284.0,127.04,0.41607,-0.13753,0.18202,0.00288,0.40164
149.55,SYN.ETH-25SEP20,1584701940549,open,0.2,482.0,0.1285,0.269,0.204967,124.87,0.15,0.0,ETH-25SEP20-240-C,151.71,118.22,0.186,280.0,0.211,37.0,126.98,0.42789,-0.14144,0.20442,0.00296,0.46912
149.55,SYN.ETH-25SEP20,1584701940551,open,0.2,482.0,0.1285,0.269,0.204967,124.87,0.15,0.0,ETH-25SEP20-240-C,151.71,118.22,0.186,280.0,0.21,280.0,126.63,0.42789,-0.14144,0.20442,0.00296,0.46912
150.11,ETH-26JUN20,1584701940564,open,0.1,1404.0,0.0555,0.158,0.120025,130.85,0.1025,0.0,ETH-26JUN20-240-C,151.71,125.64,0.11,285.0,0.127,13.0,134.42,0.29129,-0.19471,0.0973,0.00368,0.36174
150.11,ETH-26JUN20,1584701940565,open,0.1,1404.0,0.0555,0.158,0.120025,130.85,0.1025,0.0,ETH-26JUN20-240-C,151.71,125.64,0.11,285.0,0.126,285.0,133.91,0.29129,-0.19471,0.0973,0.00368,0.36174
150.5,SYN.ETH-24APR20,1584701940567,open,0.03,726.0,0.0015,0.033,0.01812,163.23,0.0185,0.0,ETH-24APR20-80-P,151.71,157.76,0.016,350.0,0.021,240.0,170.26,0.05983,-0.14002,-0.01213,0.00169,-0.0662
150.63,SYN.ETH-3APR20,1584701940568,open,0.12,8.0,0.033,0.1485,0.087765,160.3,0.108,0.0,ETH-3APR20-140-P,151.71,146.73,0.078,255.0,0.0995,58.0,176.56,0.10857,-0.62712,-0.02496,0.00785,-0.34813
150.63,SYN.ETH-3APR20,1584701940570,open,0.12,8.0,0.033,0.1485,0.087765,160.3,0.108,0.0,ETH-3APR20-140-P,151.71,146.73,0.078,255.0,0.0985,255.0,175.18,0.10857,-0.62712,-0.02496,0.00785,-0.34813
150.5,SYN.ETH-24APR20,1584701940571,open,0.02,1367.0,0.002,0.0375,0.022526,155.46,0.0195,0.0,ETH-24APR20-300-C,151.71,150.27,0.0195,74.0,0.0255,375.0,160.24,0.09085,-0.20249,0.01344,0.0027,0.11599
150.11,ETH-26JUN20,1584701940573,open,0.02,2008.0,0.0005,0.0295,0.014672,149.03,0.0095,0.0,ETH-26JUN20-50-P,151.71,137.81,0.0105,300.0,0.02,73.0,161.38,0.06023,-0.04585,-0.02004,0.00067,-0.03512
150.5,SYN.ETH-24APR20,1584701940574,open,0.06,1314.0,0.0305,0.1085,0.077889,142.03,0.068,0.0,ETH-24APR20-200-C,151.71,137.21,0.0725,50.0,0.083,335.0,146.54,0.16933,-0.34479,0.03686,0.00551,0.33424
150.5,SYN.ETH-24APR20,1584701940586,open,0.04,434.0,0.0175,0.083,0.058927,144.92,0.047,0.0,ETH-24APR20-220-C,151.71,141.01,0.055,4.0,0.0625,367.0,148.41,0.1528,-0.31746,0.02984,0.00487,0.26645
150.63,SYN.ETH-3APR20,1584701940588,open,0.02,62.0,0.0015,0.0355,0.017767,182.48,0.028,0.0,ETH-3APR20-100-P,151.71,173.58,0.015,300.0,0.022,78.0,195.1,0.04843,-0.31845,-0.00628,0.00308,-0.09188
150.63,SYN.ETH-3APR20,1584701940589,open,0.02,62.0,0.0015,0.0355,0.017767,182.48,0.028,0.0,ETH-3APR20-100-P,151.71,173.58,0.015,300.0,0.0215,300.0,193.66,0.04843,-0.31845,-0.00628,0.00308,-0.09188
149.55,SYN.ETH-25SEP20,1584701940591,open,0.13,491.0,0.071,0.197,0.1368,124.87,0.1115,0.0,ETH-25SEP20-320-C,151.71,119.41,0.1225,288.0,0.1455,41.0,128.13,0.39654,-0.13108,0.16143,0.00274,0.3454
151.6,SYN.ETH-21MAR20,1584701940592,open,0.0,0.0,0.0005,0.0155,0.000168,254.28,None,0.0,ETH-21MAR20-110-P,151.71,0.0,0.0,0.0,0.0025,59.0,373.76,0.00091,-0.0254,-2e-05,0.00065,-0.00417
150.07,ETH-26JUN20,1584701940593,open,3.9,0.0,3.399,3.682,3.541484,140.78,None,0.0,ETH-26JUN20-680-P,151.71,0.0,3.057,10.0,4.058,10.0,443.12,0.07208,-0.05183,-1.80994,0.00085,-0.9562
149.55,SYN.ETH-25SEP20,1584701940597,open,0.13,491.0,0.071,0.197,0.1368,124.87,0.1115,0.0,ETH-25SEP20-320-C,151.71,119.41,0.1225,288.0,0.1445,288.0,127.75,0.39654,-0.13108,0.16143,0.00274,0.3454
149.55,SYN.ETH-25SEP20,1584701940598,open,0.09,1978.0,0.0415,0.1495,0.095269,124.87,0.078,0.0,ETH-25SEP20-400-C,151.71,120.15,0.0845,294.0,0.107,44.0,129.81,0.34831,-0.11513,0.12676,0.00241,0.25907
149.55,SYN.ETH-25SEP20,1584701940599,open,0.09,1978.0,0.0415,0.1495,0.095269,124.87,0.078,0.0,ETH-25SEP20-400-C,151.71,120.15,0.0845,294.0,0.106,294.0,129.39,0.34831,-0.11513,0.12676,0.00241,0.25907
150.08,ETH-26JUN20,1584701940601,open,0.08,2038.0,0.0325,0.121,0.086456,130.87,0.0735,0.0,ETH-26JUN20-280-C,151.71,125.95,0.078,292.0,0.0955,16.0,135.98,0.26183,-0.17505,0.07809,0.00331,0.28049
150.08,ETH-26JUN20,1584701940602,open,0.08,2038.0,0.0325,0.121,0.086456,130.87,0.0735,0.0,ETH-26JUN20-280-C,151.71,125.95,0.078,292.0,0.0945,292.0,135.42,0.26183,-0.17505,0.07809,0.00331,0.28049
149.55,SYN.ETH-25SEP20,1584701940604,open,0.11,1009.0,0.054,0.171,0.113631,124.87,0.114,0.0,ETH-25SEP20-360-C,151.71,119.72,0.101,291.0,0.124,42.0,128.97,0.37316,-0.12335,0.14302,0.00258,0.29844
149.55,SYN.ETH-25SEP20,1584701940605,open,0.11,1009.0,0.054,0.171,0.113631,124.87,0.114,0.0,ETH-25SEP20-360-C,151.71,119.72,0.101,291.0,0.123,291.0,128.58,0.37316,-0.12335,0.14302,0.00258,0.29844
150.5,SYN.ETH-24APR20,1584701940607,open,0.01,9494.0,0.0005,0.0285,0.013845,165.25,0.0145,0.0,ETH-24APR20-360-C,151.71,158.2,0.011,613.0,0.017,265.0,172.18,0.06468,-0.15322,0.00854,0.00181,0.07325
150.5,SYN.ETH-24APR20,1584701940608,open,0.02,1594.0,0.001,0.033,0.018198,157.55,0.017,0.0,ETH-24APR20-320-C,151.71,152.21,0.0155,615.0,0.021,1.0,162.69,0.07916,-0.1788,0.01117,0.00232,0.09587
150.5,SYN.ETH-24APR20,1584701940609,open,0.02,1505.0,0.0035,0.042,0.027237,151.84,0.0225,0.0,ETH-24APR20-280-C,151.71,146.18,0.0235,656.0,0.031,256.0,157.2,0.10267,-0.2235,0.01597,0.00312,0.13827
150.5,SYN.ETH-24APR20,1584701940611,open,0.02,1505.0,0.0035,0.042,0.027237,151.84,0.0225,0.0,ETH-24APR20-280-C,151.71,146.18,0.0235,656.0,0.031,606.0,157.2,0.10267,-0.2235,0.01597,0.00312,0.13827
150.5,SYN.ETH-24APR20,1584701940612,open,0.1,244.0,0.069,0.1615,0.125648,140.79,0.12,0.0,ETH-24APR20-170-C,151.71,135.79,0.1195,321.0,0.132,25.0,145.95,0.18523,-0.37388,0.05026,0.00608,0.47513
150.5,SYN.ETH-24APR20,1584701940614,open,0.1,244.0,0.069,0.1615,0.125648,140.79,0.12,0.0,ETH-24APR20-170-C,151.71,135.79,0.1195,321.0,0.1315,321.0,145.54,0.18523,-0.37388,0.05026,0.00608,0.47513
149.55,SYN.ETH-25SEP20,1584701940616,open,0.03,200.0,0.005,0.0515,0.029466,130.47,0.021,0.0,ETH-25SEP20-800-C,151.71,124.25,0.0225,300.0,0.039,52.0,137.78,0.18019,-0.06224,0.04982,0.00119,0.09384
149.55,SYN.ETH-25SEP20,1584701940619,open,0.03,200.0,0.005,0.0515,0.029466,130.47,0.021,0.0,ETH-25SEP20-800-C,151.71,124.25,0.0225,300.0,0.038,300.0,137.07,0.18019,-0.06224,0.04982,0.00119,0.09384
150.07,ETH-26JUN20,1584701940620,open,0.02,864.0,0.003,0.0415,0.026518,137.94,0.027,0.0,ETH-26JUN20-480-C,151.71,133.97,0.023,300.0,0.0315,1.0,143.1,0.1383,-0.09745,0.03035,0.00166,0.10193
150.5,SYN.ETH-24APR20,1584701940622,open,0.01,3668.0,0.0005,0.025,0.010012,169.39,0.008,0.0,ETH-24APR20-400-C,151.71,164.73,0.0085,350.0,0.012,1.0,174.93,0.05119,-0.12431,0.00636,0.0014,0.05424
150.5,SYN.ETH-24APR20,1584701940623,open,0.03,4050.0,0.0055,0.049,0.03403,148.71,0.0275,0.0,ETH-24APR20-260-C,151.71,143.4,0.03,609.0,0.038,210.0,153.7,0.11711,-0.24968,0.01936,0.00364,0.16864
150.5,SYN.ETH-24APR20,1584701940629,open,0.03,4050.0,0.0055,0.049,0.03403,148.71,0.0275,0.0,ETH-24APR20-260-C,151.71,143.4,0.03,609.0,0.038,560.0,153.7,0.11711,-0.24968,0.01936,0.00364,0.16864
150.08,ETH-26JUN20,1584701940634,open,0.06,1307.0,0.0195,0.0935,0.065285,132.23,0.054,0.0,ETH-26JUN20-320-C,151.71,127.42,0.058,297.0,0.074,20.0,137.76,0.23168,-0.15651,0.06332,0.0029,0.22263
150.08,ETH-26JUN20,1584701940636,open,0.06,1307.0,0.0195,0.0935,0.065285,132.23,0.054,0.0,ETH-26JUN20-320-C,151.71,127.42,0.058,297.0,0.073,297.0,137.13,0.23168,-0.15651,0.06332,0.0029,0.22263
150.5,SYN.ETH-24APR20,1584701940637,open,0.03,671.0,0.01,0.0635,0.043813,146.06,0.033,0.0,ETH-24APR20-240-C,151.71,141.13,0.0395,63.0,0.048,563.0,150.69,0.13391,-0.28041,0.02384,0.00424,0.20957
150.08,ETH-26JUN20,1584701940640,open,0.03,1713.0,0.005,0.048,0.033398,137.58,0.0325,0.0,ETH-26JUN20-440-C,151.71,132.28,0.028,300.0,0.0405,20.0,143.96,0.1594,-0.11204,0.0366,0.00192,0.12435
150.08,ETH-26JUN20,1584701940642,open,0.03,1713.0,0.005,0.048,0.033398,137.58,0.0325,0.0,ETH-26JUN20-440-C,151.71,132.28,0.028,300.0,0.0395,300.0,143.09,0.1594,-0.11204,0.0366,0.00192,0.12435
150.08,ETH-26JUN20,1584701940643,open,0.04,5489.0,0.0075,0.058,0.040705,135.69,0.0245,0.0,ETH-26JUN20-400-C,151.71,130.32,0.0345,300.0,0.048,20.0,141.55,0.17982,-0.12465,0.0433,0.00219,0.14829
150.08,ETH-26JUN20,1584701940645,open,0.04,5489.0,0.0075,0.058,0.040705,135.69,0.0245,0.0,ETH-26JUN20-400-C,151.71,130.32,0.0345,300.0,0.047,300.0,140.78,0.17982,-0.12465,0.0433,0.00219,0.14829
150.63,SYN.ETH-3APR20,1584701940648,open,0.01,952.0,0.0005,0.022,0.007322,207.36,0.007,0.0,ETH-3APR20-80-P,151.71,187.81,0.0045,354.0,0.011,84.0,227.58,0.02458,-0.18367,-0.00263,0.00137,-0.03859
150.63,SYN.ETH-3APR20,1584701940649,open,0.01,952.0,0.0005,0.022,0.007322,207.36,0.007,0.0,ETH-3APR20-80-P,151.71,187.81,0.0045,354.0,0.0105,300.0,225.06,0.02458,-0.18367,-0.00263,0.00137,-0.03859
150.08,ETH-26JUN20,1584701940663,open,0.04,1477.0,0.012,0.073,0.051121,134.09,0.0455,0.0,ETH-26JUN20-360-C,151.71,129.09,0.0445,300.0,0.059,20.0,139.71,0.20439,-0.14001,0.05213,0.00252,0.18065
150.08,ETH-26JUN20,1584701940674,open,0.04,1477.0,0.012,0.073,0.051121,134.09,0.0455,0.0,ETH-26JUN20-360-C,151.71,129.09,0.0445,300.0,0.058,300.0,139.01,0.20439,-0.14001,0.05213,0.00252,0.18065
150.63,SYN.ETH-3APR20,1584701940677,open,0.02,301.0,0.006,0.076,0.035446,160.32,0.0265,0.0,ETH-3APR20-200-C,151.71,149.9,0.0295,296.0,0.042,11.0,171.21,0.08839,-0.51065,0.01094,0.00639,0.22642
150.63,SYN.ETH-3APR20,1584701940679,open,0.02,301.0,0.006,0.076,0.035446,160.32,0.0265,0.0,ETH-3APR20-200-C,151.71,149.9,0.0295,296.0,0.041,296.0,169.58,0.08839,-0.51065,0.01094,0.00639,0.22642
150.5,SYN.ETH-24APR20,1584701940681,open,0.01,3555.0,0.0005,0.0235,0.008799,177.79,0.0065,0.0,ETH-24APR20-440-C,151.71,169.46,0.0065,590.0,0.0115,265.0,186.02,0.04546,-0.11587,0.00546,0.00118,0.04674
149.55,SYN.ETH-25SEP20,1584701940682,open,0.08,523.0,0.0325,0.132,0.081574,125.34,0.07,0.0,ETH-25SEP20-440-C,151.71,120.83,0.072,296.0,0.093,45.0,130.48,0.32493,-0.10781,0.11318,0.00224,0.22783
149.55,SYN.ETH-25SEP20,1584701940684,open,0.08,523.0,0.0325,0.132,0.081574,125.34,0.07,0.0,ETH-25SEP20-440-C,151.71,120.83,0.072,296.0,0.092,296.0,130.04,0.32493,-0.10781,0.11318,0.00224,0.22783
150.08,ETH-26JUN20,1584701940685,open,0.02,469.0,0.002,0.036,0.021015,137.93,0.011,0.0,ETH-26JUN20-520-C,151.71,133.28,0.0175,300.0,0.0235,1.0,140.96,0.1192,-0.08399,0.0251,0.00143,0.08338
150.63,SYN.ETH-3APR20,1584701940687,open,0.01,1.0,0.0005,0.0265,0.01192,195.71,0.02,0.0,ETH-3APR20-90-P,151.71,182.61,0.009,300.0,0.016,81.0,211.76,0.03577,-0.25225,-0.00422,0.00212,-0.06173
150.63,SYN.ETH-3APR20,1584701940688,open,0.01,1.0,0.0005,0.0265,0.01192,195.71,0.02,0.0,ETH-3APR20-90-P,151.71,182.61,0.009,300.0,0.0155,300.0,209.89,0.03577,-0.25225,-0.00422,0.00212,-0.06173
150.5,SYN.ETH-24APR20,1584701940690,open,0.08,788.0,0.053,0.1415,0.106887,141.02,0.1,0.0,ETH-24APR20-180-C,151.71,136.15,0.101,326.0,0.113,169.0,146.06,0.18218,-0.36832,0.04554,0.00597,0.4236
150.5,SYN.ETH-24APR20,1584701940691,open,0.08,788.0,0.053,0.1415,0.106887,141.02,0.1,0.0,ETH-24APR20-180-C,151.71,136.15,0.101,326.0,0.1125,326.0,145.65,0.18218,-0.36832,0.04554,0.00597,0.4236
149.55,SYN.ETH-25SEP20,1584701940693,open,0.03,2.0,0.0045,0.0475,0.027045,130.99,0.021,0.0,ETH-25SEP20-840-C,151.71,125.29,0.021,300.0,0.0365,53.0,138.61,0.17015,-0.059,0.0463,0.00112,0.08687
149.55,SYN.ETH-25SEP20,1584701940695,open,0.03,2.0,0.0045,0.0475,0.027045,130.99,0.021,0.0,ETH-25SEP20-840-C,151.71,125.29,0.021,300.0,0.0345,300.0,137.1,0.17015,-0.059,0.0463,0.00112,0.08687
150.5,SYN.ETH-24APR20,1584701940696,open,0.17,799.0,0.077,0.173,0.133852,140.99,0.17,0.0,ETH-24APR20-140-P,151.71,136.75,0.129,296.0,0.141,217.0,147.23,0.17241,-0.34849,-0.06966,0.00565,-0.35056
149.55,SYN.ETH-25SEP20,1584701940697,open,0.07,1016.0,0.0255,0.117,0.069864,125.5,0.0525,0.0,ETH-25SEP20-480-C,151.71,121.24,0.0615,298.0,0.08,2.0,130.39,0.3015,-0.10016,0.10098,0.00208,0.20035
149.55,SYN.ETH-25SEP20,1584701940699,open,0.07,1016.0,0.0255,0.117,0.069864,125.5,0.0525,0.0,ETH-25SEP20-480-C,151.71,121.24,0.0615,298.0,0.08,300.0,130.39,0.3015,-0.10016,0.10098,0.00208,0.20035
150.08,ETH-26JUN20,1584701940700,open,0.02,1804.0,0.0015,0.0335,0.018605,140.5,0.011,0.0,ETH-26JUN20-560-C,151.71,135.22,0.015,300.0,0.024,1.0,147.4,0.10897,-0.07822,0.02232,0.00128,0.07408
150.63,ETH-27MAR20,1584701940701,open,1.87,4.0,1.5775,1.7365,1.654964,0.0,1.862,0.0,ETH-27MAR20-400-P,151.71,0.0,1.2565,12.0,2.457,12.0,500.0,0.0,0.0,-0.07535,0.0,-1.0
150.5,SYN.ETH-24APR20,1584701940702,open,0.07,255.0,0.0405,0.1235,0.090616,141.02,0.076,0.0,ETH-24APR20-190-C,151.71,136.21,0.085,331.0,0.092,4.0,142.2,0.17651,-0.35686,0.041,0.00578,0.37572
149.55,SYN.ETH-25SEP20,1584701940704,open,0.03,187.0,0.0035,0.0435,0.024377,130.99,0.0275,0.0,ETH-25SEP20-880-C,151.71,123.88,0.0175,300.0,0.034,53.0,139.2,0.15891,-0.0551,0.04252,0.00105,0.07932
149.55,SYN.ETH-25SEP20,1584701940705,open,0.03,187.0,0.0035,0.0435,0.024377,130.99,0.0275,0.0,ETH-25SEP20-880-C,151.71,123.88,0.0175,300.0,0.0325,300.0,138.02,0.15891,-0.0551,0.04252,0.00105,0.07932
6870.0,BTC-27MAR20,1584701940707,open,0.03,881.0,0.0015,0.055,0.02218847,180.32,0.023,0.0,BTC-27MAR20-5500-P,6878.97,173.47,0.02,12.5,0.0245,25.4,187.33,2.23037,-29.24643,-0.22709,0.00014,-0.15329
150.07,ETH-26JUN20,1584701940708,open,2.19,0.0,1.852,2.062,1.964393,136.67,None,0.0,ETH-26JUN20-440-P,151.71,0.0,1.4755,10.0,2.476,10.0,412.71,0.15709,-0.10967,-1.14391,0.0019,-0.8782
150.63,ETH-27MAR20,1584701940713,open,3.6,0.0,3.124,3.379,3.247694,0.0,None,0.0,ETH-27MAR20-640-P,151.71,0.0,0.01,50.0,0.0,0.0,0.0,0.0,0.0,-0.12056,0.0,-1.0
150.5,SYN.ETH-24APR20,1584701940718,open,0.21,427.0,0.108,0.2135,0.169207,139.86,0.176,0.0,ETH-24APR20-150-P,151.71,134.29,0.1625,246.0,0.178,144.0,147.18,0.181,-0.36293,-0.0835,0.00598,-0.41145
150.63,SYN.ETH-3APR20,1584701940719,open,0.05,10.0,0.0085,0.082,0.039425,163.4,0.0655,0.0,ETH-3APR20-120-P,151.71,152.05,0.0335,284.0,0.047,6.0,177.39,0.08005,-0.47136,-0.01322,0.00568,-0.19139
150.63,SYN.ETH-3APR20,1584701940721,open,0.05,10.0,0.0085,0.082,0.039425,163.4,0.0655,0.0,ETH-3APR20-120-P,151.71,152.05,0.0335,284.0,0.046,284.0,175.57,0.08005,-0.47136,-0.01322,0.00568,-0.19139
150.5,SYN.ETH-24APR20,1584701940729,open,0.01,3028.0,0.0005,0.0225,0.007515,182.65,0.007,0.0,ETH-24APR20-60-P,151.71,171.65,0.0055,240.0,0.01,590.0,194.24,0.02989,-0.07826,-0.00511,0.00076,-0.028
150.63,SYN.ETH-3APR20,1584701940732,open,0.06,6.0,0.0365,0.1465,0.093164,152.41,0.064,0.0,ETH-3APR20-160-C,151.71,140.6,0.084,269.0,0.103,15.0,165.07,0.11699,-0.64251,0.02205,0.0089,0.47824
150.63,SYN.ETH-3APR20,1584701940734,open,0.06,6.0,0.0365,0.1465,0.093164,152.41,0.064,0.0,ETH-3APR20-160-C,151.71,140.6,0.084,269.0,0.102,269.0,163.78,0.11699,-0.64251,0.02205,0.0089,0.47824
149.55,SYN.ETH-25SEP20,1584701940735,open,0.06,398.0,0.0165,0.091,0.061961,126.55,0.046,0.0,ETH-25SEP20-520-C,151.71,121.65,0.053,299.0,0.073,47.0,132.19,0.2827,-0.09471,0.09167,0.00193,0.18042
149.55,SYN.ETH-25SEP20,1584701940736,open,0.06,398.0,0.0165,0.091,0.061961,126.55,0.046,0.0,ETH-25SEP20-520-C,151.71,121.65,0.053,299.0,0.072,299.0,131.69,0.2827,-0.09471,0.09167,0.00193,0.18042
150.08,ETH-26JUN20,1584701940738,open,0.01,3795.0,0.0005,0.03,0.015091,140.5,0.014,0.0,ETH-26JUN20-600-C,151.71,134.33,0.0115,300.0,0.0195,1.0,146.97,0.09458,-0.06789,0.01874,0.00111,0.06167
150.63,SYN.ETH-3APR20,1584701940739,open,0.05,11.0,0.023,0.1225,0.072145,153.15,0.05,0.0,ETH-3APR20-170-C,151.71,141.59,0.0635,277.0,0.0815,9.0,165.51,0.11339,-0.62574,0.01872,0.00858,0.39901
150.63,SYN.ETH-3APR20,1584701940741,open,0.05,11.0,0.023,0.1225,0.072145,153.15,0.05,0.0,ETH-3APR20-170-C,151.71,141.59,0.0635,277.0,0.0805,277.0,164.19,0.11339,-0.62574,0.01872,0.00858,0.39901
149.55,SYN.ETH-25SEP20,1584701940743,open,0.05,745.0,0.013,0.0805,0.05472,127.16,0.056,0.0,ETH-25SEP20-560-C,151.71,122.02,0.046,300.0,0.0655,48.0,133.02,0.26396,-0.08886,0.08308,0.00179,0.16207
149.55,SYN.ETH-25SEP20,1584701940751,open,0.05,745.0,0.013,0.0805,0.05472,127.16,0.056,0.0,ETH-25SEP20-560-C,151.71,122.02,0.046,300.0,0.0645,300.0,132.5,0.26396,-0.08886,0.08308,0.00179,0.16207
150.08,ETH-26JUN20,1584701940752,open,0.01,4933.0,0.0005,0.028,0.0132,142.06,0.01,0.0,ETH-26JUN20-640-C,151.71,132.69,0.0085,300.0,0.021,75.0,153.86,0.0857,-0.06219,0.01658,0.001,0.05439
150.08,ETH-26JUN20,1584701940754,open,0.01,4933.0,0.0005,0.028,0.0132,142.06,0.01,0.0,ETH-26JUN20-640-C,151.71,132.69,0.0085,300.0,0.02,300.0,152.51,0.0857,-0.06219,0.01658,0.001,0.05439
150.63,SYN.ETH-3APR20,1584701940756,open,0.04,43.0,0.015,0.105,0.057436,156.55,0.06,0.0,ETH-3APR20-180-C,151.71,145.22,0.0495,351.0,0.0655,11.0,167.81,0.10677,-0.60232,0.01579,0.00791,0.33323
150.5,SYN.ETH-24APR20,1584701940756,open,0.04,221.0,0.0035,0.044,0.029106,160.27,0.038,0.0,ETH-24APR20-90-P,151.71,158.2,0.028,4.0,0.0305,247.0,162.83,0.08123,-0.18664,-0.01847,0.00234,-0.0993
150.63,SYN.ETH-3APR20,1584701940762,open,0.04,43.0,0.015,0.105,0.057434,156.55,0.06,0.0,ETH-3APR20-180-C,151.71,145.22,0.0495,351.0,0.0645,285.0,166.43,0.10677,-0.60232,0.01579,0.00791,0.33323
150.07,ETH-26JUN20,1584701940768,open,3.32,0.0,2.884,3.14,3.01296,140.08,None,0.0,ETH-26JUN20-600-P,151.71,0.0,2.527,10.0,3.5275,10.0,433.42,0.09358,-0.06697,-1.5904,0.00111,-0.93916
149.55,SYN.ETH-25SEP20,1584701940773,open,0.04,407.0,0.01,0.072,0.048398,127.61,0.038,0.0,ETH-25SEP20-600-C,151.71,122.26,0.04,300.0,0.059,49.0,133.74,0.24615,-0.08315,0.07538,0.00167,0.14583
149.55,SYN.ETH-25SEP20,1584701940775,open,0.04,407.0,0.01,0.072,0.048398,127.61,0.038,0.0,ETH-25SEP20-600-C,151.71,122.26,0.04,300.0,0.058,300.0,133.18,0.24615,-0.08315,0.07538,0.00167,0.14583
150.08,ETH-26JUN20,1584701940784,open,0.01,2069.0,0.0005,0.0265,0.011765,143.78,0.0125,0.0,ETH-26JUN20-680-C,151.71,136.88,0.0085,300.0,0.0165,1.0,151.89,0.07855,-0.05769,0.01488,0.0009,0.04875
150.63,SYN.ETH-3APR20,1584701940786,open,0.03,1.0,0.009,0.0885,0.044506,157.59,0.0315,0.0,ETH-3APR20-190-C,151.71,147.36,0.038,291.0,0.052,8.0,168.92,0.09774,-0.55502,0.01311,0.00719,0.27354
150.63,SYN.ETH-3APR20,1584701940787,open,0.03,1.0,0.009,0.0885,0.044506,157.59,0.0315,0.0,ETH-3APR20-190-C,151.71,147.36,0.038,291.0,0.051,291.0,167.43,0.09774,-0.55502,0.01311,0.00719,0.27354
149.55,SYN.ETH-25SEP20,1584701940789,open,0.04,1916.0,0.008,0.064,0.043147,128.09,0.036,0.0,ETH-25SEP20-640-C,151.71,122.85,0.0355,300.0,0.0535,50.0,134.45,0.22996,-0.07798,0.06871,0.00155,0.13197
149.55,SYN.ETH-25SEP20,1584701940790,open,0.04,1916.0,0.008,0.064,0.043147,128.09,0.036,0.0,ETH-25SEP20-640-C,151.71,122.85,0.0355,300.0,0.0525,300.0,133.86,0.22996,-0.07798,0.06871,0.00155,0.13197
150.08,ETH-26JUN20,1584701940791,open,0.01,866.0,0.0005,0.0245,0.009808,143.78,0.011,0.0,ETH-26JUN20-720-C,151.71,136.98,0.007,300.0,0.0125,1.0,149.18,0.06897,-0.05066,0.01274,0.00079,0.04148
150.07,ETH-26JUN20,1584701940792,open,0.07,2044.0,0.0165,0.0695,0.05466,140.43,0.0725,0.0,ETH-26JUN20-80-P,151.71,128.12,0.043,1.0,0.063,64.0,148.93,0.14574,-0.10456,-0.06608,0.00172,-0.1096
150.63,SYN.ETH-3APR20,1584701940793,open,0.16,12.0,0.055,0.189,0.120284,158.25,0.135,0.0,ETH-3APR20-150-P,151.71,139.65,0.106,211.0,0.1365,54.0,179.43,0.11553,-0.65876,-0.0317,0.00846,-0.43337
150.63,SYN.ETH-3APR20,1584701940795,open,0.16,12.0,0.055,0.189,0.120284,158.25,0.135,0.0,ETH-3APR20-150-P,151.71,139.65,0.106,211.0,0.135,211.0,177.47,0.11553,-0.65876,-0.0317,0.00846,-0.43337
150.11,ETH-26JUN20,1584701940798,open,0.1,1404.0,0.0555,0.158,0.120028,130.85,0.1025,0.0,ETH-26JUN20-240-C,151.71,125.64,0.11,305.0,0.126,285.0,133.91,0.29129,-0.19471,0.0973,0.00368,0.36174
149.51,SYN.ETH-25SEP20,1584701940799,open,2.79,0.0,2.396,2.6675,2.539048,126.07,None,0.0,ETH-25SEP20-520-P,151.71,0.0,0.0,0.0,0.0,0.0,0.0,0.28074,-0.09369,-2.59993,0.00193,-0.82149
150.5,SYN.ETH-24APR20,1584701940806,open,0.27,2158.0,0.144,0.2575,0.210131,140.08,0.218,0.0,ETH-24APR20-160-P,151.71,133.48,0.202,194.0,0.219,169.0,147.31,0.18507,-0.37167,-0.09781,0.0061,-0.47006
150.63,SYN.ETH-3APR20,1584701940807,open,0.08,3.0,0.018,0.112,0.060265,161.2,0.0845,0.0,ETH-3APR20-130-P,151.71,147.37,0.0515,271.0,0.0705,55.0,177.07,0.09633,-0.55956,-0.01867,0.00693,-0.26575
150.63,SYN.ETH-3APR20,1584701940809,open,0.08,3.0,0.018,0.112,0.060265,161.2,0.0845,0.0,ETH-3APR20-130-P,151.71,147.37,0.0515,271.0,0.0695,271.0,175.53,0.09633,-0.55956,-0.01867,0.00693,-0.26575
150.07,ETH-26JUN20,1584701940810,open,0.37,169.0,0.2185,0.356,0.291656,122.59,0.4855,0.0,ETH-26JUN20-160-P,151.71,120.29,0.287,162.0,0.3305,20.0,141.99,0.30284,-0.18966,-0.28409,0.00409,-0.41431
150.07,ETH-26JUN20,1584701940812,open,0.37,169.0,0.2185,0.356,0.291656,122.59,0.4855,0.0,ETH-26JUN20-160-P,151.71,120.29,0.287,162.0,0.328,162.0,140.73,0.30284,-0.18966,-0.28409,0.00409,-0.41431
149.55,SYN.ETH-25SEP20,1584701940813,open,0.46,91.0,0.301,0.4615,0.387166,121.98,0.52,0.0,ETH-25SEP20-160-P,151.71,111.68,0.359,152.0,0.8,1.0,312.52,0.40199,-0.12981,-0.57706,0.00285,-0.35877
150.08,ETH-26JUN20,1584701940817,open,0.08,2038.0,0.0325,0.1205,0.086419,130.87,0.0735,0.0,ETH-26JUN20-280-C,151.71,125.95,0.078,312.0,0.0945,292.0,135.42,0.26183,-0.17505,0.07809,0.00331,0.28049
150.63,SYN.ETH-3APR20,1584701940820,open,0.02,301.0,0.006,0.076,0.035438,160.32,0.0265,0.0,ETH-3APR20-200-C,151.71,149.9,0.0295,326.0,0.041,296.0,169.58,0.08839,-0.51065,0.01094,0.00639,0.22642
6894.5,BTC-25SEP20,1584701940823,open,0.1,889.7,0.0425,0.131,0.08670167,111.62,0.0725,0.0,BTC-25SEP20-4000-P,6878.98,106.78,0.079,48.6,0.094,35.6,116.15,11.04849,-3.26471,-8.09441,4e-05,-0.14018
6858.91,BTC-26JUN20,1584701940823,open,0.0,3194.8,0.0005,0.0195,0.00473687,128.21,0.0065,0.0,BTC-26JUN20-32000-C,6878.98,121.18,0.003,40.2,0.007,35.4,135.1,1.96488,-1.28698,0.34358,1e-05,0.02342
6869.74,BTC-27MAR20,1584701940823,open,2.79,0.0,2.296,2.716,2.49338173,0.0,None,0.0,BTC-27MAR20-24000-P,6878.98,0.0,0.0005,1.0,0.0,0.0,0.0,0.0,0.0,-4.521,0.0,-1.0
6868.91,SYN.BTC-3APR20,1584701940822,open,0.0,0.01,0.0925,0.04891927,157.39,None,0.0,BTC-3APR20-8500-C,6878.98,151.5,0.045,5.0,0.053,12.0,163.41,4.61585,-26.17784,0.64074,0.00016,0.29429
6869.74,BTC-27MAR20,1584701940825,open,0.0,877.9,0.0005,0.0155,2e-08,248.55,0.001,0.0,BTC-27MAR20-40000-C,6878.98,0.0,0.0,0.0,0.0005,9.0,426.3,1e-05,-0.00012,0.0,0.0,0.0
6894.51,BTC-25SEP20,1584701940825,open,1.59,3.4,1.2305,1.571,1.39673397,106.29,2.028,0.0,BTC-25SEP20-16000-P,6878.98,0.0,0.0,0.0,0.0,0.0,0.0,15.28223,-4.30015,-77.08258,6e-05,-0.76384
6869.75,BTC-27MAR20,1584701940827,open,0.0,2286.7,0.0005,0.016,0.00143922,222.44,0.001,0.0,BTC-27MAR20-14000-C,6878.98,212.71,0.001,38.0,0.002,1.0,232.24,0.35005,-5.66241,0.01711,2e-05,0.01466
6894.51,BTC-25SEP20,1584701940827,open,0.04,182.2,0.011,0.0545,0.03121632,122.98,0.039,0.0,BTC-25SEP20-2500-P,6878.98,115.68,0.0255,40.0,0.037,56.0,129.89,5.59829,-1.82256,-3.11257,2e-05,-0.05603
6869.75,BTC-27MAR20,1584701940827,open,3.43,0.0,2.8455,3.3355,3.0755934,0.0,None,0.0,BTC-27MAR20-28000-P,6878.98,0.0,0.0,0.0,0.0,0.0,0.0,0.0,0.0,-5.27451,0.0,-1.0
6869.75,BTC-27MAR20,1584701940828,open,1.06,12.0,0.7855,1.0145,0.89470258,217.11,1.485,0.0,BTC-27MAR20-13000-P,6878.98,0.0,0.1,1.0,1.125,4.9,500.0,0.51779,-8.17489,-2.42188,3e-05,-0.97679
6858.92,BTC-26JUN20,1584701940828,open,3.75,5.5,3.1275,3.6665,3.37990214,128.07,5.702,0.0,BTC-26JUN20-30000-P,6878.98,0.0,0.0005,1.0,0.0,0.0,0.0,2.35954,-1.54373,-80.0207,1e-05,-0.97085
6858.92,BTC-26JUN20,1584701940828,open,0.03,522.8,0.009,0.0535,0.02893532,139.83,0.03,0.0,BTC-26JUN20-3000-P,6878.98,136.89,0.027,0.1,0.031,40.0,142.89,4.57191,-3.26575,-1.75118,3e-05,-0.06628
6876.45,SYN.BTC-22MAR20,1584701940822,open,0.0,0.0005,0.0565,0.01764272,169.36,None,0.0,BTC-22MAR20-7500-C,6878.98,83.02,0.002,11.0,0.037,11.0,246.76,1.58766,-71.67549,0.0844,0.00039,0.25647
6866.41,SYN.BTC-24APR20,1584701940822,open,2.8,0.0,2.298,2.723,2.49712259,162.12,None,0.0,BTC-24APR20-24000-P,6878.98,0.0,0.0,0.0,0.0,0.0,0.0,0.67876,-1.5776,-22.86317,1e-05,-0.98767
6877.79,SYN.BTC-21MAR20,1584701940822,open,0.01,2.4,0.0005,0.017,0.00165892,191.42,0.0045,0.0,BTC-21MAR20-5875-P,6878.98,187.7,0.0015,20.0,0.0055,20.0,252.64,0.30214,-11.40971,-0.00721,0.00014,-0.04202
6866.41,SYN.BTC-24APR20,1584701940822,open,0.39,0.0,0.3915,0.4805,0.44013932,153.72,None,0.0,BTC-24APR20-4000-C,6878.98,0.0,0.1,0.1,0.0,0.0,0.0,3.29132,-7.2537,3.11806,5e-05,0.91539
6866.41,SYN.BTC-24APR20,1584701940823,open,0.02,463.6,0.0075,0.069,0.0349201,136.49,0.034,0.0,BTC-24APR20-11000-C,6878.98,130.95,0.0305,30.5,0.0395,39.8,141.96,5.61728,-10.99231,0.9681,9e-05,0.18248
6868.91,SYN.BTC-3APR20,1584701940822,open,0.06,16.0,0.011,0.091,0.04650984,153.77,0.047,0.0,BTC-3APR20-5750-P,6878.98,145.19,0.0415,12.0,0.0515,20.0,162.15,4.05426,-22.46391,-0.71877,0.00015,-0.22875
6868.91,SYN.BTC-3APR20,1584701940822,open,0.0,0.197,0.3755,0.28630673,157.28,None,0.0,BTC-3APR20-8500-P,6878.98,0.0,0.0,0.0,0.0,0.0,0.0,4.61439,-26.15151,-2.59092,0.00016,-0.70591
149.55,SYN.ETH-25SEP20,1584701940844,open,0.46,91.0,0.301,0.4615,0.387166,121.98,0.52,0.0,ETH-25SEP20-160-P,151.71,111.68,0.359,152.0,0.4135,152.0,131.95,0.40199,-0.12981,-0.57706,0.00285,-0.35877
6866.41,SYN.BTC-24APR20,1584701940823,open,0.03,736.5,0.0135,0.088,0.04878367,133.92,0.052,0.0,BTC-24APR20-10000-C,6878.98,128.89,0.044,30.5,0.0535,52.9,138.75,6.62221,-12.71474,1.26507,0.00011,0.24161
6877.79,SYN.BTC-21MAR20,1584701940824,open,0.06,11.3,0.0005,0.0665,0.01991505,184.06,0.018,0.0,BTC-21MAR20-6625-P,6878.98,161.52,0.016,20.4,0.0245,20.0,209.87,1.20879,-111.2443,-0.05652,0.00058,-0.3226
6866.41,SYN.BTC-24APR20,1584701940822,open,3.43,2.0,2.8475,3.341,3.07886867,167.8,4.2765,0.0,BTC-24APR20-28000-P,6878.98,0.0,0.0,0.0,0.0,0.0,0.0,0.42053,-1.01167,-26.71401,1e-05,-0.99287
6868.91,SYN.BTC-3APR20,1584701940823,open,0.21,0.0,0.203,0.3145,0.26463295,159.54,None,0.0,BTC-3APR20-5250-C,6878.98,0.0,0.137,8.0,0.351,11.5,316.82,3.1772,-18.26554,1.51819,0.00011,0.84604
6866.41,SYN.BTC-24APR20,1584701940823,open,0.01,619.5,0.0005,0.038,0.01506391,145.19,0.017,0.0,BTC-24APR20-14000-C,6878.98,139.67,0.0125,29.0,0.018,58.8,150.94,3.34493,-6.96281,0.46837,5e-05,0.08645
6869.74,BTC-27MAR20,1584701940854,open,0.59,627.5,0.3745,0.562,0.46835856,199.04,0.6445,0.0,BTC-27MAR20-10000-P,6878.98,129.57,0.457,6.8,0.922,2.5,500.0,1.74844,-25.30681,-1.76057,0.0001,-0.89211
150.07,ETH-26JUN20,1584701940863,open,0.07,2044.0,0.0165,0.0695,0.05466,140.43,0.0725,0.0,ETH-26JUN20-80-P,151.71,132.99,0.0475,294.0,0.063,64.0,148.93,0.14574,-0.10456,-0.06608,0.00172,-0.1096
150.5,SYN.ETH-24APR20,1584701940864,open,0.02,1367.0,0.002,0.0375,0.022522,155.46,0.0195,0.0,ETH-24APR20-300-C,151.71,150.27,0.0195,74.0,0.0255,350.0,160.24,0.09085,-0.20249,0.01344,0.0027,0.11599
150.07,ETH-26JUN20,1584701940865,open,0.07,2044.0,0.0165,0.0695,0.05466,140.43,0.0725,0.0,ETH-26JUN20-80-P,151.71,132.99,0.0475,294.0,0.0625,294.0,148.43,0.14574,-0.10456,-0.06608,0.00172,-0.1096
150.08,ETH-26JUN20,1584701940867,open,0.03,1891.0,0.004,0.0415,0.02666,148.98,0.0425,0.0,ETH-26JUN20-60-P,151.71,134.37,0.0185,300.0,0.034,370.0,160.7,0.08981,-0.06835,-0.03396,0.001,-0.05773
6869.74,BTC-27MAR20,1584701940866,open,0.04,1171.2,0.0245,0.135,0.0824147,166.05,0.08,0.0,BTC-27MAR20-7000-C,6878.98,157.99,0.078,15.0,0.086,44.2,172.61,3.75964,-45.39911,0.55667,0.00025,0.51258
150.5,SYN.ETH-24APR20,1584701940867,open,0.03,4050.0,0.0055,0.049,0.034025,148.71,0.0275,0.0,ETH-24APR20-260-C,151.71,143.4,0.03,609.0,0.038,561.0,153.7,0.11711,-0.24968,0.01936,0.00364,0.16864
149.55,SYN.ETH-25SEP20,1584701940869,open,0.03,49.0,0.006,0.0565,0.032081,129.85,0.02,0.0,ETH-25SEP20-760-C,151.71,122.04,0.023,300.0,0.041,300.0,136.36,0.19077,-0.06557,0.05364,0.00127,0.10143
6869.75,BTC-27MAR20,1584701940870,open,0.01,742.0,0.002,0.066,0.02924233,179.52,0.026,0.0,BTC-27MAR20-8500-C,6878.98,172.84,0.0265,8.4,0.032,38.6,186.06,2.85838,-37.31524,0.25894,0.00018,0.22934
149.55,SYN.ETH-25SEP20,1584701940871,open,0.35,63.0,0.221,0.3655,0.298345,122.38,0.3455,0.0,ETH-25SEP20-140-P,151.71,109.27,0.265,211.0,0.3235,211.0,132.5,0.37585,-0.12177,-0.46548,0.00265,-0.30323
6869.75,BTC-27MAR20,1584701940873,open,0.03,524.8,0.011,0.1065,0.05760305,169.22,0.0545,0.0,BTC-27MAR20-7500-C,6878.98,161.44,0.0535,20.0,0.061,46.0,175.62,3.63478,-44.7272,0.43886,0.00024,0.39673
149.55,SYN.ETH-25SEP20,1584701940874,open,0.35,63.0,0.221,0.3655,0.298345,122.38,0.3455,0.0,ETH-25SEP20-140-P,151.71,109.27,0.265,211.0,0.3335,211.0,136.56,0.37585,-0.12177,-0.46548,0.00265,-0.30323
6869.74,BTC-27MAR20,1584701940876,open,0.02,1649.7,0.005,0.0855,0.04087197,174.36,0.0395,0.0,BTC-27MAR20-8000-C,6878.98,166.2,0.037,20.0,0.0445,43.3,181.87,3.29125,-41.73152,0.33875,0.00021,0.30264
150.08,ETH-26JUN20,1584701940877,open,0.19,408.0,0.0875,0.1895,0.155654,133.75,0.2385,0.0,ETH-26JUN20-120-P,151.71,123.42,0.1385,262.0,0.173,262.0,144.32,0.24784,-0.16934,-0.16389,0.00307,-0.25167
149.55,SYN.ETH-25SEP20,1584701940880,open,0.12,522.0,0.05,0.127,0.09259,127.1,0.1,0.0,ETH-25SEP20-80-P,151.71,117.93,0.079,287.0,0.105,287.0,135.35,0.22374,-0.07528,-0.1698,0.00152,-0.12685
150.63,SYN.ETH-3APR20,1584701940883,open,0.06,6.0,0.0365,0.1465,0.093161,152.41,0.064,0.0,ETH-3APR20-160-C,151.71,140.6,0.084,299.0,0.102,269.0,163.78,0.11699,-0.64251,0.02205,0.0089,0.47824
149.55,SYN.ETH-25SEP20,1584701940889,open,0.18,534.0,0.0945,0.198,0.149057,124.45,0.202,0.0,ETH-25SEP20-100-P,151.71,115.84,0.1325,272.0,0.1645,272.0,132.53,0.28698,-0.09454,-0.25833,0.00199,-0.18481
6869.74,BTC-27MAR20,1584701940889,open,0.05,1017.2,0.005,0.0835,0.03772688,169.73,0.037,0.0,BTC-27MAR20-6000-P,6878.98,163.34,0.035,0.2,0.041,20.0,177.3,2.94916,-36.40068,-0.36293,0.0002,-0.24272
6869.74,BTC-27MAR20,1584701940890,open,0.15,1196.0,0.036,0.1685,0.10131234,165.94,0.116,0.0,BTC-27MAR20-7000-P,6878.98,157.14,0.0965,16.0,0.105,1.0,172.68,3.75966,-45.36744,-0.76194,0.00025,-0.48748
149.55,SYN.ETH-25SEP20,1584701940892,open,0.26,226.0,0.152,0.278,0.219298,123.52,0.31,0.0,ETH-25SEP20-120-P,151.71,112.84,0.195,255.0,0.2345,255.0,130.3,0.33779,-0.11045,-0.35885,0.00236,-0.24446
6869.74,BTC-27MAR20,1584701940892,open,0.05,1017.2,0.005,0.0835,0.03772688,169.73,0.037,0.0,BTC-27MAR20-6000-P,6878.98,163.34,0.035,0.2,0.041,56.8,177.3,2.94916,-36.40068,-0.36293,0.0002,-0.24272
149.55,SYN.ETH-25SEP20,1584701940894,open,0.16,1361.0,0.095,0.229,0.16642,124.87,0.144,0.0,ETH-25SEP20-280-C,151.71,117.08,0.145,284.0,0.1725,284.0,127.04,0.41607,-0.13753,0.18202,0.00288,0.40164
149.51,SYN.ETH-25SEP20,1584701940897,open,0.2,482.0,0.1285,0.269,0.204941,124.88,0.15,0.0,ETH-25SEP20-240-C,151.71,116.66,0.1815,280.0,0.21,280.0,126.65,0.42777,-0.14142,0.20434,0.00296,0.46905
150.11,ETH-26JUN20,1584701940899,open,0.02,2008.0,0.0005,0.0295,0.014676,149.03,0.0095,0.0,ETH-26JUN20-50-P,151.71,133.24,0.009,300.0,0.02,73.0,161.38,0.06023,-0.04585,-0.02004,0.00067,-0.03512
150.63,SYN.ETH-3APR20,1584701940901,open,0.02,62.0,0.0015,0.0355,0.017774,182.48,0.028,0.0,ETH-3APR20-100-P,151.71,168.48,0.0135,300.0,0.0215,300.0,193.66,0.04843,-0.31845,-0.00628,0.00308,-0.09188
149.55,SYN.ETH-25SEP20,1584701940903,open,0.13,491.0,0.071,0.197,0.136781,124.87,0.1115,0.0,ETH-25SEP20-320-C,151.71,117.86,0.1185,288.0,0.1445,288.0,127.75,0.39654,-0.13108,0.16143,0.00274,0.3454
149.55,SYN.ETH-25SEP20,1584701940905,open,0.09,1978.0,0.0415,0.1495,0.095254,124.87,0.078,0.0,ETH-25SEP20-400-C,151.71,118.8,0.0815,294.0,0.106,294.0,129.39,0.34831,-0.11513,0.12676,0.00241,0.25907
150.07,ETH-26JUN20,1584701940905,open,0.02,864.0,0.003,0.0415,0.026504,137.94,0.027,0.0,ETH-26JUN20-480-C,151.71,133.97,0.023,320.0,0.0315,1.0,143.1,0.1383,-0.09745,0.03035,0.00166,0.10193
149.55,SYN.ETH-25SEP20,1584701940907,open,0.11,1009.0,0.054,0.171,0.113614,124.87,0.114,0.0,ETH-25SEP20-360-C,151.71,118.26,0.0975,291.0,0.123,291.0,128.58,0.37316,-0.12335,0.14302,0.00258,0.29844
149.55,SYN.ETH-25SEP20,1584701940921,open,0.03,200.0,0.005,0.0515,0.02947,130.47,0.021,0.0,ETH-25SEP20-800-C,151.71,122.26,0.0205,300.0,0.038,300.0,137.07,0.18019,-0.06224,0.04982,0.00119,0.09384
150.08,ETH-26JUN20,1584701940923,open,0.03,1713.0,0.0045,0.048,0.033382,137.58,0.0325,0.0,ETH-26JUN20-440-C,151.71,131.76,0.0275,300.0,0.0395,300.0,143.09,0.1594,-0.11204,0.0366,0.00192,0.12435
149.55,SYN.ETH-25SEP20,1584701940925,open,0.08,523.0,0.0325,0.132,0.081559,125.34,0.07,0.0,ETH-25SEP20-440-C,151.71,119.37,0.069,296.0,0.092,296.0,130.04,0.32493,-0.10781,0.11318,0.00224,0.22783
150.5,SYN.ETH-24APR20,1584701940928,open,0.04,434.0,0.0175,0.083,0.058919,144.92,0.047,0.0,ETH-24APR20-220-C,151.71,141.01,0.055,4.0,0.0625,342.0,148.41,0.1528,-0.31746,0.02984,0.00487,0.26645
149.55,SYN.ETH-25SEP20,1584701940929,open,0.03,2.0,0.0045,0.0475,0.027042,130.99,0.021,0.0,ETH-25SEP20-840-C,151.71,122.65,0.0185,300.0,0.0345,300.0,137.1,0.17015,-0.059,0.0463,0.00112,0.08687
149.55,SYN.ETH-25SEP20,1584701940932,open,0.03,2.0,0.0045,0.0475,0.027042,130.99,0.021,0.0,ETH-25SEP20-840-C,151.71,122.65,0.0185,300.0,0.0355,300.0,137.86,0.17015,-0.059,0.0463,0.00112,0.08687
149.55,SYN.ETH-25SEP20,1584701940936,open,0.07,1016.0,0.0255,0.117,0.069859,125.5,0.0525,0.0,ETH-25SEP20-480-C,151.71,119.92,0.059,298.0,0.08,300.0,130.39,0.3015,-0.10016,0.10098,0.00208,0.20035
149.55,SYN.ETH-25SEP20,1584701940938,open,0.03,187.0,0.0035,0.0435,0.024374,130.99,0.0275,0.0,ETH-25SEP20-880-C,151.71,122.72,0.0165,300.0,0.0325,300.0,138.02,0.15891,-0.0551,0.04252,0.00105,0.07932
150.63,SYN.ETH-3APR20,1584701940944,open,0.02,62.0,0.0015,0.0355,0.017774,182.48,0.028,0.0,ETH-3APR20-100-P,151.71,168.48,0.0135,300.0,0.0215,313.0,193.66,0.04843,-0.31845,-0.00628,0.00308,-0.09188
149.55,SYN.ETH-25SEP20,1584701940948,open,0.03,187.0,0.0035,0.0435,0.024374,130.99,0.0275,0.0,ETH-25SEP20-880-C,151.71,122.72,0.0165,300.0,0.033,300.0,138.41,0.15891,-0.0551,0.04252,0.00105,0.07932
149.55,SYN.ETH-25SEP20,1584701940951,open,0.06,398.0,0.0165,0.091,0.06195,126.55,0.046,0.0,ETH-25SEP20-520-C,151.71,120.21,0.0505,299.0,0.072,299.0,131.69,0.2827,-0.09471,0.09167,0.00193,0.18042
149.55,SYN.ETH-25SEP20,1584701940954,open,0.05,745.0,0.013,0.0805,0.054709,127.16,0.056,0.0,ETH-25SEP20-560-C,151.71,120.78,0.044,300.0,0.0645,300.0,132.5,0.26396,-0.08886,0.08308,0.00179,0.16207
151.6,SYN.ETH-21MAR20,1584701940955,open,0.01,0.0,0.0005,0.0155,0.000987,170.24,0.0015,0.0,ETH-21MAR20-130-P,151.71,170.66,0.001,350.0,0.0075,350.0,271.02,0.00501,-0.14952,-0.00011,0.00534,-0.02969
150.5,SYN.ETH-24APR20,1584701940957,open,0.06,1314.0,0.0305,0.1085,0.077881,142.03,0.068,0.0,ETH-24APR20-200-C,151.71,137.21,0.0725,385.0,0.083,335.0,146.54,0.16933,-0.34479,0.03686,0.00551,0.33424
149.55,SYN.ETH-25SEP20,1584701940959,open,0.04,407.0,0.01,0.072,0.048398,127.61,0.038,0.0,ETH-25SEP20-600-C,151.71,120.9,0.038,300.0,0.058,300.0,133.18,0.24615,-0.08315,0.07538,0.00167,0.14583
150.63,SYN.ETH-3APR20,1584701940962,open,0.03,1.0,0.009,0.0885,0.044506,157.59,0.0315,0.0,ETH-3APR20-190-C,151.71,146.56,0.0375,291.0,0.051,291.0,167.43,0.09774,-0.55502,0.01311,0.00719,0.27354
149.51,SYN.ETH-25SEP20,1584701940975,open,0.04,1916.0,0.008,0.064,0.043147,128.08,0.036,0.0,ETH-25SEP20-640-C,151.71,121.03,0.033,300.0,0.0525,300.0,133.88,0.2298,-0.07792,0.06866,0.00155,0.13189
150.07,ETH-26JUN20,1584701940978,open,0.37,169.0,0.2185,0.356,0.291656,122.59,0.4855,0.0,ETH-26JUN20-160-P,151.71,120.29,0.287,162.0,0.3285,162.0,140.98,0.30284,-0.18966,-0.28409,0.00409,-0.41431
149.55,SYN.ETH-25SEP20,1584701940981,open,0.46,91.0,0.301,0.4615,0.387166,121.98,0.52,0.0,ETH-25SEP20-160-P,151.71,108.57,0.3505,152.0,0.4135,152.0,131.95,0.40199,-0.12981,-0.57706,0.00285,-0.35877
149.55,SYN.ETH-25SEP20,1584701940983,open,0.46,91.0,0.301,0.4615,0.387166,121.98,0.52,0.0,ETH-25SEP20-160-P,151.71,108.57,0.3505,152.0,0.4265,152.0,136.89,0.40199,-0.12981,-0.57706,0.00285,-0.35877
150.11,ETH-26JUN20,1584701940984,open,0.66,0.0,0.6585,0.6965,0.681587,149.03,None,0.0,ETH-26JUN20-50-C,151.71,0.0,0.475,20.0,0.876,20.0,465.29,0.06023,-0.04585,0.11404,0.00067,0.96488
150.07,ETH-26JUN20,1584701940985,open,0.07,2044.0,0.0165,0.0695,0.05466,140.43,0.0725,0.0,ETH-26JUN20-80-P,151.71,130.3,0.045,294.0,0.0625,294.0,148.43,0.14574,-0.10456,-0.06608,0.00172,-0.1096
150.64,ETH-27MAR20,1584701940991,open,1.01,1218.0,0.805,0.9165,0.862412,223.35,1.12,0.0,ETH-27MAR20-280-P,151.71,0.0,0.8585,100.0,1.663,12.0,500.0,0.01438,-0.23363,-0.05196,0.00151,-0.96918
150.08,ETH-26JUN20,1584701940992,open,0.71,528.0,0.5095,0.677,0.608065,130.69,0.869,0.0,ETH-26JUN20-220-P,151.71,0.0,0.115,10.0,1.115,10.0,406.63,0.30217,-0.20174,-0.4819,0.00383,-0.5897
150.64,ETH-27MAR20,1584701941005,open,1.3,981.0,1.063,1.19,1.125607,224.55,1.452,0.0,ETH-27MAR20-320-P,151.71,0.0,0.7265,12.0,1.927,12.0,500.0,0.00598,-0.09773,-0.06,0.00062,-0.98901
6866.41,SYN.BTC-24APR20,1584701941011,open,0.27,208.0,0.26,0.3695,0.32127107,140.31,0.32,0.0,BTC-24APR20-5000-C,6878.98,100.71,0.293,14.0,0.3355,8.0,157.91,5.40138,-10.86489,3.32782,9e-05,0.8285
150.08,ETH-26JUN20,1584701941015,open,1.91,0.0,1.598,1.7985,1.705926,135.25,None,0.0,ETH-26JUN20-400-P,151.71,0.0,1.2165,10.0,2.2165,10.0,407.53,0.17874,-0.12349,-1.02963,0.00219,-0.85304
150.07,ETH-26JUN20,1584701941017,open,3.9,0.0,3.4015,3.6845,3.542981,140.78,None,0.0,ETH-26JUN20-680-P,151.71,0.0,3.0575,10.0,4.058,10.0,443.12,0.07208,-0.05183,-1.80994,0.00085,-0.9562
150.08,ETH-26JUN20,1584701941019,open,4.18,1.0,3.6595,3.9565,3.807249,141.62,4.3,0.0,ETH-26JUN20-720-P,151.71,0.0,3.3235,10.0,4.324,10.0,447.98,0.06456,-0.04671,-1.91887,0.00075,-0.96176
150.67,ETH-27MAR20,1584701941020,open,1.44,0.0,1.191,1.326,1.257362,235.9,None,0.0,ETH-27MAR20-340-P,151.71,0.0,0.859,12.0,2.059,12.0,500.0,0.00519,-0.08908,-0.06381,0.00051,-0.99066
150.64,ETH-27MAR20,1584701941022,open,1.59,6.0,1.321,1.464,1.390252,207.12,1.8335,0.0,ETH-27MAR20-360-P,151.71,0.0,0.9915,12.0,2.1915,12.0,500.0,0.00115,-0.01736,-0.06777,0.00013,-0.99826
150.64,ETH-27MAR20,1584701941028,open,2.74,0.0,2.352,2.559,2.451945,0.0,None,0.0,ETH-27MAR20-520-P,151.71,0.0,2.0535,12.0,3.2535,12.0,500.0,0.0,0.0,-0.09796,0.0,-1.0
150.5,SYN.ETH-24APR20,1584701941045,open,1.6,0.0,1.323,1.4765,1.405907,165.14,None,0.0,ETH-24APR20-360-P,151.71,0.0,0.9135,12.0,1.914,12.0,500.0,0.06455,-0.15282,-0.33546,0.00181,-0.92694
6869.75,BTC-27MAR20,1584701941047,open,0.03,881.0,0.0015,0.055,0.02219777,180.33,0.023,0.0,BTC-27MAR20-5500-P,6878.98,173.45,0.02,12.5,0.0245,65.0,187.31,2.23071,-29.25238,-0.22715,0.00014,-0.15333
150.5,SYN.ETH-24APR20,1584701941054,open,0.5,1276.0,0.3325,0.462,0.406805,142.0,0.7485,0.0,ETH-24APR20-200-P,151.71,0.0,0.0,0.0,0.91,12.0,500.0,0.16932,-0.34471,-0.15424,0.00551,-0.66581
150.64,ETH-27MAR20,1584701941056,open,0.45,4045.0,0.2895,0.3785,0.345859,181.06,0.889,0.0,ETH-27MAR20-200-P,151.71,0.0,0.001,10.0,1.1495,12.0,500.0,0.04922,-0.64803,-0.0338,0.00636,-0.84524
150.63,SYN.ETH-3APR20,1584701941058,open,0.08,16.0,0.0605,0.1805,0.124446,158.25,0.109,0.0,ETH-3APR20-150-C,151.71,105.05,0.0835,28.0,0.161,28.0,206.1,0.11553,-0.65876,0.02532,0.00846,0.56663
150.11,ETH-26JUN20,1584701941070,open,0.1,1404.0,0.0555,0.158,0.120028,130.85,0.1025,0.0,ETH-26JUN20-240-C,151.71,125.64,0.11,305.0,0.126,291.0,133.91,0.29129,-0.19471,0.0973,0.00368,0.36174
150.08,ETH-26JUN20,1584701941097,open,0.08,2038.0,0.0325,0.1205,0.086419,130.87,0.0735,0.0,ETH-26JUN20-280-C,151.71,125.95,0.078,312.0,0.0945,301.0,135.42,0.26183,-0.17505,0.07809,0.00331,0.28049
150.63,SYN.ETH-3APR20,1584701941108,open,0.02,301.0,0.006,0.076,0.035438,160.32,0.0265,0.0,ETH-3APR20-200-C,151.71,149.9,0.0295,326.0,0.041,302.0,169.58,0.08839,-0.51065,0.01094,0.00639,0.22642
150.63,SYN.ETH-3APR20,1584701941123,open,0.04,43.0,0.015,0.105,0.057434,156.55,0.06,0.0,ETH-3APR20-180-C,151.71,145.22,0.0495,351.0,0.0645,291.0,166.43,0.10677,-0.60232,0.01579,0.00791,0.33323
6869.75,BTC-27MAR20,1584701941128,open,0.01,742.0,0.002,0.066,0.02924233,179.52,0.026,0.0,BTC-27MAR20-8500-C,6878.98,172.84,0.0265,0.4,0.032,38.6,186.06,2.85838,-37.31524,0.25894,0.00018,0.22934
150.63,SYN.ETH-3APR20,1584701941129,open,0.06,6.0,0.0365,0.1465,0.093161,152.41,0.064,0.0,ETH-3APR20-160-C,151.71,140.6,0.084,299.0,0.102,280.0,163.78,0.11699,-0.64251,0.02205,0.0089,0.47824
6869.75,BTC-27MAR20,1584701941144,open,0.03,524.8,0.011,0.1065,0.05760305,169.22,0.0545,0.0,BTC-27MAR20-7500-C,6878.98,161.44,0.0535,35.0,0.061,46.0,175.62,3.63478,-44.7272,0.43886,0.00024,0.39673
6869.74,BTC-27MAR20,1584701941147,open,0.05,1017.2,0.005,0.0835,0.03772688,169.73,0.037,0.0,BTC-27MAR20-6000-P,6878.98,163.34,0.035,0.2,0.041,68.3,177.3,2.94916,-36.40068,-0.36293,0.0002,-0.24272
150.5,SYN.ETH-24APR20,1584701941151,open,0.11,445.0,0.0325,0.1035,0.076911,144.34,0.1255,0.0,ETH-24APR20-120-P,151.71,140.2,0.073,323.0,0.082,217.0,149.73,0.14211,-0.29408,-0.04449,0.00455,-0.2325
150.5,SYN.ETH-24APR20,1584701941155,open,0.13,253.0,0.052,0.136,0.102786,142.2,0.152,0.0,ETH-24APR20-130-P,151.71,137.7,0.098,312.0,0.109,217.0,148.09,0.15929,-0.32474,-0.05651,0.00518,-0.29018
150.5,SYN.ETH-24APR20,1584701941157,open,0.21,427.0,0.108,0.2135,0.169239,139.86,0.176,0.0,ETH-24APR20-150-P,151.71,134.29,0.1625,246.0,0.178,169.0,147.18,0.181,-0.36293,-0.0835,0.00598,-0.41145
150.63,SYN.ETH-3APR20,1584701941160,open,0.16,12.0,0.055,0.189,0.120284,158.25,0.135,0.0,ETH-3APR20-150-P,151.71,139.65,0.106,241.0,0.135,211.0,177.47,0.11553,-0.65876,-0.0317,0.00846,-0.43337
150.11,ETH-26JUN20,1584701941161,open,0.66,0.0,0.6585,0.6965,0.681587,149.03,None,0.0,ETH-26JUN20-50-C,151.71,0.0,0.475,20.0,0.8755,20.0,464.33,0.06023,-0.04585,0.11404,0.00067,0.96488
150.08,ETH-26JUN20,1584701941164,open,0.71,528.0,0.5095,0.677,0.608065,130.69,0.869,0.0,ETH-26JUN20-220-P,151.71,0.0,0.115,10.0,1.1155,10.0,406.99,0.30217,-0.20174,-0.4819,0.00383,-0.5897
150.08,ETH-26JUN20,1584701941165,open,1.91,0.0,1.598,1.7985,1.705926,135.25,None,0.0,ETH-26JUN20-400-P,151.71,0.0,1.2165,10.0,2.217,10.0,407.82,0.17874,-0.12349,-1.02963,0.00219,-0.85304
6869.74,BTC-27MAR20,1584701941168,open,0.02,1649.7,0.005,0.0855,0.04087197,174.36,0.0395,0.0,BTC-27MAR20-8000-C,6878.98,166.2,0.037,20.4,0.0445,43.3,181.87,3.29125,-41.73152,0.33875,0.00021,0.30264
150.67,ETH-27MAR20,1584701941168,open,1.44,0.0,1.191,1.326,1.257362,235.9,None,0.0,ETH-27MAR20-340-P,151.71,0.0,0.859,12.0,2.0595,12.0,500.0,0.00519,-0.08908,-0.06381,0.00051,-0.99066
150.64,ETH-27MAR20,1584701941170,open,1.59,6.0,1.321,1.464,1.390252,207.12,1.8335,0.0,ETH-27MAR20-360-P,151.71,0.0,0.9915,12.0,2.192,12.0,500.0,0.00115,-0.01736,-0.06777,0.00013,-0.99826
6869.75,BTC-27MAR20,1584701941176,open,0.03,881.0,0.0015,0.055,0.02219777,180.33,0.023,0.0,BTC-27MAR20-5500-P,6878.98,173.45,0.02,26.5,0.0245,65.0,187.31,2.23071,-29.25238,-0.22715,0.00014,-0.15333
6869.75,BTC-27MAR20,1584701941180,open,0.03,881.0,0.0015,0.055,0.02219777,180.33,0.023,0.0,BTC-27MAR20-5500-P,6878.98,173.45,0.02,26.5,0.0245,64.7,187.31,2.23071,-29.25238,-0.22715,0.00014,-0.15333
6869.74,BTC-27MAR20,1584701941182,open,0.02,1649.7,0.005,0.0855,0.04087197,174.36,0.0395,0.0,BTC-27MAR20-8000-C,6878.98,166.2,0.037,28.4,0.0445,43.3,181.87,3.29125,-41.73152,0.33875,0.00021,0.30264
6869.75,BTC-27MAR20,1584701941184,open,0.03,881.0,0.0015,0.055,0.02219777,180.33,0.023,0.0,BTC-27MAR20-5500-P,6878.98,173.45,0.02,12.5,0.0245,64.7,187.31,2.23071,-29.25238,-0.22715,0.00014,-0.15333
6869.74,BTC-27MAR20,1584701941197,open,0.02,1649.7,0.005,0.0855,0.04087197,174.36,0.0395,0.0,BTC-27MAR20-8000-C,6878.98,166.2,0.037,28.4,0.0445,44.8,181.87,3.29125,-41.73152,0.33875,0.00021,0.30264
150.63,ETH-27MAR20,1584701941306,open,1.44,0.0,1.191,1.326,1.257362,199.91,None,0.0,ETH-27MAR20-340-P,151.71,0.0,0.859,12.0,2.0595,12.0,500.0,0.0015,-0.02186,-0.06399,0.00018,-0.99767
150.63,ETH-27MAR20,1584701941306,open,1.73,0.0,1.4485,1.5995,1.522331,0.0,None,0.0,ETH-27MAR20-380-P,151.71,0.0,1.124,12.0,2.3245,12.0,500.0,0.0,0.0,-0.07158,0.0,-1.0
6866.41,SYN.BTC-24APR20,1584701941569,open,0.01,838.2,0.0005,0.0265,0.00909854,149.4,0.0065,0.0,BTC-24APR20-16000-C,6878.98,144.46,0.0075,22.2,0.011,22.6,154.65,2.35102,-5.0357,0.29921,3e-05,0.0547
6869.75,BTC-27MAR20,1584701941571,open,0.01,2036.5,0.0005,0.029,0.0127905,199.39,0.0135,0.0,BTC-27MAR20-10000-C,6878.98,192.13,0.011,0.5,0.0145,42.3,205.89,1.75431,-25.43729,0.12372,0.0001,0.10839
6858.92,BTC-26JUN20,1584701941572,open,0.01,1111.8,0.0005,0.0255,0.00899412,125.5,0.0075,0.0,BTC-26JUN20-26000-C,6878.98,119.6,0.0065,45.1,0.0115,20.6,130.47,3.19816,-2.05048,0.61123,2e-05,0.04223
6858.91,BTC-26JUN20,1584701941574,open,0.01,1592.6,0.0005,0.029,0.01076446,123.25,0.013,0.0,BTC-26JUN20-24000-C,6878.98,117.6,0.008,48.5,0.014,21.4,128.82,3.67196,-2.31191,0.72441,2e-05,0.05015
6869.74,BTC-27MAR20,1584701941575,open,0.01,1208.9,0.0005,0.0215,0.0065343,251.41,0.0075,0.0,BTC-27MAR20-4000-P,6878.98,246.87,0.006,45.0,0.007,44.0,255.2,0.82793,-15.13638,-0.06143,4e-05,-0.04094
6866.41,SYN.BTC-24APR20,1584701941577,open,0.01,619.5,0.0005,0.038,0.01506391,145.19,0.017,0.0,BTC-24APR20-14000-C,6878.98,139.67,0.0125,28.4,0.018,58.8,150.94,3.34493,-6.96281,0.46837,5e-05,0.08645
6858.92,BTC-26JUN20,1584701941579,open,0.12,1053.4,0.0695,0.1885,0.13366975,111.28,0.1325,0.0,BTC-26JUN20-9000-C,6878.98,108.48,0.128,45.8,0.1395,0.8,114.15,13.93345,-7.92088,5.40001,0.0001,0.42727
6858.92,BTC-26JUN20,1584701941581,open,0.01,1087.3,0.0005,0.0365,0.01468383,123.24,0.0185,0.0,BTC-26JUN20-22000-C,6878.98,118.09,0.0115,47.1,0.0185,63.0,128.61,4.55073,-2.86502,0.94164,3e-05,0.06588
6866.41,SYN.BTC-24APR20,1584701941588,open,0.02,463.6,0.008,0.069,0.0349201,136.49,0.034,0.0,BTC-24APR20-11000-C,6878.98,130.95,0.0305,30.5,0.0395,40.0,141.96,5.61728,-10.99231,0.9681,9e-05,0.18248
6866.41,SYN.BTC-24APR20,1584701941590,open,0.03,736.5,0.0135,0.088,0.04878367,133.92,0.052,0.0,BTC-24APR20-10000-C,6878.98,128.89,0.044,30.5,0.0535,53.0,138.75,6.62221,-12.71474,1.26507,0.00011,0.24161
6868.91,SYN.BTC-3APR20,1584701941591,open,0.03,6.9,0.003,0.0535,0.0227952,163.88,0.0255,0.0,BTC-3APR20-5000-P,6878.98,154.1,0.019,49.0,0.027,26.6,174.1,2.74656,-16.21943,-0.38418,9e-05,-0.12433
6858.91,BTC-26JUN20,1584701941604,open,0.05,231.0,0.0175,0.097,0.05549304,113.64,0.047,0.0,BTC-26JUN20-13000-C,6878.98,110.61,0.051,61.6,0.06,0.2,116.58,10.3519,-6.00939,2.91665,7e-05,0.21407
6869.75,BTC-27MAR20,1584701941616,open,0.45,4.6,0.4585,0.52,0.49403157,269.54,0.3605,0.0,BTC-27MAR20-3500-C,6878.98,0.0,0.4015,8.0,0.554,11.5,500.0,0.50112,-9.82234,0.62587,2e-05,0.97767
6869.74,BTC-27MAR20,1584701941629,open,0.53,0.1,0.5355,0.588,0.5649602,287.39,0.391,0.0,BTC-27MAR20-3000-C,6878.98,0.0,0.4735,8.0,0.626,11.5,500.0,0.26851,-5.61153,0.54902,1e-05,0.98921
6869.74,BTC-27MAR20,1584701941638,open,0.15,1196.0,0.036,0.1685,0.10131234,165.94,0.116,0.0,BTC-27MAR20-7000-P,6878.98,157.14,0.0965,24.0,0.105,1.0,172.68,3.75966,-45.36744,-0.76194,0.00025,-0.48748
6868.91,SYN.BTC-3APR20,1584701941640,open,0.18,0.0,0.172,0.288,0.23644576,156.94,None,0.0,BTC-3APR20-5500-C,6878.98,96.28,0.209,8.0,0.2575,8.0,194.89,3.62968,-20.52621,1.49873,0.00013,0.81039
6868.91,SYN.BTC-3APR20,1584701941643,open,0.21,0.0,0.203,0.3145,0.26463295,159.54,None,0.0,BTC-3APR20-5250-C,6878.98,0.0,0.137,8.0,0.3505,11.5,315.97,3.1772,-18.26554,1.51819,0.00011,0.84604
6868.91,SYN.BTC-3APR20,1584701941648,open,0.24,0.0,0.2365,0.343,0.29492022,163.99,None,0.0,BTC-3APR20-5000-C,6878.98,0.0,0.167,8.0,0.3805,11.5,332.83,2.74829,-16.24024,1.5162,9e-05,0.87556
6868.91,SYN.BTC-3APR20,1584701941652,open,0.15,0.2,0.143,0.262,0.20945361,153.85,0.124,0.0,BTC-3APR20-5750-C,6878.98,100.28,0.1805,8.0,0.232,8.0,190.87,4.05499,-22.48013,1.46681,0.00015,0.77118
6868.91,SYN.BTC-3APR20,1584701941677,open,0.31,0.0,0.308,0.4025,0.35934679,176.15,None,0.0,BTC-3APR20-4500-C,6878.98,0.0,0.2305,8.0,0.444,11.5,373.71,1.99653,-12.67312,1.46325,6e-05,0.91971
6868.91,SYN.BTC-3APR20,1584701941683,open,0.13,10.2,0.1175,0.2385,0.18478872,152.0,0.178,0.0,BTC-3APR20-6000-C,6878.98,109.9,0.1585,8.0,0.2075,8.0,186.47,4.4506,-24.3764,1.41652,0.00016,0.72726
6869.75,BTC-27MAR20,1584701941687,open,0.21,1112.7,0.0725,0.225,0.14927909,169.09,0.152,0.0,BTC-27MAR20-7500-P,6878.98,109.74,0.119,14.0,0.183,6.0,231.78,3.63443,-44.68955,-0.97405,0.00024,-0.60341
6866.41,SYN.BTC-24APR20,1584701941688,open,0.01,838.2,0.0005,0.0265,0.00909854,149.4,0.0065,0.0,BTC-24APR20-16000-C,6878.98,144.46,0.0075,22.2,0.011,22.7,154.65,2.35102,-5.0357,0.29921,3e-05,0.0547
6866.41,SYN.BTC-24APR20,1584701941690,open,0.01,619.5,0.0005,0.038,0.01506391,145.19,0.017,0.0,BTC-24APR20-14000-C,6878.98,139.67,0.0125,28.4,0.018,58.9,150.94,3.34493,-6.96281,0.46837,5e-05,0.08645
6866.41,SYN.BTC-24APR20,1584701941691,open,2.16,0.0,1.7485,2.108,1.91690536,158.38,2.4195,0.0,BTC-24APR20-20000-P,6878.98,0.0,1.1785,1.0,2.6795,1.0,500.0,1.29232,-2.93437,-18.96512,2e-05,-0.97375
6869.75,BTC-27MAR20,1584701941693,open,2.48,5.6,2.0215,2.4065,2.2022984,0.0,2.888,0.0,BTC-27MAR20-22000-P,6878.98,0.0,1.7605,2.5,2.6615,2.5,500.0,0.0,0.0,-4.14425,0.0,-1.0
6869.75,BTC-27MAR20,1584701941694,open,2.16,3.0,1.747,2.097,1.91126874,0.0,2.2095,0.0,BTC-27MAR20-20000-P,6878.98,0.0,1.4685,2.5,2.3695,2.5,500.0,0.0,0.0,-3.7675,0.0,-1.0
6869.75,BTC-27MAR20,1584701941700,open,1.37,2.0,1.06,1.323,1.18425504,223.16,0.4565,0.0,BTC-27MAR20-15000-P,6878.98,0.0,0.7395,2.5,1.6405,2.5,500.0,0.21296,-3.456,-2.81591,1e-05,-0.99172
6869.51,BTC-27MAR20,1584701941711,open,0.82,0.1,0.5795,0.786,0.68009937,214.02,0.6,0.0,BTC-27MAR20-11500-P,6878.98,0.0,0.233,2.5,1.134,2.5,500.0,1.03374,-16.0887,-2.10424,5e-05,-0.946
6869.74,BTC-27MAR20,1584701941713,open,1.53,21.1,1.1975,1.4775,1.32997622,243.52,2.255,0.0,BTC-27MAR20-16000-P,6878.98,0.0,0.885,2.5,1.786,2.5,500.0,0.23089,-4.0887,-3.00345,1e-05,-0.99092
6869.75,BTC-27MAR20,1584701941715,open,1.21,69.5,0.923,1.1685,1.0392345,219.92,2.8715,0.0,BTC-27MAR20-14000-P,6878.98,0.0,0.594,2.5,1.495,2.5,500.0,0.32886,-5.25934,-2.62131,2e-05,-0.98637
149.55,SYN.ETH-25SEP20,1584701941717,open,0.35,63.0,0.221,0.3655,0.298345,122.38,0.3455,0.0,ETH-25SEP20-140-P,151.71,109.66,0.266,211.0,0.3335,211.0,136.56,0.37585,-0.12177,-0.46548,0.00265,-0.30323
6866.41,SYN.BTC-24APR20,1584701941728,open,0.33,87.6,0.3235,0.4235,0.37879193,146.61,0.32,0.0,BTC-24APR20-4500-C,6878.98,97.58,0.3535,14.0,0.3975,8.0,174.44,4.32558,-9.09161,3.26722,7e-05,0.87678
6869.74,BTC-27MAR20,1584701941730,open,0.53,0.1,0.5355,0.588,0.5649602,287.39,0.391,0.0,BTC-27MAR20-3000-C,6878.98,0.0,0.4735,8.0,0.6265,11.5,500.0,0.26851,-5.61153,0.54902,1e-05,0.98921
6866.41,SYN.BTC-24APR20,1584701941737,open,2.16,0.0,1.7485,2.108,1.91690536,158.38,2.4195,0.0,BTC-24APR20-20000-P,6878.98,0.0,1.1785,1.0,2.679,1.0,500.0,1.29232,-2.93437,-18.96512,2e-05,-0.97375
6877.79,SYN.BTC-21MAR20,1584701941738,open,5.1,0.0005,0.0595,0.0167637,158.56,0.026,0.0,BTC-21MAR20-7125-C,6878.98,122.55,0.0105,8.0,0.0275,9.0,216.84,1.23265,-97.72509,0.05313,0.00068,0.33877
6869.75,BTC-27MAR20,1584701941738,open,2.48,5.6,2.0215,2.4065,2.2022984,0.0,2.888,0.0,BTC-27MAR20-22000-P,6878.98,0.0,1.7605,2.5,2.661,2.5,500.0,0.0,0.0,-4.14425,0.0,-1.0
6869.75,BTC-27MAR20,1584701941740,open,2.16,3.0,1.747,2.097,1.91126874,0.0,2.2095,0.0,BTC-27MAR20-20000-P,6878.98,0.0,1.4685,2.5,2.369,2.5,500.0,0.0,0.0,-3.7675,0.0,-1.0
6877.79,SYN.BTC-21MAR20,1584701941740,open,5.1,0.0005,0.0595,0.0167637,158.56,0.026,0.0,BTC-21MAR20-7125-C,6878.98,122.55,0.0105,8.0,0.0275,8.0,216.84,1.23265,-97.72509,0.05313,0.00068,0.33877
6869.75,BTC-27MAR20,1584701941742,open,1.37,2.0,1.06,1.323,1.18425504,223.16,0.4565,0.0,BTC-27MAR20-15000-P,6878.98,0.0,0.7395,2.5,1.64,2.5,500.0,0.21296,-3.456,-2.81591,1e-05,-0.99172
6869.51,BTC-27MAR20,1584701941744,open,0.82,0.1,0.5795,0.786,0.68009937,214.02,0.6,0.0,BTC-27MAR20-11500-P,6878.98,0.0,0.233,2.5,1.1335,2.5,500.0,1.03374,-16.0887,-2.10424,5e-05,-0.946
6869.75,BTC-27MAR20,1584701941746,open,1.21,69.5,0.923,1.1685,1.0392345,219.92,2.8715,0.0,BTC-27MAR20-14000-P,6878.98,0.0,0.594,2.5,1.4945,2.5,500.0,0.32886,-5.25934,-2.62131,2e-05,-0.98637
6869.74,BTC-27MAR20,1584701941758,open,1.53,21.1,1.1975,1.4775,1.32997622,243.52,2.255,0.0,BTC-27MAR20-16000-P,6878.98,0.0,0.885,2.5,1.7855,2.5,500.0,0.23089,-4.0887,-3.00345,1e-05,-0.99092
6869.74,BTC-27MAR20,1584701941765,open,0.15,1196.0,0.036,0.1685,0.10134152,165.94,0.116,0.0,BTC-27MAR20-7000-P,6878.98,157.14,0.0965,16.0,0.105,1.0,172.68,3.75966,-45.36744,-0.76194,0.00025,-0.48748
6869.75,BTC-27MAR20,1584701941772,open,0.21,1112.7,0.0725,0.225,0.14931831,169.09,0.152,0.0,BTC-27MAR20-7500-P,6878.98,109.74,0.119,6.0,0.183,6.0,231.78,3.63443,-44.68955,-0.97405,0.00024,-0.60341
6869.51,BTC-27MAR20,1584701941808,open,0.74,251.7,0.511,0.7105,0.60888938,209.11,1.07,0.0,BTC-27MAR20-11000-P,6878.98,0.0,0.162,2.5,1.0625,2.5,500.0,1.22683,-18.65581,-1.995,7e-05,-0.93279
6877.79,SYN.BTC-21MAR20,1584701941816,open,5.1,0.0005,0.0595,0.01675392,158.56,0.026,0.0,BTC-21MAR20-7125-C,6878.98,122.55,0.0105,9.0,0.0275,8.0,216.84,1.23265,-97.72509,0.05313,0.00068,0.33877
6877.79,SYN.BTC-21MAR20,1584701941821,open,5.1,0.0005,0.0595,0.01675392,158.56,0.026,0.0,BTC-21MAR20-7125-C,6878.98,122.55,0.0105,9.0,0.0275,9.0,216.84,1.23265,-97.72509,0.05313,0.00068,0.33877
6869.74,BTC-27MAR20,1584701941825,open,1.53,21.1,1.1975,1.478,1.33012151,243.52,2.255,0.0,BTC-27MAR20-16000-P,6878.98,0.0,0.8855,2.5,1.7855,2.5,500.0,0.23089,-4.0887,-3.00345,1e-05,-0.99092
6858.96,BTC-26JUN20,1584701941829,open,0.07,281.4,0.035,0.1355,0.08653877,113.43,0.0855,0.0,BTC-26JUN20-11000-C,6879.48,109.51,0.0795,57.6,0.0935,42.2,117.24,12.4389,-7.20795,4.01568,9e-05,0.30487
6858.96,BTC-26JUN20,1584701941830,open,0.09,164.6,0.0325,0.1175,0.0739847,121.08,0.103,0.0,BTC-26JUN20-4500-P,6879.48,115.13,0.0665,55.6,0.0795,42.6,125.39,8.71703,-5.39176,-4.34282,6e-05,-0.16213
6858.96,BTC-26JUN20,1584701941830,open,0.04,928.4,0.014,0.0875,0.04822032,116.23,0.0475,0.0,BTC-26JUN20-14000-C,6879.48,111.66,0.042,62.4,0.055,44.9,120.96,9.58283,-5.69017,2.57504,7e-05,0.18823
6858.96,BTC-26JUN20,1584701941830,open,0.38,0.0,0.356,0.4655,0.41790856,121.08,0.342,0.0,BTC-26JUN20-4500-C,6879.48,99.01,0.391,16.5,0.4395,16.5,137.73,8.71703,-5.39176,7.72404,6e-05,0.83787
6858.96,BTC-26JUN20,1584701941830,open,0.43,28.6,0.415,0.514,0.47051061,124.41,0.46,0.0,BTC-26JUN20-4000-C,6879.48,105.91,0.452,17.5,0.486,17.5,138.66,7.23755,-4.59999,7.47273,5e-05,0.8768
6895.01,BTC-25SEP20,1584701941830,open,0.38,63.4,0.349,0.474,0.42091643,108.98,0.428,0.0,BTC-25SEP20-5000-C,6879.48,96.01,0.394,10.0,0.444,10.0,120.08,14.34669,-4.13889,13.12212,5e-05,0.78869
6869.51,BTC-27MAR20,1584701941830,open,0.9,145.6,0.6485,0.862,0.75120377,214.75,1.367,0.0,BTC-27MAR20-12000-P,6879.48,0.0,0.305,2.5,1.2055,2.5,500.0,0.82042,-12.81242,-2.21375,4e-05,-0.95952
6869.51,BTC-27MAR20,1584701941831,open,5.32,0.8,4.4935,5.1945,4.82263668,0.0,5.8915,0.0,BTC-27MAR20-40000-P,6879.48,0.0,0.0,0.0,0.0,0.0,0.0,0.0,0.0,-7.53501,0.0,-1.0
6869.51,BTC-27MAR20,1584701941830,open,3.11,0.0,2.571,3.0265,2.78471545,0.0,None,0.0,BTC-27MAR20-26000-P,6879.48,0.0,0.0,0.0,0.0,0.0,0.0,0.0,0.0,-4.89775,0.0,-1.0
6895.01,BTC-25SEP20,1584701941832,open,0.07,498.7,0.028,0.125,0.07604624,106.29,0.078,0.0,BTC-25SEP20-16000-C,6879.48,104.67,0.0725,37.3,0.0795,0.1,107.83,15.28353,-4.30029,5.71288,6e-05,0.23616
6895.01,BTC-25SEP20,1584701941832,open,0.26,197.0,0.1445,0.2985,0.22453241,109.01,0.227,0.0,BTC-25SEP20-6000-P,6879.48,103.88,0.212,0.5,0.2365,8.0,113.92,16.82629,-4.85547,-18.16373,6e-05,-0.28455
6859.46,BTC-26JUN20,1584701941832,open,0.02,611.3,0.005,0.0535,0.02488368,119.63,0.02,0.0,BTC-26JUN20-18000-C,6879.48,114.77,0.0205,48.5,0.0295,46.0,124.29,6.50708,-3.9766,1.49359,4e-05,0.10608
6895.01,BTC-25SEP20,1584701941832,open,0.03,142.6,0.0095,0.0735,0.03742539,112.17,0.03,0.0,BTC-25SEP20-24000-C,6879.48,108.39,0.032,40.0,0.0435,56.0,116.08,10.30407,-3.05959,3.18351,4e-05,0.12665
6895.01,BTC-25SEP20,1584701941833,open,0.17,318.9,0.084,0.2055,0.14613113,109.0,0.178,0.0,BTC-25SEP20-5000-P,6879.48,102.93,0.1335,39.0,0.153,41.0,112.3,14.34673,-4.13986,-12.75319,5e-05,-0.21131
6859.46,BTC-26JUN20,1584701941833,open,2.49,0.0,2.03,2.4385,2.22218673,123.61,None,0.0,BTC-26JUN20-22000-P,6879.48,0.0,0.0,0.0,0.0,0.0,0.0,4.59658,-2.90266,-58.04085,3e-05,-0.93327
6859.46,BTC-26JUN20,1584701941833,open,0.33,81.0,0.3055,0.425,0.3735666,121.02,0.265,0.0,BTC-26JUN20-5000-C,6879.48,97.12,0.339,16.5,0.393,16.5,134.07,10.14222,-6.27034,7.72029,7e-05,0.79329
6859.46,BTC-26JUN20,1584701941833,open,0.03,519.7,0.008,0.067,0.03359204,117.52,0.031,0.0,BTC-26JUN20-16000-C,6879.48,113.37,0.029,64.5,0.0385,46.0,121.68,7.84532,-4.71005,1.92823,5e-05,0.13842
6868.7,SYN.BTC-3APR20,1584701941830,open,0.02,1.1,0.002,0.0455,0.01815116,169.63,0.025,0.0,BTC-3APR20-4750-P,6879.48,160.1,0.015,35.0,0.0215,20.0,179.1,2.35344,-14.3857,-0.30899,8e-05,-0.10018
6866.26,SYN.BTC-24APR20,1584701941830,open,0.06,267.8,0.0165,0.0885,0.0494299,140.27,0.0545,0.0,BTC-24APR20-5000-P,6879.48,133.93,0.0445,26.0,0.0545,54.5,146.65,5.40083,-10.86097,-1.44934,9e-05,-0.17148
6895.01,BTC-25SEP20,1584701941836,open,0.11,526.6,0.0655,0.191,0.13253335,106.28,0.124,0.0,BTC-25SEP20-12000-C,6879.48,102.92,0.1235,33.6,0.142,49.5,109.76,18.66013,-5.25007,8.32957,7e-05,0.36599
6895.01,BTC-25SEP20,1584701941836,open,0.36,214.6,0.208,0.3865,0.30084741,103.75,0.318,0.0,BTC-25SEP20-7000-P,6879.48,0.0,0.01,1.0,0.6,2.0,228.03,18.59275,-5.1063,-23.65297,7e-05,-0.36208
6868.7,SYN.BTC-3APR20,1584701941830,open,0.1,0.0,0.0225,0.1245,0.07063143,148.5,None,0.0,BTC-3APR20-6250-P,6879.48,136.05,0.062,28.0,0.0795,31.5,161.2,4.78232,-25.59089,-1.01713,0.00018,-0.3189
