underlying_price,underlying_index,timestamp,state,settlement_price,open_interest,min_price,max_price,mark_price,mark_iv,last_price,interest_rate,instrument_name,index_price,bid_iv,best_bid_price,best_bid_amount,best_ask_price,best_ask_amount,ask_iv,vega,theta,rho,gamma,delta
8845.57,BTC-27MAR20,1579172340015,open,0.2,159.3,0.165,0.2485,0.20291918,68.24,0.207,0.0,BTC-27MAR20-10000-P,8641.36,58.16,0.186,0.1,0.214,8.0,74.71,15.04283,-7.24159,-13.81935,0.00015,-0.60164
8993.32,BTC-26JUN20,1579172340015,open,0.02,43.9,0.007,0.0515,0.02081783,90.63,0.024,0.0,BTC-26JUN20-24000-C,8641.36,88.95,0.019,20.0,0.022,15.0,91.68,9.93834,-2.78212,2.86554,3e-05,0.09266
8993.32,BTC-26JUN20,1579172340015,open,0.04,354.4,0.016,0.0755,0.037433,82.59,0.038,0.0,BTC-26JUN20-18000-C,8641.36,81.08,0.035,36.1,0.039,15.0,83.54,14.68544,-3.74615,4.96466,5e-05,0.16191
8993.32,BTC-26JUN20,1579172340015,open,0.13,165.8,0.089,0.1735,0.12612218,70.79,0.109,0.0,BTC-26JUN20-8000-P,8641.36,69.26,0.1225,11.0,0.13,22.0,72.43,21.25251,-4.64702,-17.56219,8e-05,-0.3142
8993.32,BTC-26JUN20,1579172340015,open,0.38,22.9,0.347,0.4085,0.37507021,71.62,0.389,0.0,BTC-26JUN20-6000-C,8641.36,59.97,0.359,11.6,0.3985,10.0,86.67,13.23427,-2.92782,19.40048,5e-05,0.86148
8993.32,BTC-26JUN20,1579172340015,open,0.67,26.7,0.6605,0.6825,0.6701357,87.36,0.68,0.0,BTC-26JUN20-3000-C,8641.36,0.0,0.6635,13.0,0.6765,13.0,106.06,2.22932,-0.60154,12.57022,1e-05,0.9853
8993.32,BTC-26JUN20,1579172340015,open,0.0,197.9,0.0005,0.0135,0.00370179,87.3,0.0035,0.0,BTC-26JUN20-3000-P,8641.36,84.28,0.003,2.0,0.0045,16.0,90.34,2.22401,-0.59969,-0.73241,1e-05,-0.01466
8845.57,BTC-27MAR20,1579172340016,open,0.0,875.2,0.0005,0.0105,0.00025619,110.0,0.001,0.0,BTC-27MAR20-40000-C,8641.36,116.47,0.0005,36.7,0.0015,44.5,129.6,0.25257,-0.196,0.03079,0.0,0.00205
8993.32,BTC-26JUN20,1579172340016,open,1.04,1.1,0.981,1.111,1.03882953,82.53,1.35,0.0,BTC-26JUN20-18000-P,8641.36,0.0,0.9,0.1,2.1,0.1,500.0,14.67073,-3.73992,-74.87083,5e-05,-0.83834
8993.32,BTC-26JUN20,1579172340016,open,0.08,342.1,0.049,0.117,0.07796174,71.19,0.0725,0.0,BTC-26JUN20-7000-P,8641.36,70.45,0.0765,1.0,0.0795,26.9,71.96,17.82374,-3.91911,-11.96238,7e-05,-0.22196
8993.32,BTC-26JUN20,1579172340016,open,0.01,228.9,0.003,0.0385,0.01284147,99.66,0.012,0.0,BTC-26JUN20-32000-C,8641.36,97.84,0.0115,1.0,0.014,46.6,101.15,6.85252,-2.10948,1.76114,2e-05,0.057
8993.32,BTC-26JUN20,1579172340016,open,0.01,407.1,0.0005,0.021,0.00863259,78.0,0.0095,0.0,BTC-26JUN20-4000-P,8641.36,76.73,0.008,36.0,0.0095,6.6,79.67,4.56497,-1.09982,-1.71723,2e-05,-0.03442
8993.32,BTC-26JUN20,1579172340016,open,0.04,328.1,0.0225,0.072,0.04220239,71.6,0.039,0.0,BTC-26JUN20-6000-P,8641.36,70.1,0.04,31.4,0.045,31.4,73.49,13.2318,-2.92645,-7.20652,5e-05,-0.13848
8993.32,BTC-26JUN20,1579172340016,open,0.26,133.9,0.21,0.315,0.25763507,70.8,0.25,0.0,BTC-26JUN20-10000-P,8641.36,19.31,0.1275,2.0,0.2645,0.1,73.38,23.89184,-5.22479,-30.0478,9e-05,-0.49573
8845.57,BTC-27MAR20,1579172340016,open,0.39,55.3,0.3505,0.4395,0.39070511,72.96,0.3565,0.0,BTC-27MAR20-12000-P,8641.36,0.0,0.059,0.1,0.6795,0.1,245.05,11.40071,-5.86782,-20.18787,0.0001,-0.78463
8993.32,BTC-26JUN20,1579172340016,open,0.07,691.0,0.037,0.1135,0.06783487,77.21,0.073,0.0,BTC-26JUN20-14000-C,8641.36,75.69,0.0645,13.9,0.07,29.9,78.18,19.91366,-4.74914,8.1847,7e-05,0.27304
8993.32,BTC-26JUN20,1579172340016,open,0.01,112.7,0.004,0.0405,0.0141158,97.49,0.014,0.0,BTC-26JUN20-30000-C,8641.36,95.46,0.0125,1.4,0.0155,36.0,99.13,7.4015,-2.22879,1.94537,2e-05,0.06289
8845.29,BTC-27MAR20,1579172340017,open,0.55,23.4,0.5395,0.5625,0.54977899,88.5,0.559,0.0,BTC-27MAR20-4000-C,8641.36,0.0,0.5475,14.0,0.556,14.0,114.52,1.29425,-0.80808,7.5117,1e-05,0.98712
8993.32,BTC-26JUN20,1579172340016,open,0.43,6.7,0.3795,0.497,0.43249136,74.56,0.423,0.0,BTC-26JUN20-12000-P,8641.36,0.0,0.001,0.5,0.54,0.1,115.65,22.60758,-5.20661,-42.38853,8e-05,-0.63028
8845.29,BTC-27MAR20,1579172340016,open,0.01,736.3,0.0035,0.0295,0.01319278,71.01,0.0135,0.0,BTC-27MAR20-6000-P,8641.36,70.72,0.013,1.0,0.0135,1.0,71.47,5.8623,-2.93681,-1.62194,5e-05,-0.08124
8845.29,BTC-27MAR20,1579172340016,open,0.01,721.5,0.0005,0.022,0.00634374,95.82,0.0075,0.0,BTC-27MAR20-20000-C,8641.36,94.95,0.006,0.2,0.0065,0.2,96.21,3.53667,-2.39081,0.62322,2e-05,0.04263
9127.85,SYN.BTC-25SEP20,1579172340015,open,0.04,135.2,0.0185,0.063,0.03586928,72.17,0.039,0.0,BTC-25SEP20-5000-P,8641.36,70.85,0.034,22.0,0.0365,2.0,72.62,12.98134,-1.85254,-8.3652,3e-05,-0.09641
8993.32,BTC-26JUN20,1579172340017,open,0.47,0.0,0.444,0.4905,0.46468894,74.1,None,0.0,BTC-26JUN20-5000-C,8641.36,49.05,0.4475,11.0,0.4815,11.0,89.86,8.51632,-1.94914,18.34171,3e-05,0.92455
8993.32,BTC-26JUN20,1579172340017,open,0.56,0.5,0.55,0.582,0.56387781,78.04,0.589,0.0,BTC-26JUN20-4000-C,8641.36,46.33,0.5555,12.0,0.575,12.0,95.58,4.57036,-1.10167,16.01981,2e-05,0.96553
8993.04,BTC-26JUN20,1579172340017,open,0.02,87.1,0.0055,0.047,0.01807666,93.13,0.016,0.0,BTC-26JUN20-26000-C,8641.36,90.97,0.016,36.0,0.0195,36.0,94.53,8.94694,-2.57375,2.49032,3e-05,0.08052
8764.99,SYN.BTC-28FEB20,1579172340015,open,0.22,32.1,0.196,0.245,0.21892416,66.79,0.2155,0.0,BTC-28FEB20-7000-C,8641.36,36.62,0.203,11.0,0.2345,11.0,85.51,6.56822,-5.11603,6.63774,0.00011,0.86361
8993.04,BTC-26JUN20,1579172340018,open,2.35,0.0,2.275,2.4405,2.34993246,97.37,None,0.0,BTC-26JUN20-30000-P,8641.36,0.0,0.0005,1.0,0.0,0.0,0.0,7.37144,-2.21711,-131.11233,2e-05,-0.93743
8845.29,BTC-27MAR20,1579172340018,open,0.6,67.9,0.5605,0.6515,0.60140827,78.67,0.622,0.0,BTC-27MAR20-14000-P,8641.36,0.0,0.5,0.1,0.6795,1.5,137.93,8.01541,-4.44832,-25.36163,7e-05,-0.87518
8684.44,SYN.BTC-31JAN20,1579172340015,open,0.0,573.2,0.0005,0.0105,0.00035042,109.99,0.0005,0.0,BTC-31JAN20-5000-P,8641.36,0.0,0.0,0.0,0.001,35.0,125.67,0.23976,-0.88641,-0.01786,1e-05,-0.0047
8993.04,BTC-26JUN20,1579172340019,open,0.62,12.5,0.5695,0.692,0.62453973,77.19,0.619,0.0,BTC-26JUN20-14000-P,8641.36,0.0,0.1,2.0,0.69,1.0,104.37,19.90852,-4.74658,-53.90767,7e-05,-0.72708
8845.29,BTC-27MAR20,1579172340019,open,1.94,0.0,1.8825,2.011,1.94224919,106.16,None,0.0,BTC-27MAR20-26000-P,8641.36,0.0,0.0,0.0,0.0,0.0,0.0,1.82159,-1.36424,-50.20594,1e-05,-0.98082
8684.44,SYN.BTC-31JAN20,1579172340015,open,0.26,51.2,0.237,0.2725,0.25350211,79.62,0.24,0.0,BTC-31JAN20-6500-C,8641.36,0.0,0.2515,0.1,0.2645,10.0,123.39,1.18817,-3.1797,2.53646,5e-05,0.97014
8993.04,BTC-26JUN20,1579172340020,open,0.83,1.5,0.7725,0.899,0.82891617,80.18,0.809,0.0,BTC-26JUN20-16000-P,8641.36,0.0,0.0,0.0,0.89,1.0,108.01,17.18136,-4.25488,-64.63326,6e-05,-0.79163
9127.85,SYN.BTC-25SEP20,1579172340015,open,0.41,1.0,0.378,0.45,0.4107259,72.19,0.425,0.0,BTC-25SEP20-6000-C,8641.36,58.82,0.385,7.0,0.439,7.0,85.8,18.40761,-2.62741,27.21205,4e-05,0.84103
9127.85,SYN.BTC-25SEP20,1579172340015,open,0.24,81.0,0.1945,0.295,0.24053003,71.86,0.252,0.0,BTC-25SEP20-9000-C,8641.36,64.74,0.218,8.0,0.252,8.0,75.51,28.77267,-4.08821,24.40945,7e-05,0.62652
8664.3,SYN.BTC-24JAN20,1579172340016,open,0.11,21.2,0.0895,0.133,0.1104945,63.42,0.1355,0.0,BTC-24JAN20-7750-C,8641.36,0.0,0.1055,8.1,0.114,8.0,75.01,2.34321,-9.43487,1.46324,0.00023,0.89318
8684.44,SYN.BTC-31JAN20,1579172340018,open,0.1,830.0,0.0725,0.122,0.09630328,60.43,0.095,0.0,BTC-31JAN20-8000-C,8641.36,54.08,0.0925,1.0,0.0965,0.5,60.75,5.34294,-10.85201,2.37916,0.00029,0.7685
8664.3,SYN.BTC-24JAN20,1579172340016,open,0.22,0.1,0.2055,0.2395,0.22169051,82.16,0.13,0.0,BTC-24JAN20-6750-C,8641.36,0.0,0.212,8.0,0.232,8.0,144.76,0.52635,-2.74537,1.42399,4e-05,0.98338
162.51,SYN.ETH-24JAN20,1579172340016,open,0.01,615.0,0.001,0.027,0.008757,91.42,0.011,0.0,ETH-24JAN20-190-C,162.05,85.7,0.007,600.0,0.01,650.0,95.19,0.0522,-0.30295,0.00448,0.01002,0.1364
8664.3,SYN.BTC-24JAN20,1579172340015,open,0.2,0.1,0.176,0.2125,0.19331431,77.7,0.13,0.0,BTC-24JAN20-7000-C,8641.36,0.0,0.1825,8.0,0.205,8.0,135.41,0.79466,-3.91991,1.45753,6e-05,0.97294
9127.85,SYN.BTC-25SEP20,1579172340015,open,0.17,82.9,0.124,0.227,0.16983072,72.18,0.183,0.0,BTC-25SEP20-11000-C,8641.36,72.68,0.1715,17.6,0.18,8.6,75.24,30.30843,-4.32564,20.62399,7e-05,0.49596
9127.85,SYN.BTC-25SEP20,1579172340015,open,0.49,0.0,0.4635,0.519,0.48811953,72.19,None,0.0,BTC-25SEP20-5000-C,8641.36,58.39,0.4705,8.0,0.5115,8.0,87.4,12.98416,-1.85338,26.27196,3e-05,0.90356
8684.44,SYN.BTC-31JAN20,1579172340016,open,0.07,102.4,0.0445,0.0995,0.06951584,60.08,0.0695,0.0,BTC-31JAN20-9000-P,8641.36,0.0,0.0,0.0,0.08,10.0,73.36,6.80596,-13.7432,-2.34266,0.00037,-0.59237
8684.44,SYN.BTC-31JAN20,1579172340016,open,0.33,0.0,0.299,0.3605,0.32732564,80.17,None,0.0,BTC-31JAN20-11500-P,8641.36,0.0,0.0,0.0,0.0,0.0,0.0,1.7806,-4.79804,-4.5243,7e-05,-0.95095
8644.16,SYN.BTC-17JAN20,1579172340015,open,0.07,2.2,0.0495,0.0965,0.0710885,86.15,0.07,0.0,BTC-17JAN20-9250-P,8641.36,0.0,0.015,15.0,0.0,0.0,0.0,0.48161,-20.74555,-0.2104,0.00031,-0.94343
8664.3,SYN.BTC-24JAN20,1579172340015,open,0.06,15.5,0.0345,0.0865,0.05831152,59.69,0.046,0.0,BTC-24JAN20-9000-P,8641.36,0.0,0.037,8.0,0.075,8.0,89.48,4.70604,-17.83213,-1.32727,0.00049,-0.65164
8684.44,SYN.BTC-31JAN20,1579172340016,open,0.43,18.4,0.413,0.438,0.4246356,110.97,0.43,0.0,BTC-31JAN20-5000-C,8641.36,0.0,0.418,12.0,0.431,12.0,175.12,0.25315,-0.94423,2.01876,1e-05,0.99501
8664.3,SYN.BTC-24JAN20,1579172340018,open,0.0,125.4,0.0005,0.0105,0.00071188,81.53,0.0005,0.0,BTC-24JAN20-6750-P,8641.36,77.5,0.0005,24.0,0.001,0.2,85.91,0.50912,-2.63508,-0.03122,4e-05,-0.01599
9127.85,SYN.BTC-25SEP20,1579172340015,open,0.3,3.1,0.2435,0.362,0.29684057,71.84,0.285,0.0,BTC-25SEP20-10000-P,8641.36,59.62,0.2565,5.0,0.305,1.0,74.33,29.98689,-4.25982,-46.71077,7e-05,-0.4418
8764.99,SYN.BTC-28FEB20,1579172340015,open,0.06,136.7,0.0325,0.0865,0.05630899,64.91,0.069,0.0,BTC-28FEB20-9500-C,8641.36,63.54,0.0545,15.0,0.0575,19.3,65.81,11.61371,-8.79133,3.54911,0.0002,0.40102
9127.85,SYN.BTC-25SEP20,1579172340015,open,0.35,3.9,0.3055,0.3905,0.34447234,72.19,0.355,0.0,BTC-25SEP20-7000-C,8641.36,63.2,0.322,7.0,0.367,10.0,81.08,23.01327,-3.28471,26.97348,6e-05,0.77101
8684.44,SYN.BTC-31JAN20,1579172340016,open,0.31,51.3,0.2955,0.3265,0.31010737,87.95,0.2615,0.0,BTC-31JAN20-6000-C,8641.36,0.0,0.3,10.0,0.319,10.0,138.04,0.66219,-1.95762,2.38886,2e-05,0.98505
8664.3,SYN.BTC-24JAN20,1579172340016,open,0.08,0.0,0.055,0.1095,0.08053686,61.81,None,0.0,BTC-24JAN20-9250-P,8641.36,0.0,0.0,0.0,0.0,0.0,0.0,4.04279,-15.86386,-1.55305,0.0004,-0.75019
8684.44,SYN.BTC-31JAN20,1579172340017,open,0.16,0.0,0.1345,0.195,0.16246739,66.72,None,0.0,BTC-31JAN20-10000-P,8641.36,0.0,0.0,0.0,0.0,0.0,0.0,4.3277,-9.70529,-3.53544,0.00021,-0.83642
9127.85,SYN.BTC-25SEP20,1579172340015,open,0.58,0.0,0.5625,0.6025,0.57986142,75.81,None,0.0,BTC-25SEP20-4000-C,8641.36,58.25,0.5675,8.0,0.595,8.0,90.71,8.12019,-1.21713,23.2622,2e-05,0.94771
9127.85,SYN.BTC-25SEP20,1579172340015,open,0.38,15.6,0.318,0.4435,0.37488016,72.17,0.3655,0.0,BTC-25SEP20-11000-P,8641.36,59.82,0.334,4.0,0.399,4.0,79.43,30.30839,-4.32466,-55.58518,7e-05,-0.50409
162.1,SYN.ETH-17JAN20,1579172340016,open,0.06,191.0,0.02,0.089,0.053208,100.56,0.06,0.0,ETH-17JAN20-170-P,162.05,0.0,0.048,60.0,0.053,650.0,98.88,0.02034,-1.02256,-0.00342,0.03208,-0.82673
8664.3,SYN.BTC-24JAN20,1579172340016,open,0.13,0.0,0.1055,0.1605,0.13111879,66.85,None,0.0,BTC-24JAN20-9750-P,8641.36,0.0,0.0,0.0,0.0,0.0,0.0,2.61125,-11.08154,-1.88206,0.00024,-0.87559
8644.16,SYN.BTC-17JAN20,1579172340015,open,0.31,8.2,0.292,0.3195,0.30592342,245.58,0.309,0.0,BTC-17JAN20-6000-C,8641.36,0.0,0.3,8.0,0.3125,8.0,500.0,0.01402,-1.72208,0.14374,0.0,0.99902
9127.85,SYN.BTC-25SEP20,1579172340015,open,0.07,101.6,0.0415,0.1055,0.0680256,72.17,0.063,0.0,BTC-25SEP20-6000-P,8641.36,69.92,0.0635,19.4,0.067,0.3,71.66,18.40614,-2.62667,-14.35349,4e-05,-0.15895
8684.44,SYN.BTC-31JAN20,1579172340019,open,0.27,0.0,0.243,0.304,0.27106094,75.36,None,0.0,BTC-31JAN20-11000-P,8641.36,0.0,0.0025,2.0,0.0,0.0,0.0,2.3481,-5.94798,-4.2518,0.0001,-0.93023
8684.44,SYN.BTC-31JAN20,1579172340017,open,0.21,0.0,0.188,0.2485,0.21576594,70.75,None,0.0,BTC-31JAN20-10500-P,8641.36,0.0,0.0,0.0,0.0,0.0,0.0,3.17128,-7.54143,-3.93409,0.00015,-0.89576
8664.3,SYN.BTC-24JAN20,1579172340016,open,0.1,1.0,0.0795,0.1345,0.10507105,64.25,0.102,0.0,BTC-24JAN20-9500-P,8641.36,0.0,0.0,0.0,0.0,0.0,0.0,3.29964,-13.45985,-1.7358,0.00032,-0.82341
8644.16,SYN.BTC-17JAN20,1579172340015,open,0.13,0.0,0.106,0.154,0.12812852,106.57,None,0.0,BTC-17JAN20-9750-P,8641.36,0.0,0.002,0.1,0.0,0.0,0.0,0.12553,-6.68895,-0.23162,7e-05,-0.9887
8644.16,SYN.BTC-17JAN20,1579172340016,open,0.04,116.8,0.0215,0.069,0.04374167,74.95,0.0485,0.0,BTC-17JAN20-9000-P,8641.36,0.0,0.039,6.1,0.059,6.0,173.52,0.94224,-35.31157,-0.18743,0.0007,-0.86003
8664.3,SYN.BTC-24JAN20,1579172340016,open,0.28,0.1,0.264,0.2945,0.27892941,91.4,0.2745,0.0,BTC-24JAN20-6250-C,8641.36,0.0,0.271,8.0,0.288,8.0,169.57,0.22318,-1.29507,1.33644,2e-05,0.99379
8664.3,SYN.BTC-24JAN20,1579172340015,open,0.21,0.0,0.1885,0.244,0.21408973,76.6,None,0.0,BTC-24JAN20-10500-P,8641.36,0.0,0.0,0.0,0.0,0.0,0.0,1.29824,-6.31359,-2.17757,0.0001,-0.95069
8644.16,SYN.BTC-17JAN20,1579172340015,open,0.1,2.0,0.0775,0.1255,0.09947527,98.02,0.077,0.0,BTC-17JAN20-9500-P,8641.36,0.0,0.0045,0.1,0.0,0.0,0.0,0.25609,-12.55085,-0.22262,0.00015,-0.97395
8684.44,SYN.BTC-31JAN20,1579172340016,open,0.38,0.0,0.3555,0.4175,0.38396453,84.16,None,0.0,BTC-31JAN20-12000-P,8641.36,0.0,0.0,0.0,0.0,0.0,0.0,1.33872,-3.78675,-4.77626,5e-05,-0.9655
8684.44,SYN.BTC-31JAN20,1579172340016,open,0.37,27.4,0.354,0.382,0.36721356,97.33,0.291,0.0,BTC-31JAN20-5500-C,8641.36,0.0,0.3595,11.0,0.375,11.0,156.78,0.37155,-1.21554,2.21242,1e-05,0.9923
8664.3,SYN.BTC-24JAN20,1579172340016,open,0.18,0.0,0.1605,0.2165,0.18625193,74.63,None,0.0,BTC-24JAN20-10250-P,8641.36,0.0,0.0,0.0,0.0,0.0,0.0,1.70274,-8.06797,-2.08746,0.00014,-0.93032
8664.3,SYN.BTC-24JAN20,1579172340016,open,0.0,85.1,0.0005,0.0105,0.00024549,89.98,0.0005,0.0,BTC-24JAN20-6250-P,8641.36,0.0,0.0,0.0,0.0005,2.0,98.29,0.20311,-1.16032,-0.0109,1e-05,-0.00559
8644.16,SYN.BTC-17JAN20,1579172340016,open,0.15,4.8,0.1345,0.182,0.15685504,88.29,0.171,0.0,BTC-17JAN20-10000-P,8641.36,0.0,0.1545,1.0,0.0,0.0,0.0,0.00623,-0.27494,-0.23983,0.0,-0.99959
9127.85,SYN.BTC-25SEP20,1579172340015,open,0.21,70.8,0.155,0.2575,0.20134108,71.86,0.2195,0.0,BTC-25SEP20-10000-C,8641.36,71.6,0.2005,16.4,0.2095,8.4,74.35,29.98648,-4.26064,22.56949,7e-05,0.55823
8684.44,SYN.BTC-31JAN20,1579172340016,open,0.0,0.208,0.245,0.22540264,75.0,None,0.0,BTC-31JAN20-6750-C,8641.36,0.0,0.0,0.0,0.0,0.0,0.0,1.53899,-3.8794,2.59675,7e-05,0.95908
162.51,SYN.ETH-24JAN20,1579172340017,open,0.38,2.0,0.366,0.404,0.384775,119.59,0.39,0.0,ETH-24JAN20-100-C,162.05,0.0,0.375,38.0,0.394,38.0,232.97,0.00163,-0.01238,0.0215,0.00024,0.99783
8684.44,SYN.BTC-31JAN20,1579172340017,open,0.04,210.2,0.018,0.063,0.03720633,59.1,0.036,0.0,BTC-31JAN20-8500-P,8641.36,56.92,0.0355,15.0,0.038,0.7,60.12,6.79643,-13.50129,-1.56631,0.00037,-0.40533
8664.3,SYN.BTC-24JAN20,1579172340016,open,0.25,0.1,0.235,0.2675,0.25032307,88.4,0.16,0.0,BTC-24JAN20-6500-C,8641.36,0.0,0.2415,8.0,0.26,8.0,157.29,0.37888,-2.12629,1.38031,3e-05,0.98865
9127.85,SYN.BTC-25SEP20,1579172340016,open,2.53,0.0,2.449,2.642,2.53543654,92.56,None,0.0,BTC-25SEP20-32000-P,8641.36,0.0,0.0,0.0,0.0,0.0,0.0,13.99815,-2.56182,-216.8142,3e-05,-0.89307
162.51,SYN.ETH-24JAN20,1579172340022,open,0.0,29.0,0.001,0.021,0.005486,98.69,0.004,0.0,ETH-24JAN20-200-C,162.05,91.8,0.004,600.0,0.007,650.0,104.82,0.03781,-0.23687,0.00286,0.00672,0.08702
9127.85,SYN.BTC-25SEP20,1579172340015,open,0.02,66.7,0.008,0.0365,0.01806122,75.79,0.0195,0.0,BTC-25SEP20-4000-P,8641.36,73.99,0.0165,14.5,0.02,16.0,77.92,8.11642,-1.21622,-4.44704,2e-05,-0.05226
8684.44,SYN.BTC-31JAN20,1579172340057,open,0.2,343.0,0.179,0.219,0.19784922,71.69,0.195,0.0,BTC-31JAN20-7000-C,8641.36,37.15,0.194,1.5,0.2,9.0,79.76,2.06422,-4.97382,2.62989,9e-05,0.94089
8684.44,SYN.BTC-31JAN20,1579172340065,open,2.5,0.0105,0.0495,0.02559169,59.11,0.0255,0.0,BTC-31JAN20-8250-P,8641.36,56.87,0.024,24.0,0.026,4.0,59.68,6.20384,-12.32504,-1.19542,0.00034,-0.31216
172.5,SYN.ETH-25SEP20,1579172340066,open,0.66,1.0,0.65,0.69,0.66886,92.3,0.645,0.0,ETH-25SEP20-60-C,162.05,67.74,0.656,59.0,0.681,59.0,107.49,0.122,-0.02227,0.34876,0.00064,0.96069
8664.3,SYN.BTC-24JAN20,1579172340074,open,0.06,128.1,0.0405,0.0885,0.0626292,58.46,0.08,0.0,BTC-24JAN20-8250-C,8641.36,29.35,0.0505,9.1,0.0655,9.0,64.28,4.20625,-15.6099,1.24812,0.00044,0.73025
169.96,ETH-26JUN20,1579172340077,open,0.45,1.0,0.426,0.498,0.461692,92.9,0.38,0.0,ETH-26JUN20-100-C,162.05,66.02,0.43,48.0,0.479,48.0,105.32,0.22864,-0.06561,0.31406,0.00192,0.87832
162.1,SYN.ETH-17JAN20,1579172340122,open,0.13,1420.0,0.11,0.163,0.136454,125.6,0.167,0.0,ETH-17JAN20-140-C,162.05,0.0,0.122,29.0,0.152,29.0,336.53,0.00172,-0.10813,0.00333,0.00217,0.9921
166.2,ETH-27MAR20,1579172340124,open,0.4,800.0,0.324,0.446,0.383236,87.32,0.34,0.0,ETH-27MAR20-220-P,162.05,52.29,0.338,22.0,0.426,22.0,113.84,0.25303,-0.15587,-0.35095,0.0054,-0.70415
162.92,SYN.ETH-31JAN20,1579172340162,open,0.32,2.0,0.305,0.349,0.326687,102.32,0.331,0.0,ETH-31JAN20-110-C,162.05,0.0,0.314,36.0,0.337,36.0,153.02,0.01759,-0.06048,0.04321,0.00159,0.97751
162.92,SYN.ETH-31JAN20,1579172340162,open,0.2,133.0,0.181,0.238,0.209287,86.58,0.235,0.0,ETH-31JAN20-130-C,162.05,0.0,0.202,1.0,0.221,34.0,116.78,0.05071,-0.14759,0.04693,0.00541,0.91603
162.92,SYN.ETH-31JAN20,1579172340164,open,0.01,435.0,0.001,0.022,0.00723,86.61,0.009,0.0,ETH-31JAN20-130-P,162.05,85.87,0.007,10.0,0.008,300.0,89.03,0.05075,-0.14774,-0.00606,0.00542,-0.08404
162.92,SYN.ETH-31JAN20,1579172340164,open,0.1,1220.0,0.073,0.139,0.10687,76.3,0.128,0.0,ETH-31JAN20-150-C,162.05,73.48,0.105,60.0,0.113,890.0,85.35,0.10871,-0.27877,0.04139,0.01317,0.73022
162.92,SYN.ETH-31JAN20,1579172340164,open,0.44,2.0,0.431,0.465,0.447996,119.75,0.473,0.0,ETH-31JAN20-90-C,162.05,0.0,0.439,41.0,0.456,41.0,195.55,0.00476,-0.01915,0.03632,0.00037,0.995
162.92,SYN.ETH-31JAN20,1579172340164,open,0.1,235.0,0.052,0.127,0.088441,78.35,0.094,0.0,ETH-31JAN20-170-P,162.05,71.45,0.083,180.0,0.088,650.0,77.79,0.12887,-0.33938,-0.04407,0.0152,-0.57527
164.56,SYN.ETH-28FEB20,1579172340176,open,0.12,522.0,0.082,0.157,0.119712,78.32,0.134,0.0,ETH-28FEB20-160-C,162.05,74.77,0.115,618.0,0.125,618.0,82.3,0.21868,-0.19971,0.09176,0.00878,0.59441
164.56,SYN.ETH-28FEB20,1579172340176,open,0.01,433.0,0.001,0.017,0.006493,93.79,0.006,0.0,ETH-28FEB20-100-P,162.05,88.76,0.005,560.0,0.008,500.0,98.3,0.05213,-0.05702,-0.00969,0.00175,-0.04361
164.56,SYN.ETH-28FEB20,1579172340176,open,0.28,60.0,0.258,0.317,0.287759,84.18,0.262,0.0,ETH-28FEB20-120-C,162.05,0.0,0.27,39.0,0.301,38.0,102.9,0.10446,-0.10255,0.11686,0.0039,0.89229
164.56,SYN.ETH-28FEB20,1579172340176,open,0.0,829.0,0.001,0.014,0.004317,101.7,0.003,0.0,ETH-28FEB20-90-P,162.05,95.16,0.003,560.0,0.006,540.0,108.58,0.03662,-0.04343,-0.00632,0.00113,-0.02835
164.56,SYN.ETH-28FEB20,1579172340179,open,0.19,114.0,0.155,0.227,0.191747,79.36,0.185,0.0,ETH-28FEB20-140-C,162.05,67.81,0.18,220.0,0.198,220.0,85.26,0.17234,-0.15949,0.11127,0.00683,0.76739
164.56,SYN.ETH-28FEB20,1579172340179,open,0.07,305.0,0.034,0.099,0.063815,78.35,0.05,0.0,ETH-28FEB20-150-P,162.05,76.04,0.061,485.0,0.067,677.0,80.96,0.20059,-0.18328,-0.0734,0.00805,-0.31587
164.56,SYN.ETH-28FEB20,1579172340179,open,0.03,482.0,0.01,0.051,0.027172,81.18,0.026,0.0,ETH-28FEB20-130-P,162.05,79.78,0.026,260.0,0.029,192.0,83.34,0.13833,-0.13096,-0.03656,0.00536,-0.16197
164.56,SYN.ETH-28FEB20,1579172340179,open,0.1,254.0,0.056,0.132,0.092034,78.34,0.072,0.0,ETH-28FEB20-160-P,162.05,76.06,0.089,244.0,0.096,656.0,81.33,0.21868,-0.19978,-0.09619,0.00877,-0.40558
164.56,SYN.ETH-28FEB20,1579172340179,open,0.34,5.0,0.316,0.369,0.342226,88.77,0.229,0.0,ETH-28FEB20-110-C,162.05,50.09,0.332,1.0,0.353,39.0,108.7,0.07569,-0.07835,0.11363,0.00268,0.93004
164.56,SYN.ETH-28FEB20,1579172340179,open,0.39,21.0,0.376,0.422,0.398791,93.72,0.267,0.0,ETH-28FEB20-100-C,162.05,0.0,0.392,1.0,0.408,41.0,116.63,0.05203,-0.05687,0.10781,0.00175,0.95648
164.56,SYN.ETH-28FEB20,1579172340182,open,0.07,1188.0,0.04,0.108,0.073077,79.87,0.072,0.0,ETH-28FEB20-180-C,162.05,76.82,0.069,452.0,0.077,180.0,82.78,0.22095,-0.20578,0.0679,0.0087,0.42436
164.56,SYN.ETH-28FEB20,1579172340182,open,0.13,148.0,0.085,0.17,0.126201,78.58,0.13,0.0,ETH-28FEB20-170-P,162.05,74.77,0.121,220.0,0.129,220.0,80.62,0.22498,-0.20616,-0.11998,0.009,-0.49445
162.92,SYN.ETH-31JAN20,1579172340232,open,0.02,1.0,0.004,0.041,0.018256,84.22,0.017,0.0,ETH-31JAN20-190-C,162.05,82.02,0.017,240.0,0.021,945.0,88.89,0.0938,-0.26556,0.01249,0.0103,0.20631
162.1,SYN.ETH-17JAN20,1579172340289,open,0.13,1420.0,0.11,0.163,0.136454,125.6,0.167,0.0,ETH-17JAN20-140-C,162.05,0.0,0.122,29.0,0.153,29.0,344.65,0.00172,-0.10813,0.00333,0.00217,0.9921
172.5,SYN.ETH-25SEP20,1579172340433,open,0.49,0.0,0.396,0.557,0.475443,86.71,None,0.0,ETH-25SEP20-220-P,162.05,0.0,0.0,0.0,0.52,1.0,100.18,0.57265,-0.09818,-1.15436,0.0032,-0.49046
172.5,SYN.ETH-25SEP20,1579172340487,open,0.32,0.0,0.235,0.373,0.302919,84.44,0.58,0.0,ETH-25SEP20-180-P,162.05,19.78,0.091,1.0,0.383,1.0,110.11,0.54908,-0.09167,-0.82282,0.00315,-0.38557
172.5,SYN.ETH-25SEP20,1579172340489,open,0.4,40.0,0.309,0.458,0.382587,84.44,0.5,0.0,ETH-25SEP20-200-P,162.05,19.69,0.177,1.0,0.434,1.0,100.21,0.56715,-0.09469,-0.9878,0.00326,-0.44395
162.92,SYN.ETH-31JAN20,1579172340557,open,0.26,350.0,0.242,0.292,0.266904,93.02,0.281,0.0,ETH-31JAN20-120-C,162.05,0.0,0.263,1.0,0.283,35.0,146.18,0.02978,-0.09309,0.04585,0.00296,0.95749
169.96,ETH-26JUN20,1579172340560,open,0.55,0.0,0.527,0.578,0.551651,93.03,None,0.0,ETH-26JUN20-80-C,162.05,61.89,0.533,51.0,0.568,51.0,110.72,0.14093,-0.0405,0.2901,0.00118,0.9365
169.96,ETH-26JUN20,1579172340562,open,0.45,1.0,0.426,0.498,0.46169,92.9,0.38,0.0,ETH-26JUN20-100-C,162.05,64.97,0.429,48.0,0.479,48.0,105.32,0.22864,-0.06561,0.31406,0.00192,0.87832
164.56,SYN.ETH-28FEB20,1579172340635,open,0.51,0.0,0.5,0.534,0.516258,107.44,None,0.0,ETH-28FEB20-80-C,162.05,0.0,0.513,1.0,0.523,46.0,138.68,0.02266,-0.02839,0.0904,0.00066,0.98393
8845.57,BTC-27MAR20,1579172340636,open,0.1,2.0,0.065,0.134,0.09554744,66.4,0.087,0.0,BTC-27MAR20-8500-P,8641.36,65.18,0.0935,10.3,0.097,19.3,67.25,14.94201,-6.99872,-8.31904,0.00015,-0.38878
8764.99,SYN.BTC-28FEB20,1579172340638,open,0.08,282.9,0.049,0.107,0.07526089,63.67,0.0745,0.0,BTC-28FEB20-9000-C,8641.36,61.63,0.0725,15.0,0.077,14.4,64.92,11.98363,-8.89721,4.32298,0.00021,0.49515
8764.99,SYN.BTC-28FEB20,1579172340640,open,0.05,158.8,0.026,0.075,0.04657921,63.65,0.0475,0.0,BTC-28FEB20-8000-P,8641.36,61.91,0.0445,34.3,0.048,54.3,64.85,10.42671,-7.73884,-3.55634,0.00018,-0.29885
8764.99,SYN.BTC-28FEB20,1579172340642,open,0.08,282.9,0.049,0.107,0.07526089,63.67,0.0745,0.0,BTC-28FEB20-9000-C,8641.36,61.63,0.0725,15.0,0.077,29.4,64.92,11.98363,-8.89721,4.32298,0.00021,0.49515
172.5,SYN.ETH-25SEP20,1579172340804,open,0.26,350.0,0.199,0.317,0.259455,84.44,0.27,0.0,ETH-25SEP20-180-C,162.05,84.61,0.26,20.0,0.274,120.0,89.02,0.54908,-0.09167,0.42423,0.00315,0.61443
172.5,SYN.ETH-25SEP20,1579172340825,open,0.14,310.0,0.089,0.207,0.146062,90.8,0.143,0.0,ETH-25SEP20-280-C,162.05,88.59,0.139,282.0,0.151,110.0,92.34,0.55334,-0.09935,0.29904,0.00296,0.39628
172.5,SYN.ETH-25SEP20,1579172340844,open,0.23,63.0,0.163,0.282,0.223183,84.44,0.206,0.0,ETH-25SEP20-200-C,162.05,85.3,0.226,271.0,0.238,110.0,88.96,0.56715,-0.09469,0.39782,0.00326,0.55605
8845.34,BTC-27MAR20,1579172341022,open,0.05,0.0,0.0255,0.0825,0.04899938,70.49,None,0.0,BTC-27MAR20-11000-C,8641.47,69.49,0.0475,13.4,0.05,38.3,71.15,13.39243,-6.65952,4.17961,0.00013,0.29234
8845.34,BTC-27MAR20,1579172341022,open,0.14,9.1,0.103,0.1715,0.13461445,66.4,0.148,0.0,BTC-27MAR20-8500-C,8641.47,64.26,0.131,10.1,0.135,14.4,66.63,14.942,-6.99938,8.1855,0.00015,0.61118
8993.07,BTC-26JUN20,1579172341022,open,2.13,0.0,2.058,2.216,2.12918961,95.17,None,0.0,BTC-26JUN20-28000-P,8641.47,0.0,0.0005,1.0,0.0,0.0,0.0,8.05038,-2.36658,-122.00806,2e-05,-0.9299
8845.45,BTC-27MAR20,1579172341024,open,0.17,1267.5,0.134,0.2005,0.16495599,66.4,0.162,0.0,BTC-27MAR20-8000-C,8641.47,64.82,0.1625,11.3,0.1675,21.3,68.03,13.79337,-6.46105,8.98056,0.00014,0.68781
8764.73,SYN.BTC-28FEB20,1579172341022,open,0.32,0.4,0.3045,0.343,0.32203343,75.07,0.3475,0.0,BTC-28FEB20-6000-C,8641.47,38.35,0.3155,11.0,0.335,11.0,100.83,3.32387,-2.90996,6.4177,5e-05,0.94537
8764.73,SYN.BTC-28FEB20,1579172341023,open,0.27,11.5,0.249,0.2925,0.26909125,70.39,0.2235,0.0,BTC-28FEB20-6500-C,8641.47,32.56,0.2585,11.0,0.2845,11.0,93.8,4.75522,-3.90357,6.62983,7e-05,0.91303
8684.16,SYN.BTC-31JAN20,1579172341058,open,0.04,210.2,0.018,0.063,0.03722746,59.11,0.036,0.0,BTC-31JAN20-8500-P,8641.47,56.9,0.0355,15.0,0.0385,18.7,60.74,6.79668,-13.50388,-1.56672,0.00037,-0.40544
8684.16,SYN.BTC-31JAN20,1579172341060,open,0.04,210.2,0.018,0.063,0.03722746,59.11,0.036,0.0,BTC-31JAN20-8500-P,8641.47,56.9,0.0355,15.0,0.0385,33.7,60.74,6.79668,-13.50388,-1.56672,0.00037,-0.40544
172.5,SYN.ETH-25SEP20,1579172341081,open,0.05,1.0,0.023,0.106,0.057466,99.46,0.054,0.0,ETH-25SEP20-520-C,162.05,95.92,0.05,299.0,0.064,299.0,102.39,0.37552,-0.07385,0.14531,0.00183,0.17905
162.92,SYN.ETH-31JAN20,1579172341111,open,0.26,350.0,0.242,0.292,0.266904,93.02,0.281,0.0,ETH-31JAN20-120-C,162.05,0.0,0.263,1.0,0.284,35.0,148.66,0.02978,-0.09309,0.04585,0.00296,0.95749
169.96,ETH-26JUN20,1579172341153,open,0.45,0.0,0.374,0.527,0.449389,93.11,None,0.0,ETH-26JUN20-220-P,162.05,17.33,0.295,1.0,0.469,1.0,100.49,0.44901,-0.12913,-0.74752,0.00376,-0.54228
166.2,ETH-27MAR20,1579172341346,open,0.0,275.0,0.001,0.013,0.003863,106.7,0.006,0.0,ETH-27MAR20-70-P,162.05,95.76,0.002,396.0,0.006,300.0,115.84,0.034,-0.02559,-0.00739,0.00059,-0.01903
166.2,ETH-27MAR20,1579172341346,open,0.01,1.0,0.001,0.024,0.010145,96.21,0.008,0.0,ETH-27MAR20-90-P,162.05,93.55,0.009,320.0,0.012,620.0,100.22,0.07381,-0.05009,-0.01895,0.00143,-0.04858
166.2,ETH-27MAR20,1579172341346,open,0.03,41.0,0.009,0.045,0.023476,88.67,0.018,0.0,ETH-27MAR20-110-P,162.05,86.81,0.022,320.0,0.026,400.0,91.76,0.1335,-0.08351,-0.04158,0.00281,-0.10536
166.2,ETH-27MAR20,1579172341346,open,0.26,112.0,0.229,0.304,0.267349,84.24,0.194,0.0,ETH-27MAR20-130-C,162.05,58.03,0.238,42.0,0.286,42.0,98.99,0.20404,-0.12125,0.17242,0.00452,0.80161
166.2,ETH-27MAR20,1579172341346,open,0.58,0.0,0.567,0.6,0.582683,106.7,None,0.0,ETH-27MAR20-70-C,162.05,0.0,0.578,2.0,0.59,50.0,132.32,0.034,-0.02559,0.12854,0.00059,0.98097
8643.88,SYN.BTC-17JAN20,1579172341358,open,0.37,7.0,0.351,0.376,0.36373222,288.18,0.365,0.0,BTC-17JAN20-5500-C,8641.47,0.0,0.357,8.0,0.3685,8.0,500.0,0.00796,-1.14639,0.13184,0.0,0.99947
172.5,SYN.ETH-25SEP20,1579172341376,open,0.04,0.0,0.017,0.092,0.04672,101.98,None,0.0,ETH-25SEP20-600-C,162.05,98.92,0.041,300.0,0.052,300.0,104.66,0.33214,-0.06698,0.12132,0.00158,0.14824
172.5,SYN.ETH-25SEP20,1579172341376,open,2.56,0.0,2.397,2.669,2.524933,101.98,None,0.0,ETH-25SEP20-600-P,162.05,0.0,0.0,0.0,0.0,0.0,0.0,0.33214,-0.06698,-4.03554,0.00158,-0.85176
164.56,SYN.ETH-28FEB20,1579172341463,open,0.05,38.0,0.019,0.072,0.042519,79.39,0.043,0.0,ETH-28FEB20-140-P,162.05,76.96,0.04,500.0,0.045,192.0,81.73,0.17236,-0.15957,-0.0532,0.00683,-0.23266
8684.16,SYN.BTC-31JAN20,1579172341541,open,0.04,210.2,0.018,0.063,0.03724128,59.11,0.036,0.0,BTC-31JAN20-8500-P,8641.47,56.9,0.0355,15.0,0.0385,18.7,60.74,6.79668,-13.50388,-1.56672,0.00037,-0.40544
162.1,SYN.ETH-17JAN20,1579172341619,open,0.38,1.0,0.364,0.401,0.383102,201.89,0.292,0.0,ETH-17JAN20-100-C,162.05,0.0,0.374,38.0,0.392,38.0,500.0,0.0,-2e-05,0.0024,0.0,1.0
162.1,SYN.ETH-17JAN20,1579172341619,open,0.0,237.0,0.001,0.011,0.0,120.0,0.001,0.0,ETH-17JAN20-120-P,162.05,0.0,0.0,0.0,0.001,158.0,302.63,0.0,0.0,0.0,0.0,0.0
162.1,SYN.ETH-17JAN20,1579172341619,open,0.0,817.0,0.001,0.011,0.000112,120.0,0.001,0.0,ETH-17JAN20-140-P,162.05,0.0,0.0,0.0,0.001,650.0,163.98,0.00131,-0.01808,-2e-05,0.00174,-0.00581
162.1,SYN.ETH-17JAN20,1579172341619,open,0.0,692.0,0.001,0.011,0.0,120.0,0.001,0.0,ETH-17JAN20-100-P,162.05,0.0,0.0,0.0,0.001,2.0,459.47,0.0,0.0,0.0,0.0,0.0
162.1,SYN.ETH-17JAN20,1579172341619,open,0.0,151.0,0.001,0.011,0.0,120.0,0.001,0.0,ETH-17JAN20-110-P,162.05,0.0,0.0,0.0,0.001,38.0,378.05,0.0,0.0,0.0,0.0,0.0
162.1,SYN.ETH-17JAN20,1579172341621,open,0.0,1849.0,0.001,0.015,0.001268,102.38,0.003,0.0,ETH-17JAN20-150-P,162.05,97.36,0.001,2.0,0.002,143.0,113.79,0.0092,-0.20554,-0.00023,0.01426,-0.05794
162.1,SYN.ETH-17JAN20,1579172341622,open,0.07,2256.0,0.046,0.105,0.075921,102.38,0.071,0.0,ETH-17JAN20-150-C,162.05,0.0,0.074,60.0,0.082,60.0,168.06,0.0092,-0.47105,0.00337,0.01426,0.94206
162.1,SYN.ETH-17JAN20,1579172341623,open,0.0,905.0,0.001,0.011,1e-06,120.0,0.001,0.0,ETH-17JAN20-130-P,162.05,0.0,0.0,0.0,0.001,900.0,231.75,2e-05,-0.00018,0.0,3e-05,-8e-05
164.56,SYN.ETH-28FEB20,1579172341733,open,0.55,0.0,0.483,0.596,0.536501,93.03,None,0.0,ETH-28FEB20-250-P,162.05,0.0,0.0,0.0,0.0,0.0,0.0,0.11586,-0.1257,-0.27292,0.00392,-0.87537
172.51,SYN.ETH-25SEP20,1579172341761,open,1.43,0.0,1.299,1.519,1.403989,95.35,None,0.0,ETH-25SEP20-400-P,162.05,0.0,0.0,0.0,0.0,0.0,0.0,0.45988,-0.0867,-2.56996,0.00234,-0.74628
172.51,SYN.ETH-25SEP20,1579172341761,open,0.06,67.0,0.028,0.117,0.065708,98.55,0.068,0.0,ETH-25SEP20-480-C,162.05,96.51,0.061,306.0,0.069,100.0,99.94,0.40344,-0.07861,0.16193,0.00199,0.20119
172.51,SYN.ETH-25SEP20,1579172341761,open,0.12,61.0,0.066,0.179,0.11945,92.27,0.12,0.0,ETH-25SEP20-320-C,162.05,89.8,0.112,386.0,0.125,100.0,94.09,0.52438,-0.09567,0.2601,0.00276,0.33708
172.51,SYN.ETH-25SEP20,1579172341761,open,0.07,44.0,0.033,0.127,0.073791,96.76,0.064,0.0,ETH-25SEP20-440-C,162.05,94.4,0.068,395.0,0.078,100.0,98.43,0.4292,-0.08211,0.17913,0.00215,0.22367
172.51,SYN.ETH-25SEP20,1579172341761,open,0.79,0.0,0.678,0.865,0.769227,90.83,None,0.0,ETH-25SEP20-280-P,162.05,0.0,0.0,0.0,0.8,1.0,100.31,0.55343,-0.09939,-1.64076,0.00296,-0.60358
172.51,SYN.ETH-25SEP20,1579172341761,open,1.65,0.0,1.515,1.745,1.62448,96.82,None,0.0,ETH-25SEP20-440-P,162.05,0.0,0.0,0.0,0.0,0.0,0.0,0.42951,-0.08223,-2.86907,0.00215,-0.77604
172.51,SYN.ETH-25SEP20,1579172341761,open,0.59,0.0,0.489,0.661,0.573359,89.14,None,0.0,ETH-25SEP20-240-P,162.05,0.0,0.0,0.0,0.61,1.0,100.18,0.57128,-0.10069,-1.31813,0.00311,-0.52951
172.51,SYN.ETH-25SEP20,1579172341761,open,0.08,109.0,0.041,0.14,0.085181,95.3,0.073,0.0,ETH-25SEP20-400-C,162.05,92.95,0.079,393.0,0.09,100.0,97.09,0.45964,-0.08661,0.20114,0.00234,0.25347
172.51,SYN.ETH-25SEP20,1579172341761,open,0.99,0.0,0.878,1.077,0.974497,92.31,None,0.0,ETH-25SEP20-320-P,162.05,0.0,0.0,0.0,0.0,0.0,0.0,0.52449,-0.09573,-1.95682,0.00276,-0.66276
172.51,SYN.ETH-25SEP20,1579172341761,open,0.1,30.0,0.051,0.156,0.099217,93.55,0.11,0.0,ETH-25SEP20-360-C,162.05,90.99,0.092,390.0,0.105,100.0,95.56,0.49096,-0.09081,0.22719,0.00255,0.2893
172.51,SYN.ETH-25SEP20,1579172341763,open,1.21,0.0,1.086,1.295,1.186144,93.59,None,0.0,ETH-25SEP20-360-P,162.05,0.0,0.0,0.0,0.0,0.0,0.0,0.49113,-0.09089,-2.26683,0.00255,-0.71049
162.51,SYN.ETH-24JAN20,1579172341892,open,0.0,211.0,0.001,0.011,0.000454,113.82,0.001,0.0,ETH-24JAN20-110-P,162.05,0.0,0.0,0.0,0.001,1.0,126.79,0.00512,-0.03701,-0.00029,0.00079,-0.00781
162.51,SYN.ETH-24JAN20,1579172341892,open,0.08,336.0,0.039,0.112,0.074421,79.95,0.081,0.0,ETH-24JAN20-170-P,162.05,71.93,0.07,180.0,0.073,650.0,77.39,0.09034,-0.45851,-0.02461,0.01983,-0.62738
162.51,SYN.ETH-24JAN20,1579172341892,open,0.01,967.0,0.002,0.038,0.015193,84.83,0.024,0.0,ETH-24JAN20-180-C,162.05,79.74,0.013,533.0,0.017,650.0,88.88,0.07146,-0.38486,0.00733,0.01478,0.22425
162.51,SYN.ETH-24JAN20,1579172341892,open,0.0,87.0,0.001,0.011,0.000447,90.66,0.002,0.0,ETH-24JAN20-120-P,162.05,0.0,0.0,0.0,0.001,3.0,101.65,0.00611,-0.03515,-0.00035,0.00118,-0.00954
162.51,SYN.ETH-24JAN20,1579172341895,open,0.13,37.0,0.084,0.164,0.122809,84.83,0.1,0.0,ETH-24JAN20-180-P,162.05,70.72,0.117,60.0,0.125,60.0,89.72,0.07146,-0.38486,-0.03151,0.01478,-0.77575
162.51,SYN.ETH-24JAN20,1579172341895,open,0.2,10.0,0.176,0.229,0.202337,90.48,0.21,0.0,ETH-24JAN20-130-C,162.05,0.0,0.2,1.0,0.216,32.0,149.97,0.02075,-0.11917,0.02655,0.00402,0.95958
162.51,SYN.ETH-24JAN20,1579172341895,open,0.05,620.0,0.023,0.084,0.052718,76.68,0.068,0.0,ETH-24JAN20-160-C,162.05,75.44,0.052,180.0,0.056,650.0,82.39,0.09345,-0.45495,0.01839,0.02138,0.57714
162.51,SYN.ETH-24JAN20,1579172341897,open,0.09,927.0,0.06,0.124,0.092566,77.65,0.078,0.0,ETH-24JAN20-150-C,162.05,76.35,0.092,60.0,0.098,650.0,89.62,0.07138,-0.35186,0.02397,0.01613,0.7762
8993.2,BTC-26JUN20,1579172342030,open,0.03,1039.8,0.0115,0.0655,0.03016325,85.61,0.034,0.0,BTC-26JUN20-20000-C,8641.45,84.78,0.029,1.3,0.031,15.0,86.19,12.80549,-3.38612,4.06263,4e-05,0.13202
8993.18,BTC-26JUN20,1579172342030,open,0.03,27.1,0.0085,0.0575,0.0247263,88.18,0.0235,0.0,BTC-26JUN20-22000-C,8641.45,86.35,0.0225,35.0,0.026,15.0,89.19,11.21627,-3.05486,3.37653,4e-05,0.10938
8845.46,BTC-27MAR20,1579172342031,open,1.49,5.6,1.4395,1.5535,1.49199464,100.07,1.545,0.0,BTC-27MAR20-22000-P,8641.45,0.0,0.0,0.0,0.0,0.0,0.0,2.83171,-1.99915,-42.24503,2e-05,-0.96753
8684.28,SYN.BTC-31JAN20,1579172342029,open,50.0,0.0005,0.0185,0.00534793,72.85,0.0045,0.0,BTC-31JAN20-10750-C,8641.45,70.02,0.0045,30.0,0.0055,30.0,73.34,2.70876,-6.63291,0.27907,0.00012,0.0842
8664.14,SYN.BTC-24JAN20,1579172342029,open,0.05,219.5,0.0235,0.07,0.04407065,58.17,0.041,0.0,BTC-24JAN20-8500-C,8641.45,55.39,0.0425,18.0,0.045,1.0,59.82,4.9001,-18.09704,1.04882,0.00052,0.60509
8664.14,SYN.BTC-24JAN20,1579172342029,open,0.03,121.5,0.009,0.05,0.02513941,58.2,0.0275,0.0,BTC-24JAN20-8500-P,8641.45,56.18,0.024,0.5,0.026,60.0,59.72,4.9002,-18.10458,-0.78532,0.00052,-0.39494
8764.87,SYN.BTC-28FEB20,1579172342029,open,0.03,45.3,0.014,0.058,0.03159112,67.71,0.0375,0.0,BTC-28FEB20-10500-C,8641.45,65.79,0.0295,54.3,0.0325,19.3,68.53,9.62419,-7.59929,2.28875,0.00016,0.25389
8664.14,SYN.BTC-24JAN20,1579172342029,open,0.02,386.9,0.0055,0.0415,0.01958953,59.74,0.02,0.0,BTC-24JAN20-9000-C,8641.45,57.73,0.0185,39.0,0.02,0.1,60.49,4.70636,-17.84967,0.61479,0.00049,0.34844
8684.28,SYN.BTC-31JAN20,1579172342031,open,0.01,893.0,0.0015,0.029,0.01102465,66.81,0.0105,0.0,BTC-31JAN20-10000-C,8641.45,63.67,0.0095,39.0,0.011,22.0,66.76,4.33349,-9.73151,0.54115,0.00021,0.16392
8684.28,SYN.BTC-31JAN20,1579172342031,open,0.15,508.2,0.123,0.168,0.14431827,64.68,0.1405,0.0,BTC-31JAN20-7500-C,8641.45,53.81,0.1405,1.5,0.1465,9.0,69.91,3.45327,-7.50766,2.613,0.00017,0.8826
8664.14,SYN.BTC-24JAN20,1579172342029,open,0.0,56.4,0.0005,0.0125,0.00227483,76.97,0.0025,0.0,BTC-24JAN20-10500-C,8641.45,71.26,0.0015,68.0,0.003,30.0,81.38,1.31611,-6.43133,0.08953,0.00011,0.05017
8664.14,SYN.BTC-24JAN20,1579172342029,open,0.01,318.1,0.0005,0.025,0.00854413,60.32,0.0095,0.0,BTC-24JAN20-8000-P,8641.45,58.85,0.008,1.0,0.009,33.9,61.52,3.25062,-12.44795,-0.33843,0.00033,-0.17249
8764.87,SYN.BTC-28FEB20,1579172342029,open,0.02,381.1,0.0065,0.0365,0.01752987,66.75,0.0165,0.0,BTC-28FEB20-7000-P,8641.45,65.37,0.0165,24.0,0.0185,39.0,68.04,6.565,-5.11061,-1.58373,0.00011,-0.13629
8664.14,SYN.BTC-24JAN20,1579172342029,open,0.01,154.3,0.0025,0.0325,0.01296946,61.89,0.0125,0.0,BTC-24JAN20-9250-C,8641.45,59.79,0.012,24.0,0.013,0.1,61.95,4.0448,-15.89187,0.44323,0.0004,0.25006
8684.28,SYN.BTC-31JAN20,1579172342052,open,0.04,210.2,0.018,0.063,0.03724128,59.14,0.036,0.0,BTC-31JAN20-8500-P,8641.45,56.91,0.0355,15.0,0.038,0.7,60.11,6.79667,-13.50969,-1.5667,0.00037,-0.40542
166.2,ETH-27MAR20,1579172342091,open,0.04,4676.0,0.018,0.077,0.043413,88.79,0.052,0.0,ETH-27MAR20-240-C,162.05,86.2,0.04,592.0,0.045,192.0,89.98,0.22163,-0.13883,0.05977,0.00465,0.2286
169.97,ETH-26JUN20,1579172342091,open,0.25,699.0,0.21,0.32,0.265894,92.76,0.256,0.0,ETH-26JUN20-160-C,162.05,82.23,0.24,180.0,0.257,180.0,89.13,0.41572,-0.11912,0.2955,0.0035,0.6579
169.97,ETH-26JUN20,1579172342095,open,0.02,285.0,0.006,0.053,0.022533,105.6,0.018,0.0,ETH-26JUN20-560-C,162.05,103.17,0.02,420.0,0.025,130.0,107.82,0.18304,-0.0597,0.05048,0.00135,0.08949
162.92,SYN.ETH-31JAN20,1579172342095,open,0.03,3630.0,0.008,0.055,0.028532,81.06,0.029,0.0,ETH-31JAN20-180-C,162.05,77.42,0.026,744.0,0.031,934.0,84.56,0.11418,-0.31111,0.01796,0.01302,0.29898
166.2,ETH-27MAR20,1579172342099,open,0.13,4641.0,0.08,0.169,0.12267,81.91,0.128,0.0,ETH-27MAR20-160-P,162.05,78.55,0.117,242.0,0.128,242.0,85.07,0.28048,-0.16208,-0.16465,0.00638,-0.38751
172.5,SYN.ETH-25SEP20,1579172342100,open,0.57,0.0,0.545,0.604,0.574064,89.3,None,0.0,ETH-25SEP20-80-C,162.05,72.05,0.555,54.0,0.592,54.0,102.96,0.21337,-0.03768,0.41349,0.00116,0.92005
169.97,ETH-26JUN20,1579172342104,open,0.3,679.0,0.268,0.37,0.320103,92.9,0.272,0.0,ETH-26JUN20-140-C,162.05,80.5,0.293,180.0,0.311,180.0,88.74,0.37194,-0.10673,0.31148,0.00312,0.73332
169.96,ETH-26JUN20,1579172342109,open,0.55,0.0,0.527,0.578,0.551651,93.03,None,0.0,ETH-26JUN20-80-C,162.05,61.89,0.533,51.0,0.566,51.0,108.72,0.14093,-0.0405,0.2901,0.00118,0.9365
166.2,ETH-27MAR20,1579172342113,open,0.0,8174.0,0.001,0.012,0.002442,120.0,0.002,0.0,ETH-27MAR20-600-C,162.05,108.64,0.001,4090.0,0.004,650.0,127.68,0.02814,-0.02382,0.00414,0.00044,0.01526
166.2,ETH-27MAR20,1579172342126,open,0.0,8174.0,0.001,0.012,0.002442,120.0,0.002,0.0,ETH-27MAR20-600-C,162.05,108.64,0.001,4310.0,0.004,650.0,127.68,0.02814,-0.02382,0.00414,0.00044,0.01526
166.2,ETH-27MAR20,1579172342144,open,1.93,0.0,1.805,1.993,1.893742,115.36,None,0.0,ETH-27MAR20-480-P,162.05,0.0,0.004,50.0,0.0,0.0,0.0,0.05454,-0.04439,-0.92309,0.00088,-0.96654
172.51,SYN.ETH-25SEP20,1579172342144,open,0.05,306.0,0.019,0.097,0.050878,100.4,0.052,0.0,ETH-25SEP20-560-C,162.05,96.37,0.043,300.0,0.058,300.0,103.8,0.35051,-0.06958,0.13137,0.00169,0.16079
172.51,SYN.ETH-25SEP20,1579172342144,open,2.33,0.0,2.175,2.435,2.297209,100.49,None,0.0,ETH-25SEP20-560-P,162.05,0.0,0.0,0.0,0.0,0.0,0.0,0.3511,-0.06976,-3.7481,0.00169,-0.83879
166.2,ETH-27MAR20,1579172342156,open,0.73,161.0,0.648,0.782,0.71122,94.21,1.397,0.0,ETH-27MAR20-280-P,162.05,0.0,0.002,50.0,0.0,0.0,0.0,0.16857,-0.11203,-0.50477,0.00334,-0.85287
166.2,ETH-27MAR20,1579172342156,open,0.01,1013.0,0.001,0.016,0.006275,100.71,0.006,0.0,ETH-27MAR20-80-P,162.05,96.29,0.005,620.0,0.008,620.0,105.98,0.0509,-0.03617,-0.01196,0.00094,-0.03078
166.2,ETH-27MAR20,1579172342156,open,0.52,20.0,0.506,0.545,0.524928,100.71,0.613,0.0,ETH-27MAR20-80-C,162.05,0.0,0.518,1.0,0.533,47.0,121.56,0.0509,-0.03617,0.14339,0.00094,0.96922
162.92,SYN.ETH-31JAN20,1579172342156,open,0.49,0.0,0.431,0.529,0.477284,108.94,None,0.0,ETH-31JAN20-240-P,162.05,0.0,0.011,3.0,0.0,0.0,0.0,0.03356,-0.12287,-0.09481,0.00285,-0.95067
162.92,SYN.ETH-31JAN20,1579172342156,open,0.02,863.0,0.003,0.033,0.01364,79.31,0.014,0.0,ETH-31JAN20-140-P,162.05,75.79,0.012,534.0,0.016,834.0,84.15,0.07744,-0.20644,-0.01101,0.00903,-0.15221
162.92,SYN.ETH-31JAN20,1579172342156,open,0.0,2000.0,0.001,0.012,0.002424,115.26,0.005,0.0,ETH-31JAN20-260-C,162.05,101.54,0.001,821.0,0.004,1250.0,125.21,0.02189,-0.0848,0.00178,0.00176,0.02921
162.92,SYN.ETH-31JAN20,1579172342156,open,0.06,787.0,0.023,0.085,0.051973,75.89,0.056,0.0,ETH-31JAN20-160-P,162.05,70.87,0.048,427.0,0.053,650.0,77.19,0.12875,-0.32843,-0.03153,0.01568,-0.42282
166.2,ETH-27MAR20,1579172342158,open,1.2,7.0,1.107,1.259,1.178401,103.73,1.702,0.0,ETH-27MAR20-360-P,162.05,0.0,0.01,30.0,0.0,0.0,0.0,0.1003,-0.0734,-0.67985,0.0018,-0.92817
169.97,ETH-26JUN20,1579172342162,open,0.2,3522.0,0.164,0.278,0.222099,93.08,0.18,0.0,ETH-26JUN20-180-C,162.05,83.45,0.197,446.0,0.212,266.0,89.19,0.44102,-0.12679,0.27436,0.0037,0.58607
169.97,ETH-26JUN20,1579172342162,open,2.35,0.0,2.207,2.443,2.317426,105.78,None,0.0,ETH-26JUN20-560-P,162.05,0.0,0.01,50.0,0.0,0.0,0.0,0.1839,-0.06008,-2.43282,0.00136,-0.90994
166.2,ETH-27MAR20,1579172342162,open,1.68,0.0,1.572,1.747,1.6541,110.78,None,0.0,ETH-27MAR20-440-P,162.05,0.0,0.003,50.0,0.0,0.0,0.0,0.06315,-0.04935,-0.84363,0.00106,-0.95997
166.2,ETH-27MAR20,1579172342162,open,0.02,2206.0,0.005,0.041,0.017468,99.13,0.022,0.0,ETH-27MAR20-320-C,162.05,95.81,0.015,563.0,0.019,240.0,101.07,0.12856,-0.0899,0.02664,0.00242,0.10003
166.2,ETH-27MAR20,1579172342162,open,0.22,670.0,0.185,0.266,0.226583,82.9,0.241,0.0,ETH-27MAR20-140-C,162.05,73.94,0.214,4.0,0.232,300.0,86.7,0.23619,-0.13813,0.16662,0.00531,0.74288
169.97,ETH-26JUN20,1579172342162,open,2.82,0.0,2.661,2.921,2.78286,108.57,None,0.0,ETH-26JUN20-640-P,162.05,0.0,0.01,50.0,0.0,0.0,0.0,0.15277,-0.05123,-2.79843,0.0011,-0.92953
166.2,ETH-27MAR20,1579172342162,open,0.0,2447.0,0.001,0.017,0.004627,118.63,0.003,0.0,ETH-27MAR20-520-C,162.05,111.91,0.003,520.0,0.006,946.0,123.16,0.0462,-0.03867,0.00735,0.00073,0.02739
162.92,SYN.ETH-31JAN20,1579172342162,open,0.01,2556.0,0.002,0.033,0.012712,89.35,0.014,0.0,ETH-31JAN20-200-C,162.05,85.57,0.011,520.0,0.014,650.0,92.06,0.07588,-0.22789,0.00896,0.00785,0.14765
169.97,ETH-26JUN20,1579172342164,open,0.14,1081.0,0.1,0.211,0.154968,93.08,0.146,0.0,ETH-26JUN20-220-C,162.05,85.49,0.135,417.0,0.15,140.0,91.2,0.44903,-0.1291,0.22818,0.00377,0.45768
169.97,ETH-26JUN20,1579172342164,open,0.02,1848.0,0.004,0.044,0.017268,108.32,0.012,0.0,ETH-26JUN20-640-C,162.05,105.67,0.015,420.0,0.019,130.0,110.21,0.15165,-0.05074,0.0396,0.00109,0.0698
166.2,ETH-27MAR20,1579172342164,open,0.41,1148.0,0.388,0.442,0.414637,93.2,0.346,0.0,ETH-27MAR20-100-C,162.05,0.0,0.398,45.0,0.425,43.0,108.23,0.10325,-0.06789,0.16484,0.00207,0.9254
169.97,ETH-26JUN20,1579172342164,open,2.12,0.0,1.98,2.205,2.085184,103.83,None,0.0,ETH-26JUN20-520-P,162.05,0.0,0.01,50.0,0.0,0.0,0.0,0.20121,-0.06453,-2.24892,0.00151,-0.89823
169.97,ETH-26JUN20,1579172342164,open,0.55,4.0,0.464,0.624,0.542025,93.11,0.934,0.0,ETH-26JUN20-240-P,162.05,0.0,0.01,50.0,0.0,0.0,0.0,0.43807,-0.12599,-0.85883,0.00367,-0.5973
169.97,ETH-26JUN20,1579172342168,open,1.88,0.0,1.754,1.968,1.853926,101.87,None,0.0,ETH-26JUN20-480-P,162.05,0.0,0.01,50.0,0.0,0.0,0.0,0.22217,-0.06991,-2.06326,0.0017,-0.88318
166.2,ETH-27MAR20,1579172342168,open,0.31,158.0,0.278,0.347,0.312691,86.27,0.211,0.0,ETH-27MAR20-120-C,162.05,54.21,0.286,41.0,0.327,41.0,99.7,0.16892,-0.1028,0.17418,0.00365,0.85241
162.92,SYN.ETH-31JAN20,1579172342168,open,0.25,0.0,0.198,0.287,0.240301,89.35,None,0.0,ETH-31JAN20-200-P,162.05,0.0,0.011,3.0,0.0,0.0,0.0,0.07588,-0.22789,-0.07255,0.00785,-0.85235
169.97,ETH-26JUN20,1579172342170,open,0.17,2644.0,0.128,0.242,0.185311,93.08,0.182,0.0,ETH-26JUN20-200-C,162.05,84.68,0.163,413.0,0.177,272.0,89.95,0.45106,-0.12968,0.25148,0.00378,0.51893
169.97,ETH-26JUN20,1579172342170,open,1.19,1.0,1.083,1.268,1.170867,95.8,1.827,0.0,ETH-26JUN20-360-P,162.05,0.0,0.015,2.0,0.0,0.0,0.0,0.3127,-0.09253,-1.48894,0.00255,-0.80436
169.97,ETH-26JUN20,1579172342170,open,0.05,1385.0,0.021,0.095,0.052722,95.73,0.058,0.0,ETH-26JUN20-360-C,162.05,93.68,0.049,437.0,0.056,10.0,97.5,0.31242,-0.09238,0.10751,0.00255,0.19535
162.92,SYN.ETH-31JAN20,1579172342170,open,0.0,4160.0,0.001,0.011,0.001173,115.16,0.003,0.0,ETH-31JAN20-100-P,162.05,0.0,0.0,0.0,0.002,397.0,125.14,0.01127,-0.04361,-0.00096,0.0009,-0.01335
166.2,ETH-27MAR20,1579172342172,open,0.96,10.0,0.876,1.018,0.942859,99.13,1.59,0.0,ETH-27MAR20-320-P,162.05,0.0,0.011,5.0,0.0,0.0,0.0,0.12856,-0.0899,-0.59473,0.00242,-0.89997
162.92,SYN.ETH-31JAN20,1579172342172,open,0.07,2480.0,0.038,0.102,0.069902,75.89,0.076,0.0,ETH-31JAN20-160-C,162.05,73.49,0.068,432.0,0.074,650.0,81.08,0.12875,-0.32843,0.03368,0.01568,0.57718
166.2,ETH-27MAR20,1579172342175,open,0.02,1621.0,0.005,0.034,0.016322,93.2,0.011,0.0,ETH-27MAR20-100-P,162.05,91.03,0.015,5.0,0.019,860.0,97.37,0.10325,-0.06789,-0.02934,0.00207,-0.0746
169.97,ETH-26JUN20,1579172342175,open,0.08,2030.0,0.053,0.134,0.090845,92.92,0.074,0.0,ETH-26JUN20-120-P,162.05,82.96,0.073,282.0,0.088,482.0,91.35,0.30876,-0.08862,-0.21292,0.00259,-0.19161
169.97,ETH-26JUN20,1579172342175,open,0.03,633.0,0.009,0.064,0.029732,101.75,0.024,0.0,ETH-26JUN20-480-C,162.05,99.6,0.027,420.0,0.032,10.0,103.45,0.22155,-0.06963,0.0653,0.0017,0.11636
169.97,ETH-26JUN20,1579172342175,open,0.02,315.0,0.005,0.048,0.019809,107.18,0.023,0.0,ETH-26JUN20-600-C,162.05,104.2,0.017,420.0,0.022,130.0,109.35,0.16707,-0.05531,0.0448,0.00122,0.07924
166.2,ETH-27MAR20,1579172342177,open,0.3,1147.0,0.228,0.342,0.283956,84.59,0.645,0.0,ETH-27MAR20-200-P,162.05,20.03,0.204,1.0,0.908,1.0,500.0,0.27844,-0.16616,-0.29232,0.00614,-0.62183
166.2,ETH-27MAR20,1579172342177,open,2.41,0.0,2.272,2.485,2.372915,119.99,None,0.0,ETH-27MAR20-560-P,162.05,0.0,0.02,50.0,0.0,0.0,0.0,0.037,-0.03132,-1.08175,0.00057,-0.97897
166.2,ETH-27MAR20,1579172342176,open,2.17,0.0,2.039,2.239,2.133388,118.63,None,0.0,ETH-27MAR20-520-P,162.05,0.0,0.006,50.0,0.0,0.0,0.0,0.0462,-0.03867,-1.00239,0.00073,-0.97261
169.97,ETH-26JUN20,1579172342177,open,1.42,0.0,1.305,1.499,1.396425,98.11,None,0.0,ETH-26JUN20-400-P,162.05,0.0,0.01,50.0,0.0,0.0,0.0,0.27851,-0.0844,-1.68375,0.00222,-0.83723
166.2,ETH-27MAR20,1579172342179,open,0.06,1678.0,0.028,0.097,0.059529,87.28,0.056,0.0,ETH-27MAR20-220-C,162.05,84.95,0.056,620.0,0.062,192.0,88.9,0.25297,-0.15576,0.07621,0.0054,0.29569
169.96,ETH-26JUN20,1579172342221,open,0.55,0.0,0.527,0.578,0.551651,93.03,None,0.0,ETH-26JUN20-80-C,162.05,61.89,0.533,51.0,0.567,51.0,109.72,0.14093,-0.0405,0.2901,0.00118,0.9365
166.2,ETH-27MAR20,1579172342232,open,0.5,118.0,0.427,0.552,0.487457,88.79,0.978,0.0,ETH-27MAR20-240-P,162.05,0.0,0.005,10.0,0.0,0.0,0.0,0.22163,-0.13883,-0.40627,0.00465,-0.7714
169.97,ETH-26JUN20,1579172342232,open,0.01,1447.0,0.001,0.02,0.008824,98.16,0.014,0.0,ETH-26JUN20-60-P,162.05,90.76,0.006,300.0,0.012,393.0,105.12,0.07152,-0.02168,-0.02734,0.00057,-0.02744
169.97,ETH-26JUN20,1579172342232,open,0.75,0.0,0.658,0.827,0.739554,93.12,None,0.0,ETH-26JUN20-280-P,162.05,0.0,0.011,3.0,0.0,0.0,0.0,0.39954,-0.11492,-1.07734,0.00335,-0.68964
172.5,SYN.ETH-25SEP20,1579172342231,open,0.57,0.0,0.545,0.604,0.574064,89.3,None,0.0,ETH-25SEP20-80-C,162.05,70.99,0.554,54.0,0.592,54.0,102.96,0.21337,-0.03768,0.41349,0.00116,0.92005
166.2,ETH-27MAR20,1579172342232,open,0.0,5092.0,0.001,0.011,0.001729,120.0,0.001,0.0,ETH-27MAR20-640-C,162.05,113.19,0.001,102.0,0.004,950.0,132.74,0.02146,-0.01816,0.00304,0.00033,0.01115
162.92,SYN.ETH-31JAN20,1579172342232,open,0.0,828.0,0.001,0.016,0.004178,108.94,0.006,0.0,ETH-31JAN20-240-C,162.05,102.66,0.003,1.0,0.005,300.0,112.73,0.03356,-0.12287,0.003,0.00285,0.04933
162.92,SYN.ETH-31JAN20,1579172342232,open,0.15,1414.0,0.122,0.185,0.154328,79.31,0.174,0.0,ETH-31JAN20-140-C,162.05,55.83,0.145,240.0,0.161,240.0,92.48,0.07744,-0.20644,0.04605,0.00903,0.84779
162.92,SYN.ETH-31JAN20,1579172342232,open,0.37,1.0,0.313,0.406,0.357106,99.07,0.739,0.0,ETH-31JAN20-220-P,162.05,0.0,0.011,3.0,0.0,0.0,0.0,0.04912,-0.16356,-0.08477,0.00458,-0.91952
166.2,ETH-27MAR20,1579172342234,open,0.07,588.0,0.037,0.106,0.068942,82.9,0.074,0.0,ETH-27MAR20-140-P,162.05,80.83,0.066,273.0,0.074,465.0,86.45,0.23619,-0.13813,-0.10523,0.00531,-0.25712
169.97,ETH-26JUN20,1579172342234,open,0.97,0.0,0.866,1.042,0.949991,93.68,1.06,0.0,ETH-26JUN20-320-P,162.05,0.0,0.015,2.0,0.0,0.0,0.0,0.35291,-0.10212,-1.28804,0.00294,-0.75872
166.2,ETH-27MAR20,1579172342234,open,0.01,1623.0,0.003,0.032,0.012336,103.73,0.014,0.0,ETH-27MAR20-360-C,162.05,99.63,0.01,560.0,0.014,260.0,106.4,0.1003,-0.0734,0.0192,0.0018,0.07183
166.2,ETH-27MAR20,1579172342234,open,0.01,1566.0,0.001,0.027,0.009267,108.16,0.011,0.0,ETH-27MAR20-400-C,162.05,103.09,0.007,560.0,0.011,260.0,111.55,0.08066,-0.06154,0.01454,0.00139,0.05431
162.92,SYN.ETH-31JAN20,1579172342234,open,0.14,27.0,0.093,0.176,0.133362,81.06,0.145,0.0,ETH-31JAN20-180-P,162.05,71.77,0.127,180.0,0.136,180.0,84.8,0.11418,-0.31111,-0.0554,0.01302,-0.70102
166.2,ETH-27MAR20,1579172342236,open,0.16,3329.0,0.117,0.202,0.159974,81.91,0.173,0.0,ETH-27MAR20-160-C,162.05,77.78,0.153,555.0,0.165,255.0,84.89,0.28048,-0.16208,0.14604,0.00638,0.61249
169.97,ETH-26JUN20,1579172342236,open,0.36,246.0,0.291,0.436,0.362059,93.11,0.312,0.0,ETH-26JUN20-200-P,162.05,19.69,0.184,1.0,0.381,1.0,100.25,0.45106,-0.12972,-0.63551,0.00378,-0.48101
169.97,ETH-26JUN20,1579172342236,open,0.05,719.0,0.025,0.082,0.050061,92.92,0.042,0.0,ETH-26JUN20-100-P,162.05,86.01,0.041,496.0,0.048,496.0,91.38,0.22866,-0.06563,-0.12946,0.00192,-0.12168
169.97,ETH-26JUN20,1579172342236,open,0.65,3.0,0.64,0.674,0.655799,98.11,0.588,0.0,ETH-26JUN20-60-C,162.05,68.33,0.648,57.0,0.662,57.0,110.91,0.07143,-0.02164,0.23881,0.00057,0.9726
166.2,ETH-27MAR20,1579172342236,open,1.44,5.0,1.339,1.503,1.416006,108.16,2.004,0.0,ETH-27MAR20-400-P,162.05,0.0,0.046,50.0,0.0,0.0,0.0,0.08066,-0.06154,-0.76218,0.00139,-0.94569
166.2,ETH-27MAR20,1579172342238,open,0.21,1521.0,0.145,0.249,0.19562,82.68,0.191,0.0,ETH-27MAR20-180-P,162.05,77.2,0.186,144.0,0.203,144.0,86.88,0.29198,-0.17031,-0.22923,0.00658,-0.51466
166.2,ETH-27MAR20,1579172342238,open,0.04,1648.0,0.015,0.062,0.034713,86.27,0.033,0.0,ETH-27MAR20-120-P,162.05,84.57,0.033,320.0,0.038,854.0,89.46,0.16892,-0.1028,-0.05883,0.00365,-0.14759
166.2,ETH-27MAR20,1579172342238,open,0.0,1824.0,0.001,0.014,0.003481,119.99,0.006,0.0,ETH-27MAR20-560-C,162.05,112.04,0.002,520.0,0.005,950.0,126.01,0.037,-0.03132,0.00566,0.00057,0.02103
166.2,ETH-27MAR20,1579172342238,open,0.01,1738.0,0.001,0.019,0.005655,115.36,0.008,0.0,ETH-27MAR20-480-C,162.05,109.74,0.004,520.0,0.007,220.0,119.18,0.05454,-0.04439,0.00897,0.00088,0.03346
169.97,ETH-26JUN20,1579172342238,open,0.02,1009.0,0.009,0.042,0.02235,93.07,0.036,0.0,ETH-26JUN20-80-P,162.05,88.89,0.019,500.0,0.025,500.0,96.19,0.14099,-0.04053,-0.06474,0.00118,-0.06353
162.92,SYN.ETH-31JAN20,1579172342238,open,0.01,2100.0,0.001,0.022,0.006758,99.07,0.007,0.0,ETH-31JAN20-220-C,162.05,92.78,0.005,820.0,0.008,1170.0,103.01,0.04912,-0.16356,0.0049,0.00458,0.08048
162.92,SYN.ETH-31JAN20,1579172342237,open,0.0,1592.0,0.001,0.013,0.003457,92.83,0.003,0.0,ETH-31JAN20-120-P,162.05,83.59,0.002,600.0,0.005,300.0,100.49,0.02962,-0.09243,-0.00303,0.00295,-0.04224
162.92,SYN.ETH-31JAN20,1579172342238,open,0.61,0.0,0.55,0.653,0.598289,115.26,None,0.0,ETH-31JAN20-260-P,162.05,0.0,0.011,3.0,0.0,0.0,0.0,0.02189,-0.0848,-0.10419,0.00176,-0.97079
166.2,ETH-27MAR20,1579172342240,open,0.03,2317.0,0.008,0.055,0.026503,94.21,0.031,0.0,ETH-27MAR20-280-C,162.05,91.69,0.024,560.0,0.028,240.0,95.67,0.16857,-0.11203,0.03893,0.00334,0.14713
166.2,ETH-27MAR20,1579172342240,open,2.66,0.0,2.506,2.731,2.61255,120.0,None,0.0,ETH-27MAR20-600-P,162.05,0.0,0.03,50.0,0.0,0.0,0.0,0.02815,-0.02383,-1.16094,0.00044,-0.98474
169.97,ETH-26JUN20,1579172342240,open,0.02,195.0,0.007,0.058,0.025641,103.67,0.026,0.0,ETH-26JUN20-520-C,162.05,101.37,0.023,420.0,0.028,130.0,105.63,0.20048,-0.0642,0.057,0.00151,0.10126
162.92,SYN.ETH-31JAN20,1579172342240,open,0.38,4.0,0.368,0.408,0.387379,115.16,0.4,0.0,ETH-31JAN20-100-C,162.05,0.0,0.377,38.0,0.396,38.0,172.21,0.01127,-0.04361,0.03979,0.0009,0.98665
166.2,ETH-27MAR20,1579172342243,open,2.9,0.0,2.739,2.977,2.852512,120.0,None,0.0,ETH-27MAR20-640-P,162.05,0.0,0.01,50.0,0.0,0.0,0.0,0.02146,-0.01816,-1.23971,0.00033,-0.98885
169.97,ETH-26JUN20,1579172342245,open,1.65,0.0,1.528,1.732,1.623744,99.7,None,0.0,ETH-26JUN20-440-P,162.05,0.0,0.01,50.0,0.0,0.0,0.0,0.24646,-0.0759,-1.87561,0.00193,-0.86444
169.97,ETH-26JUN20,1579172342245,open,2.59,0.0,2.434,2.682,2.550051,107.39,None,0.0,ETH-26JUN20-600-P,162.05,0.0,0.01,50.0,0.0,0.0,0.0,0.16805,-0.05574,-2.61586,0.00122,-0.92014
166.2,ETH-27MAR20,1579172342247,open,0.01,1192.0,0.001,0.021,0.006687,110.78,0.008,0.0,ETH-27MAR20-440-C,162.05,105.93,0.005,560.0,0.008,260.0,114.04,0.06315,-0.04935,0.01076,0.00106,0.04003
166.2,ETH-27MAR20,1579172342389,open,0.4,800.0,0.324,0.446,0.383235,87.28,0.34,0.0,ETH-27MAR20-220-P,162.05,55.3,0.341,22.0,0.426,22.0,113.84,0.25297,-0.15576,-0.35098,0.0054,-0.70431
166.2,ETH-27MAR20,1579172342779,open,0.36,20.0,0.331,0.392,0.361624,88.67,0.272,0.0,ETH-27MAR20-110-C,162.05,43.4,0.339,42.0,0.373,42.0,101.88,0.1335,-0.08351,0.17202,0.00281,0.89464
169.97,ETH-26JUN20,1579172342781,open,0.37,321.0,0.339,0.429,0.384818,92.9,0.314,0.0,ETH-26JUN20-120-C,162.05,67.01,0.34,47.0,0.394,47.0,97.94,0.30874,-0.08859,0.31932,0.00259,0.80841
164.56,SYN.ETH-28FEB20,1579172342962,open,0.05,38.0,0.019,0.072,0.042519,79.39,0.043,0.0,ETH-28FEB20-140-P,162.05,76.96,0.04,500.0,0.045,472.0,81.73,0.17236,-0.15957,-0.0532,0.00683,-0.23266
162.51,SYN.ETH-24JAN20,1579172343015,open,0.0,26.0,0.001,0.011,0.000122,120.0,0.001,0.0,ETH-24JAN20-100-P,162.05,0.0,0.0,0.0,0.001,1.0,153.93,0.00167,-0.01276,-8e-05,0.00024,-0.00224
162.51,SYN.ETH-24JAN20,1579172343015,open,0.31,0.0,0.255,0.34,0.295363,102.76,None,0.0,ETH-24JAN20-210-P,162.05,0.0,0.0,0.0,0.0,0.0,0.0,0.02552,-0.16649,-0.04359,0.00436,-0.94769
162.1,SYN.ETH-17JAN20,1579172343015,open,0.0,1405.0,0.001,0.025,0.00448,100.55,0.002,0.0,ETH-17JAN20-170-C,162.05,87.95,0.003,240.0,0.006,950.0,112.09,0.02034,-0.72629,0.00066,0.03208,0.17325
162.51,SYN.ETH-24JAN20,1579172343015,open,0.19,0.0,0.138,0.221,0.177908,91.42,None,0.0,ETH-24JAN20-190-P,162.05,0.0,0.0,0.0,0.0,0.0,0.0,0.0522,-0.30296,-0.03652,0.01002,-0.86359
162.1,SYN.ETH-17JAN20,1579172343017,open,0.12,0.0,0.079,0.148,0.111056,112.45,None,0.0,ETH-17JAN20-180-P,162.05,0.0,0.107,60.0,0.114,60.0,161.26,0.00547,-0.30767,-0.0042,0.00772,-0.96953
162.1,SYN.ETH-17JAN20,1579172343017,open,0.0,1673.0,0.001,0.011,0.000639,112.45,0.001,0.0,ETH-17JAN20-180-C,162.05,0.0,0.0,0.0,0.002,145.0,140.18,0.00547,-0.10357,0.00012,0.00772,0.03047
162.1,SYN.ETH-17JAN20,1579172343017,open,0.0,619.0,0.001,0.011,6.7e-05,120.0,0.002,0.0,ETH-17JAN20-190-C,162.05,0.0,0.0,0.0,0.001,701.0,170.65,0.00089,-0.01087,1e-05,0.00118,0.00377
162.51,SYN.ETH-24JAN20,1579172343017,open,0.0,5.0,0.001,0.015,0.003144,102.76,0.004,0.0,ETH-24JAN20-210-C,162.05,94.53,0.002,300.0,0.004,1.0,107.85,0.02552,-0.16649,0.00172,0.00436,0.05231
162.51,SYN.ETH-24JAN20,1579172343019,open,0.25,0.0,0.196,0.28,0.236171,98.69,None,0.0,ETH-24JAN20-200-P,162.05,0.0,0.0,0.0,0.0,0.0,0.0,0.03781,-0.23689,-0.0403,0.00672,-0.91297
162.1,SYN.ETH-17JAN20,1579172343019,open,0.18,0.0,0.138,0.21,0.172174,120.0,None,0.0,ETH-17JAN20-190-P,162.05,0.0,0.0,0.0,0.0,0.0,0.0,0.00089,-0.05346,-0.00454,0.00118,-0.99623
8845.5,BTC-27MAR20,1579172343037,open,3.52,1.0,3.4335,3.6165,3.52233969,110.35,4.54,0.0,BTC-27MAR20-40000-P,8641.35,0.0,0.0005,2.0,0.0,0.0,0.0,0.26038,-0.2027,-77.64018,0.0,-0.99788
8764.86,SYN.BTC-28FEB20,1579172343036,open,0.02,59.6,0.005,0.0355,0.01514161,73.8,0.017,0.0,BTC-28FEB20-12000-C,8641.35,71.51,0.0135,62.0,0.016,24.0,74.96,6.43282,-5.5364,1.2064,0.0001,0.13231
8845.5,BTC-27MAR20,1579172343038,open,0.34,24.1,0.3145,0.359,0.33488545,71.02,0.35,0.0,BTC-27MAR20-6000-C,8641.35,36.05,0.322,11.0,0.3505,9.9,90.93,5.86293,-2.93749,10.0286,5e-05,0.91875
8764.86,SYN.BTC-28FEB20,1579172343036,open,0.01,3.0,0.0025,0.0315,0.01241156,76.17,0.0135,0.0,BTC-28FEB20-12500-C,8641.35,73.91,0.011,63.0,0.013,24.0,77.08,5.63049,-5.00158,0.99969,8e-05,0.10951
9127.73,SYN.BTC-25SEP20,1579172343036,open,0.11,128.8,0.076,0.158,0.11134071,72.18,0.1,0.0,BTC-25SEP20-7000-P,8641.35,70.06,0.106,8.0,0.11,0.3,71.65,23.01308,-3.28432,-21.52209,6e-05,-0.229
8764.86,SYN.BTC-28FEB20,1579172343036,open,0.01,374.0,0.001,0.0255,0.01067958,70.36,0.011,0.0,BTC-28FEB20-6500-P,8641.35,69.09,0.01,24.0,0.0115,39.0,71.85,4.75124,-3.89835,-1.00435,7e-05,-0.08687
8764.86,SYN.BTC-28FEB20,1579172343036,open,0.1,102.7,0.0725,0.138,0.10208101,63.65,0.1,0.0,BTC-28FEB20-9000-P,8641.35,61.4,0.099,25.4,0.1045,14.4,65.42,11.98344,-8.89487,-6.24938,0.00021,-0.5049
8684.27,SYN.BTC-31JAN20,1579172343036,open,0.0,0.0525,0.1025,0.0756212,59.13,None,0.0,BTC-31JAN20-8250-C,8641.35,18.76,0.0515,11.0,0.08,11.0,65.21,6.20466,-12.33153,2.16645,0.00034,0.68773
8684.27,SYN.BTC-31JAN20,1579172343038,open,0.11,7.9,0.0855,0.1445,0.11285152,63.19,0.1035,0.0,BTC-31JAN20-9500-P,8641.35,0.0,0.0935,2.0,0.2625,4.7,254.64,5.69889,-12.10382,-3.01466,0.00029,-0.73892
8684.27,SYN.BTC-31JAN20,1579172343037,open,0.1,0.0235,0.0705,0.04398766,59.01,0.042,0.0,BTC-31JAN20-8750-C,8641.35,57.16,0.0425,18.0,0.0455,14.0,60.89,6.99411,-13.87223,1.60869,0.00039,0.49851
8764.86,SYN.BTC-28FEB20,1579172343051,open,0.03,231.6,0.013,0.052,0.02860594,64.23,0.03,0.0,BTC-28FEB20-7500-P,8641.35,63.09,0.0275,34.3,0.03,34.7,65.65,8.57638,-6.42381,-2.42236,0.00015,-0.20667
8764.86,SYN.BTC-28FEB20,1579172343036,open,0.02,40.1,0.0065,0.041,0.01893005,71.59,0.0195,0.0,BTC-28FEB20-11500-C,8641.35,69.87,0.0175,56.3,0.0195,19.3,72.26,7.38352,-6.16417,1.4782,0.00011,0.1625
8643.97,SYN.BTC-17JAN20,1579172343036,open,0.02,393.4,0.003,0.044,0.0220999,61.8,0.0205,0.0,BTC-17JAN20-8500-C,8641.35,55.05,0.021,6.0,0.023,20.0,67.15,1.43582,-44.36519,0.14383,0.0013,0.71567
8643.97,SYN.BTC-17JAN20,1579172343036,open,0.01,439.2,0.0005,0.0255,0.0069428,61.55,0.007,0.0,BTC-17JAN20-8750-C,8641.35,56.3,0.006,39.0,0.008,15.6,67.34,1.5658,-48.18419,0.07084,0.00142,0.34851
162.1,SYN.ETH-17JAN20,1579172343089,open,0.19,347.0,0.174,0.222,0.198033,120.07,0.197,0.0,ETH-17JAN20-130-C,162.05,0.0,0.186,30.0,0.211,30.0,416.67,2e-05,-0.00149,0.00312,3e-05,0.99992
162.92,SYN.ETH-31JAN20,1579172343162,open,0.03,433.0,0.008,0.054,0.027569,76.31,0.031,0.0,ETH-31JAN20-150-P,162.05,72.43,0.025,755.0,0.03,925.0,79.93,0.10871,-0.27882,-0.01975,0.01317,-0.2698
162.92,SYN.ETH-31JAN20,1579172343162,open,0.0,789.0,0.001,0.011,0.000418,119.99,0.001,0.0,ETH-31JAN20-90-P,162.05,0.0,0.0,0.0,0.001,2.0,134.13,0.00481,-0.01942,-0.00036,0.00037,-0.00507
162.92,SYN.ETH-31JAN20,1579172343164,open,0.0,1245.0,0.001,0.011,0.00187,102.4,0.001,0.0,ETH-31JAN20-110-P,162.05,92.78,0.001,334.0,0.003,3.0,111.4,0.01764,-0.0607,-0.00162,0.00159,-0.02257
164.56,SYN.ETH-28FEB20,1579172343176,open,0.01,154.0,0.001,0.025,0.010694,88.81,0.016,0.0,ETH-28FEB20-110-P,162.05,84.99,0.009,560.0,0.012,240.0,91.58,0.07576,-0.07847,-0.01561,0.00268,-0.07004
164.56,SYN.ETH-28FEB20,1579172343176,open,0.02,198.0,0.005,0.036,0.016997,84.22,0.015,0.0,ETH-28FEB20-120-P,162.05,82.63,0.016,564.0,0.019,540.0,87.3,0.10452,-0.10265,-0.02412,0.0039,-0.10779
164.56,SYN.ETH-28FEB20,1579172343179,open,0.45,20.0,0.438,0.478,0.457405,101.7,0.328,0.0,ETH-28FEB20-90-C,162.05,0.0,0.453,3.0,0.465,43.0,126.87,0.03661,-0.04342,0.09941,0.00113,0.97165
164.56,SYN.ETH-28FEB20,1579172343179,open,0.23,28.0,0.204,0.27,0.237183,81.17,0.249,0.0,ETH-28FEB20-130-C,162.05,45.6,0.214,39.0,0.251,39.0,96.72,0.13832,-0.13094,0.11615,0.00536,0.83804
164.56,SYN.ETH-28FEB20,1579172343183,open,0.06,583.0,0.028,0.091,0.057344,81.19,0.066,0.0,ETH-28FEB20-190-C,162.05,78.56,0.054,459.0,0.06,180.0,83.27,0.20954,-0.1984,0.05714,0.00811,0.35293
164.56,SYN.ETH-28FEB20,1579172343183,open,0.22,0.0,0.164,0.262,0.211934,81.19,None,0.0,ETH-28FEB20-190-P,162.05,0.0,0.001,5.0,0.0,0.0,0.0,0.20954,-0.1984,-0.16605,0.00811,-0.64707
164.56,SYN.ETH-28FEB20,1579172343183,open,0.15,216.0,0.114,0.189,0.152283,78.34,0.152,0.0,ETH-28FEB20-150-C,162.05,74.82,0.148,364.0,0.158,144.0,83.01,0.20059,-0.18325,0.10281,0.00805,0.68414
164.56,SYN.ETH-28FEB20,1579172343183,open,0.18,1.0,0.122,0.214,0.166912,79.88,0.148,0.0,ETH-28FEB20-180-P,162.05,74.71,0.16,144.0,0.17,144.0,82.17,0.22095,-0.20581,-0.14354,0.0087,-0.57562
164.56,SYN.ETH-28FEB20,1579172343232,open,0.44,0.0,0.37,0.479,0.421809,88.39,None,0.0,ETH-28FEB20-230-P,162.05,0.0,0.0,0.0,0.0,0.0,0.0,0.1428,-0.14719,-0.24196,0.00508,-0.82987
164.56,SYN.ETH-28FEB20,1579172343232,open,0.03,0.0,0.01,0.057,0.02962,86.63,None,0.0,ETH-28FEB20-220-C,162.05,83.89,0.027,295.0,0.032,192.0,89.05,0.15951,-0.16115,0.0336,0.00579,0.20342
162.92,SYN.ETH-31JAN20,1579172343232,open,0.19,0.0,0.143,0.229,0.184469,84.23,None,0.0,ETH-31JAN20-190-P,162.05,0.0,0.0,0.0,0.0,0.0,0.0,0.09381,-0.26559,-0.06495,0.0103,-0.79367
164.56,SYN.ETH-28FEB20,1579172343232,open,0.32,0.0,0.262,0.367,0.312577,84.66,None,0.0,ETH-28FEB20-210-P,162.05,0.0,0.0,0.0,0.0,0.0,0.0,0.1767,-0.17446,-0.20667,0.00656,-0.75654
164.56,SYN.ETH-28FEB20,1579172343232,open,0.38,0.0,0.315,0.422,0.366514,86.63,None,0.0,ETH-28FEB20-220-P,162.05,0.0,0.0,0.0,0.0,0.0,0.0,0.15951,-0.16115,-0.22483,0.00579,-0.79658
164.56,SYN.ETH-28FEB20,1579172343232,open,0.49,0.0,0.426,0.537,0.478538,90.45,None,0.0,ETH-28FEB20-240-P,162.05,0.0,0.0,0.0,0.0,0.0,0.0,0.12799,-0.13501,-0.25796,0.00445,-0.85593
164.56,SYN.ETH-28FEB20,1579172343232,open,0.02,0.0,0.006,0.044,0.020108,90.45,None,0.0,ETH-28FEB20-240-C,162.05,86.32,0.017,540.0,0.022,240.0,92.84,0.12799,-0.13501,0.02396,0.00445,0.14407
162.92,SYN.ETH-31JAN20,1579172343232,open,0.01,0.0,0.001,0.027,0.009172,94.4,None,0.0,ETH-31JAN20-210-C,162.05,88.25,0.007,600.0,0.011,1250.0,99.08,0.06108,-0.19382,0.00657,0.00598,0.10811
162.92,SYN.ETH-31JAN20,1579172343232,open,0.31,0.0,0.255,0.346,0.29814,94.4,None,0.0,ETH-31JAN20-210-P,162.05,0.0,0.0,0.0,0.0,0.0,0.0,0.06108,-0.19382,-0.07902,0.00598,-0.89189
164.56,SYN.ETH-28FEB20,1579172343232,open,0.03,1.0,0.014,0.066,0.036451,84.66,0.032,0.0,ETH-28FEB20-210-C,162.05,81.41,0.033,291.0,0.039,192.0,87.02,0.1767,-0.17446,0.04002,0.00656,0.24346
164.56,SYN.ETH-28FEB20,1579172343232,open,0.02,0.0,0.008,0.049,0.024147,88.39,None,0.0,ETH-28FEB20-230-C,162.05,84.67,0.021,490.0,0.026,192.0,90.5,0.1428,-0.14719,0.02822,0.00508,0.17013
162.1,SYN.ETH-17JAN20,1579172343234,open,0.19,347.0,0.174,0.222,0.198033,120.07,0.197,0.0,ETH-17JAN20-130-C,162.05,0.0,0.185,30.0,0.211,30.0,416.67,2e-05,-0.00149,0.00312,3e-05,0.99992
162.1,SYN.ETH-17JAN20,1579172343242,open,0.13,1420.0,0.11,0.163,0.136454,120.0,0.167,0.0,ETH-17JAN20-140-C,162.05,0.0,0.121,29.0,0.153,29.0,344.65,0.00131,-0.07879,0.00334,0.00174,0.99418
162.51,SYN.ETH-24JAN20,1579172343245,open,0.14,701.0,0.115,0.174,0.144676,83.42,0.146,0.0,ETH-24JAN20-140-C,162.05,0.0,0.138,1.0,0.166,32.0,143.4,0.04208,-0.22283,0.02646,0.00885,0.8994
172.5,SYN.ETH-25SEP20,1579172343247,open,0.41,0.0,0.37,0.464,0.418113,86.31,0.359,0.0,ETH-25SEP20-120-C,162.05,72.95,0.388,51.0,0.449,51.0,99.73,0.39425,-0.06728,0.46394,0.00222,0.80631
8643.97,SYN.BTC-17JAN20,1579172343314,open,0.37,7.0,0.351,0.376,0.36371978,241.38,0.365,0.0,BTC-17JAN20-5500-C,8641.35,0.0,0.357,8.0,0.369,8.0,500.0,0.0009,-0.10841,0.13194,0.0,0.99995
172.51,SYN.ETH-25SEP20,1579172343433,open,0.2,8.0,0.139,0.261,0.200097,86.71,0.222,0.0,ETH-25SEP20-220-C,162.05,86.68,0.2,594.0,0.21,110.0,89.69,0.57268,-0.09818,0.36986,0.0032,0.50955
172.51,SYN.ETH-25SEP20,1579172343488,open,0.3,21.0,0.248,0.362,0.306447,85.77,0.318,0.0,ETH-25SEP20-160-C,162.05,81.61,0.294,120.0,0.315,120.0,88.64,0.51476,-0.08729,0.4442,0.00291,0.67811
172.51,SYN.ETH-25SEP20,1579172343488,open,0.02,812.0,0.007,0.032,0.016682,92.31,0.028,0.0,ETH-25SEP20-60-P,162.05,89.88,0.015,300.0,0.019,170.0,95.49,0.12201,-0.02227,-0.06692,0.00064,-0.03931
172.51,SYN.ETH-25SEP20,1579172343488,open,0.24,0.0,0.172,0.298,0.233971,85.79,None,0.0,ETH-25SEP20-160-P,162.05,83.45,0.227,234.0,0.245,726.0,89.49,0.51475,-0.08731,-0.66433,0.00291,-0.32187
172.51,SYN.ETH-25SEP20,1579172343488,open,0.17,369.0,0.116,0.224,0.168709,85.81,0.15,0.0,ETH-25SEP20-140-P,162.05,83.69,0.163,262.0,0.176,432.0,88.52,0.46391,-0.07871,-0.51001,0.00262,-0.25801
172.51,SYN.ETH-25SEP20,1579172343488,open,0.04,317.0,0.018,0.064,0.037826,89.31,0.06,0.0,ETH-25SEP20-80-P,162.05,87.0,0.035,300.0,0.042,470.0,92.63,0.21337,-0.03768,-0.14076,0.00116,-0.07995
172.51,SYN.ETH-25SEP20,1579172343488,open,0.07,188.0,0.039,0.106,0.069853,87.33,0.116,0.0,ETH-25SEP20-100-P,162.05,85.16,0.066,291.0,0.076,461.0,90.74,0.30813,-0.0532,-0.24211,0.00171,-0.13272
172.51,SYN.ETH-25SEP20,1579172343491,open,0.12,636.0,0.072,0.16,0.113755,86.31,0.156,0.0,ETH-25SEP20-120-P,162.05,83.79,0.108,277.0,0.122,977.0,89.91,0.39425,-0.06728,-0.36743,0.00222,-0.19367
8764.86,SYN.BTC-28FEB20,1579172343544,open,0.03,231.6,0.013,0.052,0.02860607,64.23,0.03,0.0,BTC-28FEB20-7500-P,8641.35,63.09,0.0275,34.3,0.03,19.7,65.65,8.57638,-6.42381,-2.42236,0.00015,-0.20667
164.56,SYN.ETH-28FEB20,1579172343634,open,0.04,1232.0,0.02,0.077,0.045219,82.63,0.047,0.0,ETH-28FEB20-200-C,162.05,79.88,0.042,465.0,0.048,180.0,84.98,0.19374,-0.18669,0.04774,0.00737,0.29217
164.56,SYN.ETH-28FEB20,1579172343634,open,0.27,0.0,0.211,0.313,0.260577,82.63,None,0.0,ETH-28FEB20-200-P,162.05,0.0,0.001,5.0,0.0,0.0,0.0,0.19374,-0.18669,-0.1872,0.00737,-0.70783
164.56,SYN.ETH-28FEB20,1579172343634,open,0.0,1339.0,0.001,0.012,0.002402,107.44,0.001,0.0,ETH-28FEB20-80-P,162.05,94.36,0.001,260.0,0.004,396.0,117.3,0.02266,-0.02839,-0.00357,0.00066,-0.01607
172.51,SYN.ETH-25SEP20,1579172343793,open,0.04,0.0,0.014,0.084,0.040837,102.16,None,0.0,ETH-25SEP20-640-C,162.05,97.52,0.033,300.0,0.048,300.0,106.03,0.30712,-0.06204,0.10906,0.00146,0.13209
172.51,SYN.ETH-25SEP20,1579172343793,open,2.79,0.0,2.619,2.9,2.75093,102.28,None,0.0,ETH-25SEP20-640-P,162.05,0.0,0.0,0.0,0.0,0.0,0.0,0.30793,-0.06228,-4.32458,0.00146,-0.86741
162.51,SYN.ETH-24JAN20,1579172343911,open,0.14,701.0,0.115,0.174,0.144676,83.42,0.146,0.0,ETH-24JAN20-140-C,162.05,0.0,0.138,1.0,0.167,32.0,145.77,0.04208,-0.22283,0.02646,0.00885,0.8994
172.51,SYN.ETH-25SEP20,1579172343913,open,0.48,0.0,0.451,0.529,0.490174,87.31,None,0.0,ETH-25SEP20-100-C,162.05,71.3,0.463,52.0,0.515,52.0,100.85,0.3081,-0.05319,0.45077,0.00171,0.8673
172.51,SYN.ETH-25SEP20,1579172343915,open,0.41,0.0,0.37,0.464,0.418136,86.3,0.359,0.0,ETH-25SEP20-120-C,162.05,72.48,0.387,51.0,0.449,51.0,99.72,0.39424,-0.06727,0.464,0.00222,0.80634
172.51,SYN.ETH-25SEP20,1579172343917,open,0.35,23.0,0.303,0.409,0.357149,85.79,0.332,0.0,ETH-25SEP20-140-C,162.05,72.75,0.322,52.0,0.394,52.0,99.57,0.46392,-0.0787,0.45998,0.00262,0.74199
9127.65,SYN.BTC-25SEP20,1579172344025,open,0.03,24.0,0.0105,0.07,0.02983296,92.66,0.0315,0.0,BTC-25SEP20-32000-C,8641.35,91.78,0.0285,6.4,0.0305,10.0,93.09,14.03488,-2.5713,4.90023,3e-05,0.10732
8845.44,BTC-27MAR20,1579172344042,open,0.29,0.0,0.2625,0.3125,0.28554761,68.29,None,0.0,BTC-27MAR20-6500-C,8641.37,0.0,0.2645,11.0,0.305,11.0,87.94,7.80394,-3.75983,10.20784,8e-05,0.87985
8845.44,BTC-27MAR20,1579172344042,open,0.03,0.4,0.0095,0.052,0.02486697,75.88,0.029,0.0,BTC-27MAR20-13000-C,8641.37,74.61,0.0235,14.8,0.0255,19.3,76.46,9.5795,-5.12815,2.36366,8e-05,0.16248
8845.44,BTC-27MAR20,1579172344042,open,0.02,0.0,0.0085,0.041,0.02038453,68.29,None,0.0,BTC-27MAR20-6500-P,8641.37,67.28,0.0195,14.9,0.0215,24.0,69.54,7.80328,-3.7592,-2.41353,8e-05,-0.12013
8845.44,BTC-27MAR20,1579172344042,open,0.49,0.0,0.482,0.5095,0.49447402,82.79,None,0.0,BTC-27MAR20-4500-C,8641.37,0.0,0.485,13.0,0.5025,13.0,107.02,1.96167,-1.14576,8.32339,2e-05,0.97907
8845.44,BTC-27MAR20,1579172344042,open,0.49,0.0,0.454,0.544,0.49454082,75.87,None,0.0,BTC-27MAR20-13000-P,8641.37,0.0,0.0,0.0,0.0,0.0,0.0,9.57799,-5.12671,-22.88025,8e-05,-0.83756
8845.44,BTC-27MAR20,1579172344042,open,0.2,0.0,0.171,0.2335,0.2000003,66.4,None,0.0,BTC-27MAR20-7500-C,8641.37,63.08,0.1955,8.7,0.202,12.0,67.86,12.08362,-5.66001,9.63954,0.00012,0.76122
8845.44,BTC-27MAR20,1579172344042,open,0.71,0.0,0.6685,0.762,0.71052828,81.83,None,0.0,BTC-27MAR20-15000-P,8641.37,0.0,0.0,0.0,0.0,0.0,0.0,6.81668,-3.93535,-27.67077,5e-05,-0.90048
8845.44,BTC-27MAR20,1579172344042,open,0.0,0.0,0.0005,0.013,0.00320728,82.78,None,0.0,BTC-27MAR20-4500-P,8641.37,79.35,0.0025,39.0,0.004,58.0,86.12,1.96042,-1.14481,-0.41438,2e-05,-0.02092
8845.44,BTC-27MAR20,1579172344042,open,0.39,0.0,0.3695,0.4075,0.38651031,74.16,None,0.0,BTC-27MAR20-5500-C,8641.37,0.0,0.372,12.0,0.399,12.0,94.95,4.20401,-2.19936,9.62884,4e-05,0.94711
8845.44,BTC-27MAR20,1579172344043,open,0.01,0.0,0.0005,0.021,0.0082954,74.15,None,0.0,BTC-27MAR20-5500-P,8641.37,72.43,0.0075,39.0,0.009,24.0,75.6,4.20296,-2.19855,-1.0507,4e-05,-0.05288
8845.44,BTC-27MAR20,1579172344043,open,0.29,0.0,0.2525,0.34,0.29256722,70.48,None,0.0,BTC-27MAR20-11000-P,8641.37,0.0,0.0,0.0,0.0,0.0,0.0,13.39205,-6.65849,-17.18039,0.00013,-0.70768
8845.44,BTC-27MAR20,1579172344042,open,0.02,0.0,0.0045,0.037,0.01475077,81.85,None,0.0,BTC-27MAR20-15000-C,8641.37,80.19,0.0135,15.0,0.0155,24.0,82.81,6.81931,-3.93758,1.45693,5e-05,0.09957
8845.44,BTC-27MAR20,1579172344043,open,0.05,1.4,0.0265,0.078,0.04788905,66.39,0.049,0.0,BTC-27MAR20-7500-P,8641.37,65.01,0.046,13.1,0.049,19.3,67.2,12.08339,-5.65955,-4.92372,0.00012,-0.23877
8993.12,BTC-26JUN20,1579172344043,open,0.02,49.9,0.0045,0.0435,0.01576647,95.27,0.0135,0.0,BTC-26JUN20-28000-C,8641.37,93.23,0.014,36.0,0.017,36.0,96.61,8.07549,-2.37633,2.17849,2e-05,0.07039
8845.44,BTC-27MAR20,1579172344043,open,2.39,0.0,2.3255,2.4685,2.39323616,110.12,None,0.0,BTC-27MAR20-30000-P,8641.37,0.0,0.0,0.0,0.0,0.0,0.0,1.17099,-0.90965,-58.0854,1e-05,-0.98853
8845.44,BTC-27MAR20,1579172344043,open,0.07,1709.0,0.0445,0.1085,0.0724417,68.26,0.0725,0.0,BTC-27MAR20-10000-C,8641.37,67.41,0.071,12.3,0.073,19.3,68.59,15.04311,-7.24402,5.59886,0.00015,0.39841
8845.44,BTC-27MAR20,1579172344043,open,1.04,0.0,0.998,1.099,1.0435556,90.95,1.23,0.0,BTC-27MAR20-18000-P,8641.37,0.0,0.0125,1.0,0.0,0.0,0.0,4.51808,-2.899,-34.10496,3e-05,-0.94205
8845.44,BTC-27MAR20,1579172344044,open,0.44,1.1,0.4255,0.458,0.43991348,78.07,0.4155,0.0,BTC-27MAR20-5000-C,8641.37,0.0,0.4345,12.1,0.45,12.0,100.46,2.91314,-1.60445,9.04281,2e-05,0.96639
8845.44,BTC-27MAR20,1579172344043,open,0.0,150.6,0.0005,0.0105,0.00075992,110.0,0.001,0.0,BTC-27MAR20-34000-C,8641.37,105.72,0.0005,49.2,0.002,78.0,121.85,0.62495,-0.48497,0.08341,0.0,0.00562
8993.12,BTC-26JUN20,1579172344043,open,1.47,0.0,1.409,1.5485,1.47101872,88.16,None,0.0,BTC-26JUN20-22000-P,8641.37,0.0,0.11,1.0,2.22,0.1,433.12,11.21112,-3.05286,-94.19426,4e-05,-0.89068
8845.44,BTC-27MAR20,1579172344043,open,2.62,0.0,2.547,2.6975,2.6187706,109.74,None,0.0,BTC-27MAR20-32000-P,8641.37,0.0,0.001,1.0,0.0,0.0,0.0,0.83765,-0.6485,-62.02192,1e-05,-0.99218
8845.44,BTC-27MAR20,1579172344043,open,0.0,177.3,0.0005,0.011,0.00111191,110.0,0.002,0.0,BTC-27MAR20-32000-C,8641.37,108.79,0.001,115.4,0.002,24.0,117.36,0.85147,-0.66075,0.11778,1e-05,0.00797
8845.44,BTC-27MAR20,1579172344044,open,0.0,163.2,0.0005,0.0115,0.0016429,110.0,0.0015,0.0,BTC-27MAR20-30000-C,8641.37,108.88,0.0015,15.0,0.0025,68.0,115.58,1.1633,-0.90273,0.16737,1e-05,0.01139
8993.12,BTC-26JUN20,1579172344043,open,1.91,0.0,1.841,1.993,1.90917704,93.13,None,0.0,BTC-26JUN20-26000-P,8641.37,0.0,0.0005,1.0,0.0,0.0,0.0,8.94743,-2.57391,-112.81823,3e-05,-0.91948
8845.44,BTC-27MAR20,1579172344044,open,1.72,0.0,1.661,1.782,1.71698711,103.54,None,0.0,BTC-27MAR20-24000-P,8641.37,0.0,0.0005,5.0,0.0,0.0,0.0,2.2799,-1.66532,-46.23736,1e-05,-0.97498
8845.44,BTC-27MAR20,1579172344044,open,0.82,1.2,0.778,0.873,0.82072427,84.75,0.95,0.0,BTC-27MAR20-16000-P,8641.37,0.0,0.0035,5.0,0.95,0.1,184.08,5.83375,-3.48788,-29.88655,5e-05,-0.91929
8643.87,SYN.BTC-17JAN20,1579172344043,open,0.05,1384.6,0.0265,0.0695,0.0472774,74.63,0.0465,0.0,BTC-17JAN20-8250-C,8641.37,0.0,0.044,1.0,0.0485,1.0,87.43,0.73109,-27.27974,0.17729,0.00055,0.90219
8845.44,BTC-27MAR20,1579172344044,open,0.04,1761.7,0.0155,0.0645,0.03414334,73.0,0.0375,0.0,BTC-27MAR20-12000-C,8641.37,71.71,0.0325,14.2,0.035,19.3,73.66,11.40565,-5.87362,3.11569,0.0001,0.21554
8845.46,BTC-27MAR20,1579172344044,open,0.01,1617.4,0.002,0.032,0.01189492,84.77,0.0135,0.0,BTC-27MAR20-16000-C,8641.37,82.58,0.0105,65.0,0.0125,24.0,85.67,5.83696,-3.49055,1.18304,5e-05,0.08077
8845.46,BTC-27MAR20,1579172344044,open,0.03,1058.4,0.015,0.0565,0.03130273,66.57,0.0325,0.0,BTC-27MAR20-7000-P,8641.37,65.86,0.0305,14.1,0.033,39.5,68.07,9.95628,-4.67596,-3.50063,0.0001,-0.17251
8764.79,SYN.BTC-28FEB20,1579172344042,open,0.38,0.0,0.3495,0.4255,0.38424415,73.79,None,0.0,BTC-28FEB20-12000-P,8641.37,0.0,0.0,0.0,0.0,0.0,0.0,6.43051,-5.53329,-12.8903,0.0001,-0.86775
8845.46,BTC-27MAR20,1579172344044,open,0.0,161.2,0.0005,0.0155,0.00374309,103.61,0.004,0.0,BTC-27MAR20-24000-C,8641.37,100.52,0.003,15.0,0.0045,81.0,106.36,2.28734,-1.6719,0.36719,1e-05,0.02512
8845.46,BTC-27MAR20,1579172344044,open,0.13,161.4,0.0925,0.1675,0.12625705,66.39,0.126,0.0,BTC-27MAR20-9000-P,8641.37,65.39,0.1245,8.7,0.129,1.0,67.96,15.49124,-7.25568,-10.16071,0.00015,-0.4653
8993.14,BTC-26JUN20,1579172344044,open,1.69,0.0,1.6245,1.77,1.68952485,90.64,None,0.0,BTC-26JUN20-24000-P,8641.37,0.0,0.0005,1.0,0.0,0.0,0.0,9.93965,-2.7827,-103.57282,3e-05,-0.90732
8845.46,BTC-27MAR20,1579172344044,open,0.01,309.8,0.0005,0.015,0.00517265,78.06,0.005,0.0,BTC-27MAR20-5000-P,8641.37,75.94,0.0045,41.0,0.006,51.0,80.47,2.91196,-1.60356,-0.66584,2e-05,-0.03359
8993.14,BTC-26JUN20,1579172344045,open,0.15,537.2,0.1055,0.1945,0.14569361,70.8,0.145,0.0,BTC-26JUN20-10000-C,8641.37,70.54,0.145,11.8,0.152,37.8,73.17,23.89137,-5.22475,14.30103,9e-05,0.50426
8845.46,BTC-27MAR20,1579172344045,open,0.02,1007.2,0.0065,0.043,0.01875821,78.79,0.02,0.0,BTC-27MAR20-14000-C,8641.37,76.81,0.017,39.0,0.0195,48.0,79.6,8.03758,-4.46758,1.8301,7e-05,0.12531
8993.14,BTC-26JUN20,1579172344045,open,1.25,0.1,1.194,1.329,1.25408939,85.62,1.85,0.0,BTC-26JUN20-20000-P,8641.37,0.0,0.0025,5.0,1.88,0.1,354.08,12.80712,-3.38682,-84.63573,4e-05,-0.86795
8993.14,BTC-26JUN20,1579172344044,open,0.1,469.5,0.0615,0.147,0.09820725,74.58,0.1095,0.0,BTC-26JUN20-12000-C,8641.37,73.1,0.0945,13.0,0.101,27.0,75.69,22.60832,-5.20803,10.83147,8e-05,0.36978
8845.46,BTC-27MAR20,1579172344045,open,2.84,0.0,2.7685,2.927,2.84452228,109.75,None,0.0,BTC-27MAR20-34000-P,8641.37,0.0,0.0,0.0,0.0,0.0,0.0,0.61422,-0.47556,-65.93935,0.0,-0.99449
8845.46,BTC-27MAR20,1579172344045,open,3.07,0.0,2.9905,3.1565,3.07039025,109.64,None,0.0,BTC-27MAR20-36000-P,8641.37,0.0,0.0,0.0,0.0,0.0,0.0,0.44786,-0.34641,-69.84709,0.0,-0.99613
8993.14,BTC-26JUN20,1579172344045,open,0.05,252.4,0.024,0.092,0.04988522,80.24,0.0515,0.0,BTC-26JUN20-16000-C,8641.37,79.25,0.048,4.0,0.051,14.5,80.82,17.19665,-4.26203,6.33352,6e-05,0.20868
8845.46,BTC-27MAR20,1579172344044,open,0.0,1371.1,0.0005,0.0115,0.00196366,88.28,0.002,0.0,BTC-27MAR20-4000-P,8641.37,84.79,0.0015,4.5,0.0025,40.0,91.7,1.2805,-0.79744,-0.25221,1e-05,-0.01272
8845.46,BTC-27MAR20,1579172344045,open,1.27,5.2,1.2185,1.326,1.26737833,95.79,2.035,0.0,BTC-27MAR20-20000-P,8641.37,0.0,0.0,0.0,0.0,0.0,0.0,3.53259,-2.38724,-38.21362,2e-05,-0.95743
8845.46,BTC-27MAR20,1579172344045,open,0.0,117.2,0.0005,0.0135,0.00291435,106.56,0.003,0.0,BTC-27MAR20-26000-C,8641.37,101.63,0.002,58.0,0.0035,24.0,109.17,1.85764,-1.39642,0.28712,1e-05,0.01963
8643.87,SYN.BTC-17JAN20,1579172344043,open,0.0,625.3,0.0005,0.0105,0.00039377,109.57,0.0005,0.0,BTC-17JAN20-7750-P,8641.37,0.0,0.0,0.0,0.001,31.0,128.46,0.20209,-3.40374,-0.00416,0.0001,-0.01967
8764.79,SYN.BTC-28FEB20,1579172344042,open,0.03,237.2,0.0095,0.0485,0.02424749,69.59,0.029,0.0,BTC-28FEB20-11000-C,8641.37,67.76,0.0225,55.3,0.025,19.3,70.37,8.47017,-6.87389,1.83411,0.00013,0.20239
8764.79,SYN.BTC-28FEB20,1579172344042,open,0.04,226.5,0.0215,0.0705,0.04199042,66.19,0.0425,0.0,BTC-28FEB20-10000-C,8641.37,64.15,0.0395,33.0,0.043,19.3,67.01,10.7423,-8.29149,2.86207,0.00018,0.31998
8643.87,SYN.BTC-17JAN20,1579172344043,open,0.25,9.5,0.233,0.263,0.24803076,175.12,0.2485,0.0,BTC-17JAN20-6500-C,8641.37,0.0,0.24,7.0,0.256,7.0,438.62,0.00585,-0.51239,0.15586,0.0,0.99962
8845.46,BTC-27MAR20,1579172344045,open,0.0,299.0,0.0005,0.0185,0.00480973,99.97,0.005,0.0,BTC-27MAR20-22000-C,8641.37,97.28,0.004,15.0,0.0055,52.0,102.04,2.81926,-1.98829,0.47217,2e-05,0.0323
8845.46,BTC-27MAR20,1579172344046,open,0.0,296.9,0.0005,0.0105,0.00052422,110.0,0.0015,0.0,BTC-27MAR20-36000-C,8641.37,109.53,0.0005,32.1,0.0015,25.0,122.11,0.46024,-0.35715,0.05945,0.0,0.00399
8845.46,BTC-27MAR20,1579172344046,open,0.01,467.8,0.0005,0.0265,0.00862259,90.98,0.0095,0.0,BTC-27MAR20-18000-C,8641.37,89.74,0.008,0.2,0.009,24.0,91.71,4.52227,-2.90254,0.84837,3e-05,0.05802
8993.14,BTC-26JUN20,1579172344046,open,2.57,0.0,2.4925,2.6655,2.57112385,99.68,None,0.0,BTC-26JUN20-32000-P,8641.37,0.0,0.0005,1.0,0.0,0.0,0.0,6.85703,-2.1113,-140.15593,2e-05,-0.94295
9127.65,SYN.BTC-25SEP20,1579172344042,open,0.07,41.7,0.039,0.1265,0.0738739,80.56,0.0805,0.0,BTC-25SEP20-18000-C,8641.37,78.88,0.0695,20.6,0.077,9.6,81.73,24.09373,-3.83765,11.07729,5e-05,0.24904
8845.46,BTC-27MAR20,1579172344047,open,0.24,263.5,0.2135,0.2705,0.23993325,66.57,0.2725,0.0,BTC-27MAR20-7000-C,8641.37,44.47,0.2185,11.0,0.256,11.0,80.12,9.95603,-4.67564,10.09214,0.0001,0.8275
8845.46,BTC-27MAR20,1579172344047,open,2.17,0.0,2.104,2.24,2.1678078,109.38,None,0.0,BTC-27MAR20-28000-P,8641.37,0.0,0.0,0.0,0.0,0.0,0.0,1.54242,-1.19016,-54.13946,1e-05,-0.98421
8993.14,BTC-26JUN20,1579172344046,open,0.19,144.3,0.1435,0.24,0.18682587,70.8,0.189,0.0,BTC-26JUN20-9000-P,8641.37,69.51,0.1835,8.8,0.191,11.8,72.42,23.24675,-5.08379,-23.70182,9e-05,-0.40744
8764.79,SYN.BTC-28FEB20,1579172344042,open,0.13,223.1,0.1065,0.1645,0.13384832,63.66,0.1145,0.0,BTC-28FEB20-8000-C,8641.37,44.64,0.112,12.0,0.1525,12.0,79.1,10.42751,-7.74155,5.84018,0.00018,0.70109
8845.46,BTC-27MAR20,1579172344047,open,0.0,83.5,0.0005,0.012,0.00235629,109.46,0.002,0.0,BTC-27MAR20-28000-C,8641.37,103.77,0.0015,58.0,0.003,40.0,112.83,1.54889,-1.19604,0.23202,1e-05,0.01586
8643.87,SYN.BTC-17JAN20,1579172344043,open,0.16,89.1,0.1445,0.1785,0.16127227,117.69,0.182,0.0,BTC-17JAN20-7250-C,8641.37,0.0,0.1505,7.0,0.17,7.0,312.88,0.01474,-0.86756,0.17372,1e-05,0.99896
8664.02,SYN.BTC-24JAN20,1579172344042,open,0.0,195.0,0.0005,0.015,0.00328826,74.91,0.0035,0.0,BTC-24JAN20-10250-C,8641.37,70.64,0.0025,22.3,0.0035,30.0,75.96,1.71664,-8.16375,0.1255,0.00014,0.07042
8764.79,SYN.BTC-28FEB20,1579172344042,open,0.01,3.6,0.0005,0.028,0.01040818,78.65,0.0105,0.0,BTC-28FEB20-13000-C,8641.37,76.07,0.009,64.0,0.011,24.0,79.68,4.96441,-4.55327,0.8416,7e-05,0.09215
8643.87,SYN.BTC-17JAN20,1579172344043,open,0.22,97.8,0.2035,0.235,0.21910888,153.77,0.2195,0.0,BTC-17JAN20-6750-C,8641.37,0.0,0.2085,7.0,0.227,7.0,392.02,0.0068,-0.52289,0.16185,0.0,0.99955
8684.18,SYN.BTC-31JAN20,1579172344043,open,0.02,607.3,0.0055,0.0375,0.01746333,60.37,0.0195,0.0,BTC-31JAN20-8000-P,8641.37,57.97,0.016,39.0,0.0185,39.0,62.05,5.34144,-10.83855,-0.88077,0.00029,-0.23139
8664.02,SYN.BTC-24JAN20,1579172344043,open,0.01,193.1,0.0005,0.018,0.00493427,63.28,0.0045,0.0,BTC-24JAN20-7750-P,8641.37,61.64,0.0045,20.0,0.0055,34.0,65.33,2.33646,-9.38625,-0.20814,0.00023,-0.1064
8764.79,SYN.BTC-28FEB20,1579172344042,open,0.49,0.0,0.4585,0.536,0.49360286,78.63,None,0.0,BTC-28FEB20-13000-P,8641.37,0.0,0.0,0.0,0.0,0.0,0.0,4.96138,-4.54918,-14.42984,7e-05,-0.90793
8684.18,SYN.BTC-31JAN20,1579172344043,open,0.0,0.161,0.221,0.18871221,68.43,None,0.0,BTC-31JAN20-10250-P,8641.37,0.0,0.0,0.0,0.0,0.0,0.0,3.68942,-8.4853,-3.75051,0.00018,-0.87098
8664.02,SYN.BTC-24JAN20,1579172344043,open,0.04,71.1,0.019,0.067,0.03943667,58.17,0.039,0.0,BTC-24JAN20-8750-P,8641.37,54.85,0.0375,18.0,0.04,20.0,59.13,5.06379,-18.70037,-1.06273,0.00054,-0.52903
8764.79,SYN.BTC-28FEB20,1579172344044,open,0.38,0.0,0.361,0.3945,0.37652717,80.35,None,0.0,BTC-28FEB20-5500-C,8641.37,0.0,0.365,11.0,0.3865,11.0,107.21,2.24676,-2.10527,6.07281,3e-05,0.96636
8764.79,SYN.BTC-28FEB20,1579172344042,open,0.18,0.0,0.1495,0.2225,0.18290941,66.18,None,0.0,BTC-28FEB20-10000-P,8641.37,0.0,0.0,0.0,0.0,0.0,0.0,10.74187,-8.29016,-8.8849,0.00018,-0.68006
8643.87,SYN.BTC-17JAN20,1579172344043,open,0.01,373.9,0.0005,0.0235,0.00544275,61.77,0.005,0.0,BTC-17JAN20-8500-P,8641.37,56.0,0.0045,38.0,0.0065,40.0,68.04,1.4359,-44.34666,-0.0601,0.0013,-0.28438
9127.65,SYN.BTC-25SEP20,1579172344043,open,0.05,23.4,0.0195,0.091,0.04528978,85.97,0.047,0.0,BTC-25SEP20-24000-C,8641.37,83.81,0.041,22.0,0.047,10.0,86.81,18.50981,-3.14655,7.2744,4e-05,0.16032
9127.65,SYN.BTC-25SEP20,1579172344043,open,0.65,0.2,0.5865,0.729,0.65047719,77.08,0.63,0.0,BTC-25SEP20-14000-P,8641.37,0.0,0.0,0.0,0.659,0.1,79.79,28.54857,-4.3508,-81.31016,6e-05,-0.63532
8764.79,SYN.BTC-28FEB20,1579172344042,open,0.33,0.0,0.2965,0.372,0.33098662,71.58,None,0.0,BTC-28FEB20-11500-P,8641.37,0.0,0.0,0.0,0.0,0.0,0.0,7.38167,-6.16157,-12.0311,0.00011,-0.83756
9127.65,SYN.BTC-25SEP20,1579172344043,open,0.47,0.0,0.4065,0.5405,0.4671117,75.12,0.452,0.0,BTC-25SEP20-12000-P,8641.37,0.0,0.0,0.0,0.4755,1.0,77.66,30.07369,-4.46694,-64.30115,7e-05,-0.54971
9127.65,SYN.BTC-25SEP20,1579172344043,open,0.15,134.9,0.106,0.211,0.1524363,75.12,0.158,0.0,BTC-25SEP20-12000-C,8641.37,73.62,0.1475,17.8,0.156,8.8,76.21,30.07382,-4.46717,18.83621,7e-05,0.4503
8684.18,SYN.BTC-31JAN20,1579172344046,open,0.01,616.9,0.0005,0.0215,0.00675704,70.9,0.01,0.0,BTC-31JAN20-10500-C,8641.37,67.3,0.0055,45.0,0.007,30.0,71.55,3.18192,-7.58239,0.34675,0.00015,0.10473
8684.18,SYN.BTC-31JAN20,1579172344043,open,0.0,1195.0,0.0005,0.014,0.00385452,71.53,0.003,0.0,BTC-31JAN20-7000-P,8641.37,70.0,0.0035,1.0,0.0045,68.8,74.16,2.05505,-4.94116,-0.22168,9e-05,-0.05878
8684.18,SYN.BTC-31JAN20,1579172344043,open,0.0,0.1505,0.1925,0.17043848,67.24,None,0.0,BTC-31JAN20-7250-C,8641.37,0.0,0.155,9.0,0.1865,9.0,105.36,2.63369,-5.95215,2.64896,0.00013,0.91889
8643.87,SYN.BTC-17JAN20,1579172344043,open,0.34,7.2,0.3215,0.3475,0.33479644,243.09,0.33,0.0,BTC-17JAN20-5750-C,8641.37,0.0,0.3275,8.0,0.34,8.0,500.0,0.00392,-0.47613,0.1379,0.0,0.99975
8643.87,SYN.BTC-17JAN20,1579172344043,open,0.0,174.0,0.0005,0.0105,0.0,110.0,0.0005,0.0,BTC-17JAN20-6000-P,8641.37,0.0,0.0,0.0,0.0005,6.0,325.53,0.0,0.0,0.0,0.0,0.0
8643.87,SYN.BTC-17JAN20,1579172344043,open,0.0,393.4,0.0005,0.0145,0.0016999,74.5,0.0015,0.0,BTC-17JAN20-8250-P,8641.37,72.06,0.0015,30.0,0.002,19.0,77.93,0.72901,-14.69376,-0.02056,0.00055,-0.09743
8643.87,SYN.BTC-17JAN20,1579172344043,open,0.0,180.7,0.0005,0.0105,0.0,110.0,0.001,0.0,BTC-17JAN20-5750-P,8641.37,0.0,0.0,0.0,0.0005,2.5,359.36,0.0,0.0,0.0,0.0,0.0
8764.79,SYN.BTC-28FEB20,1579172344043,open,0.0,155.5,0.0005,0.014,0.00403261,80.33,0.0045,0.0,BTC-28FEB20-5500-P,8641.37,78.17,0.0035,50.0,0.005,76.0,83.88,2.24508,-2.10314,-0.38755,3e-05,-0.03361
8643.87,SYN.BTC-17JAN20,1579172344043,open,0.28,7.2,0.2625,0.291,0.27695265,197.09,0.277,0.0,BTC-17JAN20-6250-C,8641.37,0.0,0.269,8.0,0.2845,8.0,478.75,0.00509,-0.50146,0.14988,0.0,0.99967
8684.18,SYN.BTC-31JAN20,1579172344043,open,0.04,847.3,0.015,0.0575,0.03320118,60.12,0.0315,0.0,BTC-31JAN20-9000-C,8641.37,57.95,0.0315,18.0,0.0325,5.0,59.22,6.80577,-13.75253,1.32521,0.00037,0.40763
8684.18,SYN.BTC-31JAN20,1579172344044,open,0.0,1079.4,0.0005,0.0105,0.00096628,87.52,0.0015,0.0,BTC-31JAN20-6000-P,8641.37,79.88,0.0005,59.0,0.0015,40.0,93.69,0.64831,-1.90711,-0.05506,2e-05,-0.01459
8664.02,SYN.BTC-24JAN20,1579172344043,open,0.0,102.3,0.0005,0.0115,0.00173008,80.21,0.002,0.0,BTC-24JAN20-10750-C,8641.37,73.21,0.001,68.0,0.002,30.0,82.33,1.0562,-5.37839,0.06817,8e-05,0.03819
8664.02,SYN.BTC-24JAN20,1579172344044,open,0.14,21.9,0.1175,0.159,0.13733425,67.46,0.1555,0.0,BTC-24JAN20-7500-C,8641.37,0.0,0.134,0.1,0.1525,8.0,117.7,1.63485,-7.00196,1.48914,0.00015,0.9339
9127.65,SYN.BTC-25SEP20,1579172344043,open,0.84,0.4,0.778,0.926,0.84441982,78.8,0.845,0.0,BTC-25SEP20-16000-P,8641.37,0.0,0.0,0.0,0.849,0.1,80.37,26.3682,-4.10832,-97.73996,6e-05,-0.70119
9127.65,SYN.BTC-25SEP20,1579172344044,open,0.17,53.5,0.122,0.219,0.16490721,72.18,0.1605,0.0,BTC-25SEP20-8000-P,8641.37,70.31,0.1595,7.0,0.169,7.8,73.59,26.47808,-3.77875,-29.49896,6e-05,-0.30157
9127.65,SYN.BTC-25SEP20,1579172344044,open,1.67,0.0,1.6,1.768,1.67464058,85.96,None,0.0,BTC-25SEP20-24000-P,8641.37,0.0,0.0,0.0,0.0,0.0,0.0,18.5056,-3.14542,-159.00208,4e-05,-0.83973
8664.02,SYN.BTC-24JAN20,1579172344043,open,0.0,149.1,0.0005,0.011,0.00119036,77.28,0.0015,0.0,BTC-24JAN20-7000-P,8641.37,75.05,0.001,4.4,0.0015,30.9,80.48,0.78015,-3.82761,-0.0517,6e-05,-0.02647
8664.02,SYN.BTC-24JAN20,1579172344043,open,0.01,159.2,0.0005,0.0255,0.0086575,64.37,0.0105,0.0,BTC-24JAN20-9500-C,8641.37,61.26,0.0075,39.0,0.0085,0.1,63.96,3.3043,-13.50383,0.3147,0.00032,0.177
8684.18,SYN.BTC-31JAN20,1579172344045,open,0.0,934.4,0.0005,0.0115,0.00193364,79.36,0.0025,0.0,BTC-31JAN20-6500-P,8641.37,75.92,0.0015,54.1,0.0025,33.2,83.24,1.17615,-3.13742,-0.11123,5e-05,-0.02949
9127.65,SYN.BTC-25SEP20,1579172344043,open,2.1,0.0,2.023,2.202,2.10281586,89.06,None,0.0,BTC-25SEP20-28000-P,8641.37,0.0,0.0,0.0,0.0,0.0,0.0,15.79862,-2.78193,-188.19339,3e-05,-0.87317
8684.18,SYN.BTC-31JAN20,1579172344043,open,0.0,0.109,0.169,0.13688122,64.55,None,0.0,BTC-31JAN20-9750-P,8641.37,0.0,0.0,0.0,0.0,0.0,0.0,4.98424,-10.81466,-3.29742,0.00025,-0.79479
8684.18,SYN.BTC-31JAN20,1579172344044,open,0.02,437.5,0.006,0.04,0.0189204,63.19,0.018,0.0,BTC-31JAN20-9500-C,8641.37,60.23,0.017,39.0,0.0195,43.0,64.07,5.69877,-12.10459,0.85706,0.00029,0.26108
8643.87,SYN.BTC-17JAN20,1579172344043,open,0.0,616.1,0.0005,0.0105,6.572e-05,109.99,0.0005,0.0,BTC-17JAN20-7500-P,8641.37,0.0,0.0,0.0,0.0005,26.0,142.33,0.0489,-0.56805,-0.00082,2e-05,-0.00389
8643.87,SYN.BTC-17JAN20,1579172344043,open,0.13,203.5,0.115,0.151,0.1324089,111.67,0.147,0.0,BTC-17JAN20-7500-C,8641.37,0.0,0.121,6.0,0.142,6.0,277.44,0.05422,-3.0274,0.17902,3e-05,0.99564
8764.79,SYN.BTC-28FEB20,1579172344043,open,0.43,0.0,0.419,0.4475,0.43198876,86.24,None,0.0,BTC-28FEB20-5000-C,8641.37,0.0,0.4225,12.0,0.44,12.0,115.7,1.4753,-1.4837,5.63873,2e-05,0.97966
8643.87,SYN.BTC-17JAN20,1579172344043,open,0.08,358.1,0.056,0.0965,0.0751675,90.08,0.0745,0.0,BTC-17JAN20-8000-C,8641.37,0.0,0.0725,1.0,0.077,1.0,120.37,0.34858,-15.6991,0.18395,0.00022,0.96218
9127.65,SYN.BTC-25SEP20,1579172344043,open,0.04,62.2,0.0135,0.0775,0.03523993,89.07,0.038,0.0,BTC-25SEP20-28000-C,8641.37,86.85,0.0315,23.0,0.037,10.0,90.08,15.80461,-2.78348,5.7961,3e-05,0.1269
9127.65,SYN.BTC-25SEP20,1579172344042,open,0.09,104.2,0.053,0.147,0.09151929,78.8,0.094,0.0,BTC-25SEP20-16000-C,8641.37,77.23,0.087,19.4,0.0945,9.4,79.83,26.36933,-4.10877,13.11045,6e-05,0.29884
8643.87,SYN.BTC-17JAN20,1579172344043,open,0.0,104.4,0.0005,0.0105,0.0,110.0,0.0005,0.0,BTC-17JAN20-5500-P,8641.37,0.0,0.0,0.0,0.0005,1.6,394.48,0.0,0.0,0.0,0.0,0.0
8643.87,SYN.BTC-17JAN20,1579172344043,open,0.02,159.0,0.002,0.042,0.01920823,61.5,0.0225,0.0,BTC-17JAN20-8750-P,8641.37,51.92,0.0175,18.0,0.0205,18.0,68.57,1.56535,-48.1333,-0.13914,0.00142,-0.65175
8684.18,SYN.BTC-31JAN20,1579172344043,open,0.0,0.0965,0.144,0.11926995,62.07,None,0.0,BTC-31JAN20-7750-C,8641.37,0.0,0.0995,10.0,0.14,10.0,97.53,4.36574,-9.10876,2.53029,0.00023,0.83419
8764.79,SYN.BTC-28FEB20,1579172344043,open,0.14,1.4,0.108,0.178,0.14016002,64.89,0.1205,0.0,BTC-28FEB20-9500-P,8641.37,0.0,0.0,0.0,0.0,0.0,0.0,11.61277,-8.78822,-7.61099,0.0002,-0.59907
8643.87,SYN.BTC-17JAN20,1579172344043,open,0.0,537.7,0.0005,0.0105,0.00066811,89.81,0.001,0.0,BTC-17JAN20-8000-P,8641.37,85.25,0.0005,34.4,0.001,0.1,97.18,0.34541,-5.77502,-0.00789,0.00021,-0.0374
8684.18,SYN.BTC-31JAN20,1579172344044,open,0.01,711.8,0.0005,0.017,0.00448277,75.58,0.007,0.0,BTC-31JAN20-11000-C,8641.37,71.73,0.0035,71.0,0.0045,30.0,75.64,2.36329,-6.00332,0.23316,0.0001,0.07036
8643.87,SYN.BTC-17JAN20,1579172344042,open,0.0,387.8,0.0005,0.0105,7.19e-06,109.99,0.0005,0.0,BTC-17JAN20-7250-P,8641.37,0.0,0.0,0.0,0.0005,34.7,171.18,0.00752,-0.06219,-0.00011,0.0,-0.0005
8684.18,SYN.BTC-31JAN20,1579172344046,open,0.0,762.3,0.0005,0.0105,0.00050039,96.61,0.001,0.0,BTC-31JAN20-5500-P,8641.37,0.0,0.0,0.0,0.001,74.1,106.05,0.35691,-1.15897,-0.0278,1e-05,-0.00736
8764.79,SYN.BTC-28FEB20,1579172344042,open,0.44,0.0,0.404,0.4805,0.43856005,76.16,None,0.0,BTC-28FEB20-12500-P,8641.37,0.0,0.0,0.0,0.0,0.0,0.0,5.62773,-4.99793,-13.6844,8e-05,-0.89057
8764.79,SYN.BTC-28FEB20,1579172344042,open,0.23,0.0,0.1955,0.2695,0.22955891,67.7,None,0.0,BTC-28FEB20-10500-P,8641.37,0.0,0.0,0.0,0.0,0.0,0.0,9.62344,-7.59813,-10.04564,0.00016,-0.74614
8764.79,SYN.BTC-28FEB20,1579172344043,open,0.0,172.2,0.0005,0.012,0.00244825,86.21,0.003,0.0,BTC-28FEB20-5000-P,8641.37,83.38,0.002,39.0,0.003,25.0,89.29,1.4735,-1.48139,-0.2343,2e-05,-0.02031
9127.65,SYN.BTC-25SEP20,1579172344042,open,0.29,32.9,0.245,0.34,0.28845695,72.18,0.2875,0.0,BTC-25SEP20-8000-C,8641.37,63.94,0.2645,8.0,0.297,8.0,75.13,26.47804,-3.77888,25.92542,6e-05,0.69843
8643.87,SYN.BTC-17JAN20,1579172344043,open,0.0,478.9,0.0005,0.0105,0.0,110.0,0.001,0.0,BTC-17JAN20-6500-P,8641.37,0.0,0.0,0.0,0.0005,23.0,261.22,0.0,0.0,0.0,0.0,0.0
9127.65,SYN.BTC-25SEP20,1579172344043,open,0.12,228.0,0.074,0.1745,0.11668923,77.08,0.126,0.0,BTC-25SEP20-14000-C,8641.37,75.58,0.112,19.1,0.121,9.1,78.46,28.54912,-4.35113,15.68372,6e-05,0.3647
9127.65,SYN.BTC-25SEP20,1579172344043,open,0.23,31.2,0.1775,0.2865,0.22650702,71.85,0.2255,0.0,BTC-25SEP20-9000-P,8641.37,70.74,0.223,6.0,0.2345,6.5,74.39,28.77271,-4.08768,-37.94334,7e-05,-0.37351
8684.18,SYN.BTC-31JAN20,1579172344046,open,0.06,1172.8,0.0355,0.0845,0.05845395,59.14,0.0565,0.0,BTC-31JAN20-8500-C,8641.37,56.64,0.0565,18.0,0.06,25.8,61.11,6.79675,-13.50954,1.89737,0.00037,0.59455
8643.87,SYN.BTC-17JAN20,1579172344043,open,0.0,552.0,0.0005,0.0175,0.00261677,75.37,0.0025,0.0,BTC-17JAN20-9000-C,8641.37,69.45,0.002,9.0,0.003,48.0,78.77,0.94753,-22.61906,0.02873,0.0007,0.14113
8664.02,SYN.BTC-24JAN20,1579172344043,open,0.17,7.1,0.1465,0.1855,0.16517762,73.04,0.163,0.0,BTC-24JAN20-7250-C,8641.37,0.0,0.163,0.1,0.1785,8.0,126.59,1.16776,-5.41463,1.47986,0.0001,0.95678
8643.87,SYN.BTC-17JAN20,1579172344043,open,0.0,257.5,0.0005,0.0125,0.00104963,87.03,0.0015,0.0,BTC-17JAN20-9250-C,8641.37,75.43,0.0005,45.2,0.0015,30.0,94.19,0.49365,-9.07285,0.01189,0.00032,0.05838
8764.79,SYN.BTC-28FEB20,1579172344043,open,0.01,204.3,0.0005,0.018,0.00657633,75.02,0.007,0.0,BTC-28FEB20-6000-P,8641.37,73.47,0.006,39.0,0.0075,60.0,77.38,3.319,-2.90377,-0.62911,5e-05,-0.05453
9127.65,SYN.BTC-25SEP20,1579172344043,open,1.25,0.1,1.183,1.341,1.25321581,82.67,1.21,0.0,BTC-25SEP20-20000-P,8641.37,0.0,0.0,0.0,1.35,0.4,116.62,22.08125,-3.60946,-129.01476,5e-05,-0.78695
8664.02,SYN.BTC-24JAN20,1579172344043,open,0.16,0.0,0.133,0.1885,0.15871804,71.75,None,0.0,BTC-24JAN20-10000-P,8641.37,0.0,0.0,0.0,0.0,0.0,0.0,2.15829,-9.83093,-1.98776,0.00019,-0.90457
8643.87,SYN.BTC-17JAN20,1579172344043,open,0.0,395.6,0.0005,0.0105,5e-07,109.99,0.0005,0.0,BTC-17JAN20-7000-P,8641.37,0.0,0.0,0.0,0.0005,23.0,200.51,0.00071,-0.00434,-1e-05,0.0,-4e-05
8684.18,SYN.BTC-31JAN20,1579172344043,open,0.0,0.0295,0.0805,0.05155582,59.0,None,0.0,BTC-31JAN20-8750-P,8641.37,56.45,0.0495,18.0,0.053,20.0,60.79,6.99403,-13.87013,-1.95752,0.00039,-0.50153
8684.18,SYN.BTC-31JAN20,1579172344043,open,0.0,0.2155,0.276,0.24321904,72.81,None,0.0,BTC-31JAN20-10750-P,8641.37,0.0,0.0,0.0,0.0,0.0,0.0,2.70552,-6.62163,-4.10255,0.00012,-0.91593
8664.02,SYN.BTC-24JAN20,1579172344043,open,0.09,26.9,0.063,0.109,0.08519372,60.33,0.1065,0.0,BTC-24JAN20-8000-C,8641.37,27.56,0.077,8.1,0.093,8.0,79.21,3.25169,-12.4552,1.38756,0.00033,0.82742
8643.87,SYN.BTC-17JAN20,1579172344043,open,0.0,562.1,0.0005,0.0105,6.05e-05,110.01,0.0005,0.0,BTC-17JAN20-10000-C,8641.37,0.0,0.0,0.0,0.0005,50.0,142.43,0.04685,-0.52291,0.00076,2e-05,0.00371
8643.87,SYN.BTC-17JAN20,1579172344043,open,0.11,267.6,0.0855,0.1245,0.10381506,110.01,0.101,0.0,BTC-17JAN20-7750-C,8641.37,0.0,0.101,1.0,0.1055,1.0,149.74,0.20544,-11.3002,0.18169,0.0001,0.97995
9127.65,SYN.BTC-25SEP20,1579172344043,open,1.05,0.2,0.978,1.1305,1.045887,80.55,1.02,0.0,BTC-25SEP20-18000-P,8641.37,0.0,0.0,0.0,1.17,0.5,121.38,24.0919,-3.83704,-113.62966,5e-05,-0.75099
8684.18,SYN.BTC-31JAN20,1579172344043,open,0.0,0.0635,0.121,0.0901798,61.55,None,0.0,BTC-31JAN20-9250-P,8641.37,0.0,0.0,0.0,0.0,0.0,0.0,6.33226,-13.09964,-2.69812,0.00033,-0.67216
8684.18,SYN.BTC-31JAN20,1579172344043,open,0.0,0.0095,0.048,0.02503539,61.56,None,0.0,BTC-31JAN20-9250-C,8641.37,58.75,0.023,24.0,0.0255,17.0,62.2,6.33267,-13.10376,1.07189,0.00033,0.32789
8684.18,SYN.BTC-31JAN20,1579172344043,open,0.0,0.0035,0.0335,0.01416143,64.57,None,0.0,BTC-31JAN20-9750-C,8641.37,61.63,0.0125,24.0,0.0145,45.0,65.16,4.98549,-10.82083,0.67649,0.00025,0.2053
8664.02,SYN.BTC-24JAN20,1579172344044,open,0.01,351.2,0.0005,0.018,0.00453267,71.8,0.005,0.0,BTC-24JAN20-10000-C,8641.37,69.6,0.004,0.2,0.0045,30.0,71.67,2.16113,-9.85088,0.17026,0.00019,0.0956
8684.18,SYN.BTC-31JAN20,1579172344046,open,0.0,286.9,0.0005,0.014,0.00317741,80.47,0.003,0.0,BTC-31JAN20-11500-C,8641.37,74.02,0.002,72.0,0.0035,30.0,81.98,1.79984,-4.86786,0.1647,7e-05,0.04971
8684.18,SYN.BTC-31JAN20,1579172344044,open,15.0,0.0005,0.0125,0.0026203,74.79,0.002,0.0,BTC-31JAN20-6750-P,8641.37,71.0,0.002,30.0,0.003,10.0,76.87,1.52783,-3.84071,-0.15282,7e-05,-0.04056
9127.65,SYN.BTC-25SEP20,1579172344042,open,0.06,168.3,0.0305,0.1125,0.06209014,82.68,0.0625,0.0,BTC-25SEP20-20000-C,8641.37,81.6,0.0595,2.0,0.064,9.8,83.46,22.08379,-3.61023,9.54869,5e-05,0.21309
8764.79,SYN.BTC-28FEB20,1579172344043,open,0.28,0.0,0.245,0.32,0.27925837,69.58,None,0.0,BTC-28FEB20-11000-P,8641.37,0.0,0.0,0.0,0.0,0.0,0.0,8.46895,-6.87179,-11.08772,0.00013,-0.79766
8643.87,SYN.BTC-17JAN20,1579172344043,open,0.0,262.7,0.0005,0.0105,2e-08,110.0,0.0005,0.0,BTC-17JAN20-6750-P,8641.37,0.0,0.0,0.0,0.001,38.0,255.53,4e-05,-0.00018,0.0,0.0,0.0
8684.18,SYN.BTC-31JAN20,1579172344043,open,0.0,0.0005,0.0245,0.00841705,68.45,None,0.0,BTC-31JAN20-10250-C,8641.37,64.99,0.007,30.0,0.009,54.0,69.81,3.69168,-8.49414,0.42727,0.00018,0.12914
8664.02,SYN.BTC-24JAN20,1579172344043,open,0.0,182.5,0.0005,0.0115,0.00196202,72.97,0.003,0.0,BTC-24JAN20-7250-P,8641.37,69.27,0.0015,38.0,0.0025,30.0,76.71,1.16474,-5.39554,-0.08421,0.0001,-0.04308
8684.18,SYN.BTC-31JAN20,1579172344043,open,10.0,0.0005,0.0175,0.0052814,67.21,0.0055,0.0,BTC-31JAN20-7250-P,8641.37,64.54,0.0045,30.0,0.006,30.0,69.51,2.63168,-5.94504,-0.30548,0.00013,-0.08103
8684.18,SYN.BTC-31JAN20,1579172344044,open,0.0,590.7,0.0005,0.012,0.00224616,84.57,0.0025,0.0,BTC-31JAN20-12000-C,8641.37,79.22,0.0015,72.0,0.0025,30.8,86.14,1.36233,-3.87266,0.11678,5e-05,0.03524
8664.02,SYN.BTC-24JAN20,1579172344044,open,0.0,160.4,0.0005,0.0135,0.00297329,67.41,0.0035,0.0,BTC-24JAN20-7500-P,8641.37,64.79,0.0025,37.0,0.0035,30.0,70.1,1.63226,-6.98559,-0.12888,0.00015,-0.06597
8664.02,SYN.BTC-24JAN20,1579172344043,open,0.03,160.5,0.012,0.0545,0.02952447,58.19,0.0285,0.0,BTC-24JAN20-8750-C,8641.37,57.29,0.029,0.2,0.0305,1.0,59.86,5.06381,-18.70657,0.8253,0.00054,0.47099
8664.02,SYN.BTC-24JAN20,1579172344044,open,0.0,193.5,0.0005,0.0105,0.00049259,87.56,0.0005,0.0,BTC-24JAN20-6500-P,8641.37,0.0,0.0,0.0,0.001,31.3,97.01,0.36158,-2.00994,-0.02104,3e-05,-0.01076
8643.87,SYN.BTC-17JAN20,1579172344043,open,0.0,325.3,0.0005,0.0105,0.0005187,99.73,0.0005,0.0,BTC-17JAN20-9500-C,8641.37,0.0,0.0,0.0,0.001,55.0,112.05,0.27311,-4.48361,0.00573,0.00015,0.02813
8684.18,SYN.BTC-31JAN20,1579172344044,open,0.01,651.0,0.0005,0.0225,0.00795799,64.7,0.009,0.0,BTC-31JAN20-7500-P,8641.37,63.54,0.0075,1.5,0.0085,33.0,66.05,3.45512,-7.5143,-0.44401,0.00017,-0.11749
8643.87,SYN.BTC-17JAN20,1579172344043,open,0.19,110.7,0.174,0.207,0.19018747,133.43,0.191,0.0,BTC-17JAN20-7000-C,8641.37,0.0,0.1795,7.0,0.1985,7.0,352.59,0.00831,-0.55433,0.16782,0.0,0.99944
8664.02,SYN.BTC-24JAN20,1579172344044,open,0.01,156.2,0.0005,0.0205,0.00585667,67.01,0.009,0.0,BTC-24JAN20-9750-C,8641.37,64.08,0.005,65.0,0.006,0.1,67.48,2.61939,-11.14323,0.22268,0.00024,0.12497
8684.18,SYN.BTC-31JAN20,1579172344043,open,25.0,0.002,0.029,0.01168824,62.06,0.0115,0.0,BTC-31JAN20-7750-P,8641.37,59.65,0.0105,24.0,0.0125,24.0,63.65,4.36466,-9.10376,-0.62799,0.00023,-0.16575
8643.87,SYN.BTC-17JAN20,1579172344043,open,0.0,187.8,0.0005,0.0105,0.0,110.0,0.0005,0.0,BTC-17JAN20-6250-P,8641.37,0.0,0.0,0.0,0.0005,1.4,292.86,0.0,0.0,0.0,0.0,0.0
8643.87,SYN.BTC-17JAN20,1579172344043,open,0.0,264.6,0.0005,0.0105,0.00025314,110.01,0.0005,0.0,BTC-17JAN20-9750-C,8641.37,0.0,0.0,0.0,0.001,65.0,136.24,0.14763,-2.18814,0.00277,7e-05,0.01363
8684.18,SYN.BTC-31JAN20,1579172344069,open,0.04,210.2,0.018,0.063,0.0372353,59.12,0.036,0.0,BTC-31JAN20-8500-P,8641.37,56.9,0.0355,15.0,0.0385,18.7,60.74,6.7967,-13.50645,-1.56676,0.00037,-0.40544
172.51,SYN.ETH-25SEP20,1579172344081,open,2.1,0.0,1.954,2.204,2.071916,99.54,None,0.0,ETH-25SEP20-520-P,162.05,0.0,0.0,0.0,0.0,0.0,0.0,0.37603,-0.07401,-3.45705,0.00183,-0.82057
8684.18,SYN.BTC-31JAN20,1579172344082,open,0.04,210.2,0.018,0.063,0.0372353,59.12,0.036,0.0,BTC-31JAN20-8500-P,8641.37,56.9,0.0355,15.0,0.0385,33.7,60.74,6.7967,-13.50645,-1.56676,0.00037,-0.40544
169.97,ETH-26JUN20,1579172344084,open,0.45,1.0,0.426,0.498,0.461707,92.9,0.38,0.0,ETH-26JUN20-100-C,162.05,64.94,0.429,48.0,0.477,48.0,103.91,0.22862,-0.0656,0.31408,0.00192,0.87835
172.51,SYN.ETH-25SEP20,1579172344095,open,0.66,1.0,0.65,0.69,0.668878,92.28,0.645,0.0,ETH-25SEP20-60-C,162.05,73.09,0.658,59.0,0.681,59.0,107.47,0.12194,-0.02225,0.34882,0.00064,0.96071
166.2,ETH-27MAR20,1579172344306,open,0.0,8174.0,0.001,0.012,0.002442,120.0,0.002,0.0,ETH-27MAR20-600-C,162.05,108.64,0.001,4090.0,0.004,650.0,127.68,0.02815,-0.02383,0.00414,0.00044,0.01526
172.51,SYN.ETH-25SEP20,1579172344310,open,0.66,1.0,0.65,0.69,0.668878,92.28,0.645,0.0,ETH-25SEP20-60-C,162.05,70.55,0.657,59.0,0.681,59.0,107.47,0.12194,-0.02225,0.34882,0.00064,0.96071
169.97,ETH-26JUN20,1579172344316,open,0.45,1.0,0.426,0.498,0.461707,92.9,0.38,0.0,ETH-26JUN20-100-C,162.05,64.94,0.429,48.0,0.478,48.0,104.61,0.22862,-0.0656,0.31408,0.00192,0.87835
166.2,ETH-27MAR20,1579172344319,open,0.0,8174.0,0.001,0.012,0.002442,120.0,0.002,0.0,ETH-27MAR20-600-C,162.05,108.64,0.001,4310.0,0.004,650.0,127.68,0.02815,-0.02383,0.00414,0.00044,0.01526
166.2,ETH-27MAR20,1579172344346,open,0.46,0.0,0.446,0.492,0.468629,96.21,None,0.0,ETH-27MAR20-90-C,162.05,58.11,0.459,45.0,0.478,45.0,114.13,0.07381,-0.0501,0.15581,0.00143,0.95142
166.2,ETH-27MAR20,1579172344346,open,0.05,40.0,0.024,0.081,0.049541,84.24,0.046,0.0,ETH-27MAR20-130-P,162.05,82.98,0.048,320.0,0.053,477.0,87.04,0.20404,-0.12125,-0.08001,0.00452,-0.19839
8684.18,SYN.BTC-31JAN20,1579172344546,open,0.04,210.2,0.018,0.063,0.03723984,59.12,0.036,0.0,BTC-31JAN20-8500-P,8641.37,56.9,0.0355,15.0,0.0385,18.7,60.74,6.7967,-13.50645,-1.56676,0.00037,-0.40544
162.1,SYN.ETH-17JAN20,1579172344619,open,0.25,2.0,0.237,0.281,0.259722,129.17,0.169,0.0,ETH-17JAN20-120-C,162.05,0.0,0.249,33.0,0.271,33.0,500.0,0.0,-2e-05,0.00288,0.0,1.0
162.1,SYN.ETH-17JAN20,1579172344619,open,0.32,1.0,0.301,0.341,0.321412,163.71,0.235,0.0,ETH-17JAN20-110-C,162.05,0.0,0.311,35.0,0.332,35.0,500.0,0.0,-2e-05,0.00264,0.0,1.0
162.1,SYN.ETH-17JAN20,1579172344619,open,0.02,1063.0,0.001,0.037,0.010799,84.87,0.016,0.0,ETH-17JAN20-160-P,162.05,69.56,0.008,240.0,0.013,898.0,96.71,0.02995,-1.27097,-0.00148,0.05598,-0.36895
162.1,SYN.ETH-17JAN20,1579172344622,open,0.02,2138.0,0.001,0.053,0.023762,84.87,0.02,0.0,ETH-17JAN20-160-C,162.05,75.28,0.022,431.0,0.028,650.0,107.57,0.02995,-1.27097,0.00236,0.05598,0.63105
164.56,SYN.ETH-28FEB20,1579172344733,open,0.02,0.0,0.005,0.039,0.017303,93.03,None,0.0,ETH-28FEB20-250-C,162.05,89.65,0.015,540.0,0.019,240.0,95.39,0.11586,-0.12569,0.02075,0.00392,0.12463
172.51,SYN.ETH-25SEP20,1579172344763,open,1.88,0.0,1.734,1.975,1.848121,98.55,None,0.0,ETH-25SEP20-480-P,162.05,0.0,0.0,0.0,0.0,0.0,0.0,0.40346,-0.07862,-3.16355,0.00199,-0.79879
162.51,SYN.ETH-24JAN20,1579172344892,open,0.01,659.0,0.001,0.021,0.006155,83.42,0.006,0.0,ETH-24JAN20-140-P,162.05,78.76,0.005,300.0,0.008,300.0,90.16,0.04208,-0.22285,-0.00374,0.00885,-0.10061
162.51,SYN.ETH-24JAN20,1579172344892,open,0.32,1.0,0.303,0.345,0.323578,113.83,0.329,0.0,ETH-24JAN20-110-C,162.05,0.0,0.313,35.0,0.334,35.0,202.99,0.00512,-0.03702,0.02345,0.00079,0.99219
162.51,SYN.ETH-24JAN20,1579172344895,open,0.03,689.0,0.007,0.056,0.028339,79.95,0.027,0.0,ETH-24JAN20-170-C,162.05,77.53,0.027,516.0,0.03,651.0,82.93,0.09034,-0.45852,0.01207,0.01983,0.37263
162.51,SYN.ETH-24JAN20,1579172344895,open,0.26,0.0,0.239,0.285,0.262036,90.66,None,0.0,ETH-24JAN20-120-C,162.05,0.0,0.261,1.0,0.274,33.0,173.24,0.00611,-0.03516,0.02554,0.00118,0.99046
162.51,SYN.ETH-24JAN20,1579172344897,open,0.0,707.0,0.001,0.012,0.002282,90.49,0.005,0.0,ETH-24JAN20-130-P,162.05,78.03,0.001,91.0,0.004,300.0,101.93,0.02075,-0.11918,-0.0015,0.00402,-0.04042
162.51,SYN.ETH-24JAN20,1579172344897,open,0.04,250.0,0.012,0.069,0.037266,76.68,0.039,0.0,ETH-24JAN20-160-P,162.05,71.0,0.034,429.0,0.038,650.0,77.96,0.09345,-0.45495,-0.01613,0.02138,-0.42286
8764.83,SYN.BTC-28FEB20,1579172345046,open,0.03,231.6,0.013,0.052,0.02860818,64.23,0.03,0.0,BTC-28FEB20-7500-P,8641.37,63.09,0.0275,34.3,0.03,34.7,65.65,8.57656,-6.42408,-2.42246,0.00015,-0.20668
