underlying_price,underlying_index,timestamp,state,settlement_price,open_interest,min_price,max_price,mark_price,mark_iv,last_price,interest_rate,instrument_name,index_price,bid_iv,best_bid_price,best_bid_amount,best_ask_price,best_ask_amount,ask_iv,vega,theta,rho,gamma,delta
133.99,SYN.ETH-31JAN20,1578135540134,open,0.06,132.0,0.032,0.094,0.059284,68.72,0.058,0.0,ETH-31JAN20-130-P,133.38,65.61,0.056,404.0,0.062,261.0,71.34,0.1404,-0.17951,-0.04524,0.01545,-0.39928
135.25,ETH-27MAR20,1578135540136,open,0.13,22.0,0.091,0.184,0.136053,83.52,0.143,0.0,ETH-27MAR20-130-P,133.38,80.76,0.131,562.0,0.14,320.0,85.71,0.24591,-0.12391,-0.15929,0.00709,-0.38267
139.68,SYN.ETH-25SEP20,1578135540137,open,0.19,26.0,0.126,0.254,0.189446,91.68,0.171,0.0,ETH-25SEP20-200-C,133.38,90.36,0.185,110.0,0.195,278.0,93.31,0.47356,-0.08195,0.28683,0.00365,0.47244
139.68,SYN.ETH-25SEP20,1578135540143,open,0.21,189.0,0.151,0.271,0.209633,89.09,0.199,0.0,ETH-25SEP20-120-P,133.38,85.75,0.2,414.0,0.213,160.0,90.27,0.40131,-0.06749,-0.49739,0.00318,-0.28111
7331.52,SYN.BTC-10JAN20,1578135540164,open,0.01,484.8,0.0005,0.029,0.00562784,46.44,0.0055,0.0,BTC-10JAN20-7750-C,7322.37,46.06,0.0055,2.0,0.006,41.1,47.55,2.44701,-9.67068,0.20665,0.00061,0.18072
134.61,SYN.ETH-28FEB20,1578135540179,open,0.1,56.0,0.065,0.141,0.102393,77.21,0.094,0.0,ETH-28FEB20-140-C,133.38,75.02,0.099,263.0,0.105,220.0,78.9,0.20819,-0.14647,0.08197,0.0099,0.50742
134.61,SYN.ETH-28FEB20,1578135540179,open,0.14,9.0,0.095,0.173,0.134489,76.96,0.125,0.0,ETH-28FEB20-130-C,133.38,74.62,0.131,253.0,0.137,220.0,78.64,0.20099,-0.14093,0.0952,0.00959,0.60489
134.61,SYN.ETH-28FEB20,1578135540182,open,0.04,461.0,0.014,0.065,0.03554,81.85,0.031,0.0,ETH-28FEB20-180-C,133.38,79.64,0.033,665.0,0.038,665.0,83.94,0.15636,-0.11661,0.03825,0.00701,0.22456
7447.32,BTC-27MAR20,1578135540810,open,0.05,1170.7,0.0235,0.0815,0.04664847,74.64,0.048,0.0,BTC-27MAR20-10000-C,7322.66,72.58,0.0435,29.9,0.0465,2.0,74.55,11.45522,-5.15863,3.56685,0.00012,0.25758
7447.32,BTC-27MAR20,1578135540810,open,0.07,1324.1,0.0435,0.1125,0.07289888,74.64,0.068,0.0,BTC-27MAR20-9000-C,7322.66,70.47,0.0655,34.9,0.07,52.2,73.01,13.29461,-5.98699,4.87932,0.00014,0.36145
7447.32,BTC-27MAR20,1578135540810,open,1.15,1.2,1.1095,1.217,1.15803803,90.74,1.4,0.0,BTC-27MAR20-16000-P,7322.66,0.0,0.0015,10.0,0.0,0.0,0.0,4.24252,-2.32257,-35.4724,4e-05,-0.93972
7447.32,BTC-27MAR20,1578135540810,open,3.82,0.0,3.7395,3.9355,3.83429422,108.09,None,0.0,BTC-27MAR20-36000-P,7322.66,0.0,0.0015,10.0,0.0,0.0,0.0,0.27954,-0.18229,-81.70319,0.0,-0.99746
7601.65,BTC-26JUN20,1578135540810,open,0.01,184.7,0.0025,0.038,0.01222956,104.58,0.0105,0.0,BTC-26JUN20-32000-C,7322.66,103.56,0.0115,0.1,0.013,15.0,105.62,5.54083,-1.66634,1.4224,2e-05,0.05151
7601.65,BTC-26JUN20,1578135540810,open,0.02,490.9,0.0095,0.0425,0.02154052,77.82,0.022,0.0,BTC-26JUN20-4000-P,7322.66,75.62,0.0195,36.0,0.0235,30.0,79.87,7.16853,-1.60426,-3.37309,3e-05,-0.07161
7447.61,BTC-27MAR20,1578135540810,open,3.02,0.0,2.95,3.1165,3.02963284,112.2,None,0.0,BTC-27MAR20-30000-P,7322.66,0.0,0.0015,10.0,0.0,0.0,0.0,0.91878,-0.62193,-67.97871,1e-05,-0.99033
7447.61,BTC-27MAR20,1578135540810,open,1.42,0.0,1.3715,1.487,1.42406747,96.1,1.23,0.0,BTC-27MAR20-18000-P,7322.66,0.0,0.0015,10.0,0.0,0.0,0.0,3.34828,-1.94133,-40.2351,3e-05,-0.95526
7601.65,BTC-26JUN20,1578135540810,open,0.01,52.1,0.004,0.042,0.01450264,100.14,0.015,0.0,BTC-26JUN20-28000-C,7322.66,98.29,0.013,19.0,0.016,15.0,101.87,6.3859,-1.8389,1.70818,2e-05,0.06167
7447.61,BTC-27MAR20,1578135540810,open,0.0,247.8,0.0005,0.0105,0.00041842,110.0,0.001,0.0,BTC-27MAR20-36000-C,7322.66,111.73,0.0005,35.6,0.0015,37.0,124.18,0.32808,-0.21773,0.04424,0.0,0.00303
7601.65,BTC-26JUN20,1578135540811,open,2.69,0.0,2.616,2.797,2.69798915,100.23,None,0.0,BTC-26JUN20-28000-P,7322.66,0.0,0.002,1.0,0.0,0.0,0.0,6.40563,-1.84624,-131.66981,2e-05,-0.93808
7447.61,BTC-27MAR20,1578135540810,open,0.35,2.1,0.3255,0.374,0.34746643,74.41,0.3345,0.0,BTC-27MAR20-5000-C,7322.66,52.59,0.3335,9.0,0.369,9.0,97.24,6.07352,-2.72669,9.40056,6e-05,0.90337
7601.65,BTC-26JUN20,1578135540810,open,2.43,0.0,2.3585,2.531,2.43632347,97.65,None,0.0,BTC-26JUN20-26000-P,7322.66,0.0,0.002,1.0,0.0,0.0,0.0,6.92305,-1.94408,-121.95829,3e-05,-0.93156
7601.94,BTC-26JUN20,1578135540811,open,0.03,275.0,0.012,0.069,0.03169792,87.94,0.031,0.0,BTC-26JUN20-18000-C,7322.66,86.77,0.03,5.0,0.034,15.0,89.47,11.2205,-2.83737,3.63437,5e-05,0.13206
7601.94,BTC-26JUN20,1578135540811,open,0.65,8.2,0.598,0.7275,0.65593368,79.85,0.8905,0.0,BTC-26JUN20-12000-P,7322.66,0.0,0.09,1.5,0.91,0.1,174.81,17.96628,-4.12534,-49.45756,8e-05,-0.70979
7447.61,BTC-27MAR20,1578135540811,open,0.02,289.3,0.0075,0.039,0.01884272,74.44,0.0205,0.0,BTC-27MAR20-5000-P,7322.66,72.77,0.0175,9.4,0.02,34.0,75.84,6.07598,-2.72869,-1.95351,6e-05,-0.09668
7447.61,BTC-27MAR20,1578135540811,open,2.75,0.0,2.6865,2.845,2.76165442,111.55,None,0.0,BTC-27MAR20-28000-P,7322.66,0.0,0.0015,10.0,0.0,0.0,0.0,1.18917,-0.80029,-63.39061,1e-05,-0.98698
7601.94,BTC-26JUN20,1578135540811,open,0.02,16.5,0.0055,0.049,0.01856653,95.62,0.0195,0.0,BTC-26JUN20-24000-C,7322.66,94.55,0.0175,15.0,0.02,2.0,97.0,7.72457,-2.124,2.18762,3e-05,0.07898
7601.94,BTC-26JUN20,1578135540811,open,1.14,5.0,1.084,1.222,1.14525735,85.18,1.22,0.0,BTC-26JUN20-16000-P,7322.66,0.0,0.56,1.0,2.0,0.1,500.0,13.05393,-3.19765,-71.69108,6e-05,-0.83442
7447.61,BTC-27MAR20,1578135540811,open,0.01,1364.2,0.0005,0.0195,0.00741068,83.78,0.007,0.0,BTC-27MAR20-4000-P,7322.66,81.46,0.0065,32.1,0.008,23.0,85.2,3.02635,-1.5297,-0.79309,3e-05,-0.03949
7601.94,BTC-26JUN20,1578135540811,open,0.03,967.4,0.009,0.0605,0.02601409,90.8,0.0245,0.0,BTC-26JUN20-20000-C,7322.66,89.61,0.0245,5.0,0.028,15.0,92.31,9.82267,-2.56486,3.01712,4e-05,0.10933
7447.61,BTC-27MAR20,1578135540811,open,3.56,0.0,3.476,3.663,3.56592221,111.66,None,0.0,BTC-27MAR20-34000-P,7322.66,0.0,0.0015,10.0,0.0,0.0,0.0,0.49729,-0.33499,-77.12948,0.0,-0.99517
7447.61,BTC-27MAR20,1578135540812,open,0.63,55.3,0.5905,0.6865,0.63368582,78.43,0.694,0.0,BTC-27MAR20-12000-P,7322.66,0.0,0.5925,3.0,0.669,3.0,105.73,7.81979,-3.69999,-25.29339,8e-05,-0.86205
7447.61,BTC-27MAR20,1578135540812,open,2.22,0.0,2.16,2.3015,2.22600954,107.78,None,0.0,BTC-27MAR20-24000-P,7322.66,0.0,0.0015,10.0,0.0,0.0,0.0,1.83414,-1.19262,-54.18748,1e-05,-0.9784
7447.61,BTC-27MAR20,1578135540812,open,0.89,59.0,0.8485,0.9495,0.89365225,84.78,0.877,0.0,BTC-27MAR20-14000-P,7322.66,0.0,0.4,0.5,0.0,0.0,0.0,5.61288,-2.87105,-30.55325,5e-05,-0.91313
7447.61,BTC-27MAR20,1578135540812,open,0.0,86.6,0.0005,0.0105,0.0008548,110.0,0.002,0.0,BTC-27MAR20-32000-C,7322.66,111.72,0.001,15.2,0.002,31.9,120.22,0.59266,-0.39331,0.08497,0.0,0.00588
7601.94,BTC-26JUN20,1578135540812,open,0.89,13.4,0.8365,0.97,0.89590468,82.37,1.1,0.0,BTC-26JUN20-14000-P,7322.66,0.0,0.5,3.0,1.35,0.1,258.28,15.32305,-3.62959,-60.87816,7e-05,-0.78519
7601.94,BTC-26JUN20,1578135540813,open,0.05,589.8,0.0265,0.099,0.05423318,82.35,0.0575,0.0,BTC-26JUN20-14000-C,7322.66,81.24,0.052,14.5,0.057,19.5,83.72,15.31945,-3.62794,5.81206,7e-05,0.21473
7601.94,BTC-26JUN20,1578135540813,open,2.95,0.0,2.873,3.0615,2.95884381,101.42,None,0.0,BTC-26JUN20-30000-P,7322.66,0.0,0.002,1.0,0.0,0.0,0.0,5.71668,-1.66724,-141.42344,2e-05,-0.94643
7601.94,BTC-26JUN20,1578135540814,open,1.65,0.1,1.5905,1.74,1.65707721,90.92,1.85,0.0,BTC-26JUN20-20000-P,7322.66,0.0,0.0005,4.0,1.88,0.1,188.85,9.85238,-2.57603,-92.24618,4e-05,-0.89021
7362.89,SYN.BTC-31JAN20,1578135540812,open,0.14,51.5,0.112,0.161,0.13565325,58.62,0.13,0.0,BTC-31JAN20-6500-C,7322.66,52.87,0.1315,16.0,0.1425,13.0,67.45,5.49193,-5.98984,3.63405,0.00023,0.80596
7447.61,BTC-27MAR20,1578135540814,open,1.95,5.6,1.897,2.029,1.95821535,104.06,1.545,0.0,BTC-27MAR20-22000-P,7322.66,0.0,0.0015,10.0,0.0,0.0,0.0,2.1714,-1.36326,-49.57775,2e-05,-0.97359
7447.61,BTC-27MAR20,1578135540814,open,2.49,0.0,2.4235,2.5735,2.49383255,110.36,None,0.0,BTC-27MAR20-26000-P,7322.66,0.0,0.0015,10.0,0.0,0.0,0.0,1.5137,-1.0078,-58.79033,1e-05,-0.98277
7331.23,SYN.BTC-10JAN20,1578135540810,open,0.18,1.9,0.165,0.202,0.18267693,83.65,0.1705,0.0,BTC-10JAN20-6000-C,7322.66,0.0,0.171,7.0,0.1985,7.0,164.54,0.56401,-4.0148,0.93375,8e-05,0.97388
7715.36,SYN.BTC-25SEP20,1578135540810,open,0.08,108.9,0.049,0.1185,0.0779469,76.9,0.0855,0.0,BTC-25SEP20-5000-P,7322.66,73.05,0.07,9.4,0.0745,0.1,75.24,16.06724,-2.33236,-13.38738,5e-05,-0.16116
7405.1,SYN.BTC-28FEB20,1578135540810,open,0.14,3.0,0.112,0.184,0.14502388,62.18,0.1605,0.0,BTC-28FEB20-8000-P,7322.66,35.14,0.1055,8.0,0.18,8.0,85.0,11.22797,-6.36091,-8.06345,0.00022,-0.57925
7331.23,SYN.BTC-10JAN20,1578135540810,open,0.22,0.6,0.2,0.2355,0.21650615,94.21,0.186,0.0,BTC-10JAN20-5750-C,7322.66,0.0,0.2055,7.0,0.231,7.0,181.87,0.41576,-3.33293,0.90317,5e-05,0.9818
7362.89,SYN.BTC-31JAN20,1578135540812,open,0.26,20.2,0.24,0.2795,0.25845721,73.4,0.2455,0.0,BTC-31JAN20-5500-C,7322.66,0.0,0.2435,8.0,0.276,8.0,111.22,2.34527,-3.20249,3.70099,8e-05,0.94111
7715.36,SYN.BTC-25SEP20,1578135540810,open,0.05,71.0,0.023,0.1005,0.0516278,86.17,0.053,0.0,BTC-25SEP20-20000-C,7322.66,85.43,0.05,10.0,0.054,6.7,87.24,17.0058,-2.76618,6.96554,5e-05,0.17604
7341.78,SYN.BTC-17JAN20,1578135540811,open,0.12,0.1,0.1005,0.1455,0.1212682,57.55,0.113,0.0,BTC-17JAN20-6500-C,7322.66,0.0,0.102,7.0,0.143,7.0,101.54,2.73979,-6.12274,1.96799,0.00025,0.88115
7715.36,SYN.BTC-25SEP20,1578135540810,open,0.06,3.3,0.0305,0.1145,0.06229476,84.65,0.062,0.0,BTC-25SEP20-18000-C,7322.66,83.7,0.06,9.8,0.065,0.1,85.75,18.82255,-3.00771,8.1443,5e-05,0.20776
7341.78,SYN.BTC-17JAN20,1578135540810,open,0.19,0.0,0.1675,0.2075,0.18619373,71.06,None,0.0,BTC-17JAN20-6000-C,7322.66,0.0,0.171,7.0,0.2035,7.0,120.41,1.58178,-4.36505,1.95956,0.00012,0.94282
7362.89,SYN.BTC-31JAN20,1578135540813,open,0.11,148.6,0.0875,0.146,0.11422692,54.56,0.14,0.0,BTC-31JAN20-8000-P,7322.66,0.0,0.0805,7.0,0.13,7.0,70.4,7.08084,-7.18696,-4.34226,0.00033,-0.68671
7341.78,SYN.BTC-17JAN20,1578135540811,open,0.22,0.0,0.2015,0.239,0.21919372,76.92,None,0.0,BTC-17JAN20-5750-C,7322.66,0.0,0.206,7.0,0.235,7.0,130.75,1.16128,-3.46887,1.92148,8e-05,0.96111
7341.78,SYN.BTC-17JAN20,1578135540811,open,0.09,97.5,0.0715,0.12,0.09106589,52.73,0.0795,0.0,BTC-17JAN20-6750-C,7322.66,0.0,0.0685,8.0,0.1155,8.0,94.33,3.67532,-7.52547,1.87604,0.00037,0.81544
7341.78,SYN.BTC-17JAN20,1578135540811,open,0.25,0.0,0.236,0.2705,0.25220091,79.85,None,0.0,BTC-17JAN20-5500-C,7322.66,0.0,0.2405,8.0,0.267,8.0,141.58,0.74302,-2.30383,1.87793,5e-05,0.9773
7715.36,SYN.BTC-25SEP20,1578135540870,open,0.2,36.5,0.153,0.261,0.20107755,76.9,0.191,0.0,BTC-25SEP20-7000-P,7322.66,73.91,0.192,0.5,0.197,12.5,75.56,23.41126,-3.39839,-29.00738,7e-05,-0.31701
7601.94,BTC-26JUN20,1578135540891,open,0.16,345.2,0.1165,0.211,0.15836485,74.76,0.1555,0.0,BTC-26JUN20-7000-P,7322.66,73.03,0.154,0.5,0.1595,11.0,75.21,19.18189,-4.12352,-17.97595,9e-05,-0.33802
7331.23,SYN.BTC-10JAN20,1578135540893,open,0.01,509.5,0.0005,0.0315,0.0082281,49.46,0.0085,0.0,BTC-10JAN20-7000-P,7322.66,46.14,0.007,39.1,0.0085,32.2,50.18,2.76293,-11.62973,-0.27079,0.00065,-0.22123
7601.94,BTC-26JUN20,1578135540905,open,0.15,187.5,0.1045,0.2005,0.14726705,76.73,0.1435,0.0,BTC-26JUN20-9000-C,7322.66,75.18,0.143,12.4,0.1485,18.2,77.18,20.90135,-4.61172,11.99401,0.0001,0.47847
7405.1,SYN.BTC-28FEB20,1578135540913,open,0.02,51.1,0.0055,0.0335,0.01534502,68.97,0.0165,0.0,BTC-28FEB20-5500-P,7322.66,67.04,0.014,49.0,0.0165,58.0,70.57,5.27104,-3.31223,-1.35534,9e-05,-0.10639
7447.32,BTC-27MAR20,1578135540915,open,0.02,1628.5,0.008,0.049,0.02239389,78.4,0.0225,0.0,BTC-27MAR20-12000-C,7322.66,77.54,0.0215,41.0,0.0235,3.0,79.44,7.81371,-3.69566,1.95143,8e-05,0.1378
135.24,ETH-27MAR20,1578135540918,open,0.0,2781.0,0.001,0.011,0.001199,120.0,0.002,0.0,ETH-27MAR20-640-C,133.38,117.84,0.001,139.0,0.006,398.0,144.78,0.01334,-0.00966,0.00193,0.00027,0.0075
135.24,ETH-27MAR20,1578135540925,open,0.0,2781.0,0.001,0.011,0.001199,120.0,0.002,0.0,ETH-27MAR20-640-C,133.38,117.84,0.001,359.0,0.006,398.0,144.78,0.01334,-0.00966,0.00193,0.00027,0.0075
7601.65,BTC-26JUN20,1578135540927,open,0.04,157.1,0.0175,0.081,0.04040685,85.11,0.04,0.0,BTC-26JUN20-16000-C,7322.66,83.69,0.038,32.0,0.043,34.0,86.61,13.03637,-3.19073,4.52064,6e-05,0.16524
7601.65,BTC-26JUN20,1578135540939,open,0.04,157.1,0.0175,0.081,0.04040685,85.11,0.04,0.0,BTC-26JUN20-16000-C,7322.66,83.69,0.038,32.0,0.0425,15.0,86.32,13.03637,-3.19073,4.52064,6e-05,0.16524
7601.94,BTC-26JUN20,1578135540941,open,0.16,345.2,0.1165,0.211,0.15836485,74.76,0.1555,0.0,BTC-26JUN20-7000-P,7322.66,73.03,0.154,0.5,0.1595,0.8,75.21,19.18189,-4.12352,-17.97595,9e-05,-0.33802
7405.1,SYN.BTC-28FEB20,1578135540945,open,0.02,51.1,0.0055,0.0335,0.01534502,68.97,0.0165,0.0,BTC-28FEB20-5500-P,7322.66,67.04,0.014,49.0,0.0165,43.0,70.57,5.27104,-3.31223,-1.35534,9e-05,-0.10639
7601.94,BTC-26JUN20,1578135540949,open,0.16,345.2,0.1165,0.211,0.15836485,74.76,0.1555,0.0,BTC-26JUN20-7000-P,7322.66,73.03,0.154,0.5,0.1595,11.0,75.21,19.18189,-4.12352,-17.97595,9e-05,-0.33802
7405.1,SYN.BTC-28FEB20,1578135540953,open,0.02,51.1,0.0055,0.0335,0.01534502,68.97,0.0165,0.0,BTC-28FEB20-5500-P,7322.66,67.04,0.014,49.0,0.0165,58.0,70.57,5.27104,-3.31223,-1.35534,9e-05,-0.10639
7601.65,BTC-26JUN20,1578135540962,open,0.04,157.1,0.0175,0.081,0.04040685,85.11,0.04,0.0,BTC-26JUN20-16000-C,7322.66,83.69,0.038,32.0,0.043,34.0,86.61,13.03637,-3.19073,4.52064,6e-05,0.16524
7447.32,BTC-27MAR20,1578135540966,open,0.02,1628.5,0.008,0.049,0.02239389,78.4,0.0225,0.0,BTC-27MAR20-12000-C,7322.66,77.54,0.0215,26.0,0.0235,3.0,79.44,7.81371,-3.69566,1.95143,8e-05,0.1378
7405.1,SYN.BTC-28FEB20,1578135540968,open,0.02,51.1,0.0055,0.0335,0.01534502,68.97,0.0165,0.0,BTC-28FEB20-5500-P,7322.66,67.04,0.014,49.0,0.0165,43.0,70.57,5.27104,-3.31223,-1.35534,9e-05,-0.10639
7601.94,BTC-26JUN20,1578135540975,open,0.15,187.5,0.1045,0.2005,0.14726705,76.73,0.1435,0.0,BTC-26JUN20-9000-C,7322.66,75.18,0.143,0.2,0.1485,18.2,77.18,20.90135,-4.61172,11.99401,0.0001,0.47847
7601.94,BTC-26JUN20,1578135540980,open,0.16,345.2,0.1165,0.211,0.15836485,74.76,0.1555,0.0,BTC-26JUN20-7000-P,7322.66,73.03,0.154,0.5,0.1595,0.8,75.21,19.18189,-4.12352,-17.97595,9e-05,-0.33802
7715.36,SYN.BTC-25SEP20,1578135540983,open,0.2,36.5,0.153,0.261,0.20107755,76.9,0.191,0.0,BTC-25SEP20-7000-P,7322.66,73.91,0.192,0.5,0.197,5.0,75.56,23.41126,-3.39839,-29.00738,7e-05,-0.31701
7341.78,SYN.BTC-17JAN20,1578135541011,open,0.03,91.5,0.016,0.06,0.02618274,47.46,0.0255,0.0,BTC-17JAN20-7500-C,7322.66,44.49,0.024,15.0,0.0275,46.0,49.25,5.39793,-9.94931,1.02733,0.0006,0.42285
7601.65,BTC-26JUN20,1578135541033,open,0.04,157.1,0.0175,0.081,0.04040685,85.11,0.04,0.0,BTC-26JUN20-16000-C,7322.66,83.69,0.038,32.0,0.0425,15.0,86.32,13.03637,-3.19073,4.52064,6e-05,0.16524
7601.65,BTC-26JUN20,1578135541040,open,0.04,157.1,0.0175,0.081,0.04040685,85.11,0.04,0.0,BTC-26JUN20-16000-C,7322.66,83.69,0.038,32.0,0.043,34.0,86.61,13.03637,-3.19073,4.52064,6e-05,0.16524
7601.65,BTC-26JUN20,1578135541047,open,0.04,157.1,0.0175,0.081,0.04040685,85.11,0.04,0.0,BTC-26JUN20-16000-C,7322.66,83.69,0.038,32.0,0.0425,15.0,86.32,13.03637,-3.19073,4.52064,6e-05,0.16524
7601.65,BTC-26JUN20,1578135541053,open,0.04,157.1,0.0175,0.081,0.04040685,85.11,0.04,0.0,BTC-26JUN20-16000-C,7322.66,83.69,0.038,32.0,0.043,34.0,86.61,13.03637,-3.19073,4.52064,6e-05,0.16524
7601.65,BTC-26JUN20,1578135541066,open,0.04,157.1,0.0175,0.081,0.04040685,85.11,0.04,0.0,BTC-26JUN20-16000-C,7322.66,83.69,0.038,32.0,0.0425,15.0,86.32,13.03637,-3.19073,4.52064,6e-05,0.16524
7601.65,BTC-26JUN20,1578135541078,open,0.04,157.1,0.0175,0.081,0.04040685,85.11,0.04,0.0,BTC-26JUN20-16000-C,7322.66,83.69,0.038,32.0,0.043,34.0,86.61,13.03637,-3.19073,4.52064,6e-05,0.16524
139.69,SYN.ETH-25SEP20,1578135541081,open,2.77,0.0,2.639,2.938,2.779577,108.17,None,0.0,ETH-25SEP20-520-P,133.38,0.0,0.0,0.0,0.0,0.0,0.0,0.29779,-0.0608,-3.662,0.00194,-0.83292
7601.65,BTC-26JUN20,1578135541091,open,0.04,157.1,0.0175,0.081,0.04040685,85.11,0.04,0.0,BTC-26JUN20-16000-C,7322.66,83.69,0.038,32.0,0.0425,15.0,86.32,13.03637,-3.19073,4.52064,6e-05,0.16524
7601.65,BTC-26JUN20,1578135541101,open,0.04,157.1,0.0175,0.081,0.04040685,85.11,0.04,0.0,BTC-26JUN20-16000-C,7322.66,83.69,0.038,32.0,0.043,34.0,86.61,13.03637,-3.19073,4.52064,6e-05,0.16524
7601.65,BTC-26JUN20,1578135541114,open,0.04,157.1,0.0175,0.081,0.04040685,85.11,0.04,0.0,BTC-26JUN20-16000-C,7322.66,83.69,0.038,32.0,0.0425,15.0,86.32,13.03637,-3.19073,4.52064,6e-05,0.16524
7601.65,BTC-26JUN20,1578135541117,open,0.04,157.1,0.0175,0.081,0.04040685,85.11,0.04,0.0,BTC-26JUN20-16000-C,7322.66,83.69,0.038,32.0,0.043,34.0,86.61,13.03637,-3.19073,4.52064,6e-05,0.16524
7601.65,BTC-26JUN20,1578135541125,open,0.04,157.1,0.0175,0.081,0.04040685,85.11,0.04,0.0,BTC-26JUN20-16000-C,7322.66,83.69,0.038,32.0,0.0425,15.0,86.32,13.03637,-3.19073,4.52064,6e-05,0.16524
7601.65,BTC-26JUN20,1578135541130,open,0.04,157.1,0.0175,0.081,0.04040685,85.11,0.04,0.0,BTC-26JUN20-16000-C,7322.66,83.69,0.038,32.0,0.043,34.0,86.61,13.03637,-3.19073,4.52064,6e-05,0.16524
7601.65,BTC-26JUN20,1578135541136,open,0.04,157.1,0.0175,0.081,0.04040685,85.11,0.04,0.0,BTC-26JUN20-16000-C,7322.66,83.69,0.038,32.0,0.0425,15.0,86.32,13.03637,-3.19073,4.52064,6e-05,0.16524
7601.65,BTC-26JUN20,1578135541144,open,0.04,157.1,0.0175,0.081,0.04040685,85.11,0.04,0.0,BTC-26JUN20-16000-C,7322.66,83.69,0.038,32.0,0.043,34.0,86.61,13.03637,-3.19073,4.52064,6e-05,0.16524
7601.65,BTC-26JUN20,1578135541155,open,0.04,157.1,0.0175,0.081,0.04040685,85.11,0.04,0.0,BTC-26JUN20-16000-C,7322.66,83.69,0.038,32.0,0.0425,15.0,86.32,13.03637,-3.19073,4.52064,6e-05,0.16524
7601.65,BTC-26JUN20,1578135541161,open,0.04,157.1,0.0175,0.081,0.04040685,85.11,0.04,0.0,BTC-26JUN20-16000-C,7322.66,83.69,0.038,32.0,0.043,34.0,86.61,13.03637,-3.19073,4.52064,6e-05,0.16524
7601.65,BTC-26JUN20,1578135541168,open,0.04,157.1,0.0175,0.081,0.04040685,85.11,0.04,0.0,BTC-26JUN20-16000-C,7322.66,83.69,0.038,32.0,0.0425,15.0,86.32,13.03637,-3.19073,4.52064,6e-05,0.16524
7601.65,BTC-26JUN20,1578135541180,open,0.04,157.1,0.0175,0.081,0.04040685,85.11,0.04,0.0,BTC-26JUN20-16000-C,7322.66,83.69,0.038,32.0,0.043,34.0,86.61,13.03637,-3.19073,4.52064,6e-05,0.16524
7601.65,BTC-26JUN20,1578135541192,open,0.04,157.1,0.0175,0.081,0.04040685,85.11,0.04,0.0,BTC-26JUN20-16000-C,7322.66,83.69,0.038,32.0,0.0425,15.0,86.32,13.03637,-3.19073,4.52064,6e-05,0.16524
7601.65,BTC-26JUN20,1578135541203,open,0.04,157.1,0.0175,0.081,0.04040685,85.11,0.04,0.0,BTC-26JUN20-16000-C,7322.66,83.69,0.038,32.0,0.043,34.0,86.61,13.03637,-3.19073,4.52064,6e-05,0.16524
7601.65,BTC-26JUN20,1578135541216,open,0.04,157.1,0.0175,0.081,0.04040685,85.11,0.04,0.0,BTC-26JUN20-16000-C,7322.66,83.69,0.038,32.0,0.0425,15.0,86.32,13.03637,-3.19073,4.52064,6e-05,0.16524
7601.65,BTC-26JUN20,1578135541220,open,0.04,157.1,0.0175,0.081,0.04040685,85.11,0.04,0.0,BTC-26JUN20-16000-C,7322.66,83.69,0.038,32.0,0.043,34.0,86.61,13.03637,-3.19073,4.52064,6e-05,0.16524
7601.65,BTC-26JUN20,1578135541230,open,0.04,157.1,0.0175,0.081,0.04040685,85.11,0.04,0.0,BTC-26JUN20-16000-C,7322.66,83.69,0.038,32.0,0.0425,15.0,86.32,13.03637,-3.19073,4.52064,6e-05,0.16524
7601.65,BTC-26JUN20,1578135541236,open,0.04,157.1,0.0175,0.081,0.04040685,85.11,0.04,0.0,BTC-26JUN20-16000-C,7322.66,83.69,0.038,32.0,0.043,34.0,86.61,13.03637,-3.19073,4.52064,6e-05,0.16524
7601.65,BTC-26JUN20,1578135541247,open,0.04,157.1,0.0175,0.081,0.04040685,85.11,0.04,0.0,BTC-26JUN20-16000-C,7322.66,83.69,0.038,32.0,0.0425,15.0,86.32,13.03637,-3.19073,4.52064,6e-05,0.16524
7601.65,BTC-26JUN20,1578135541259,open,0.04,157.1,0.0175,0.081,0.04040685,85.11,0.04,0.0,BTC-26JUN20-16000-C,7322.66,83.69,0.038,32.0,0.043,34.0,86.61,13.03637,-3.19073,4.52064,6e-05,0.16524
7601.65,BTC-26JUN20,1578135541270,open,0.04,157.1,0.0175,0.081,0.04040685,85.11,0.04,0.0,BTC-26JUN20-16000-C,7322.66,83.69,0.038,32.0,0.0425,15.0,86.32,13.03637,-3.19073,4.52064,6e-05,0.16524
7601.65,BTC-26JUN20,1578135541283,open,0.04,157.1,0.0175,0.081,0.04040685,85.11,0.04,0.0,BTC-26JUN20-16000-C,7322.66,83.69,0.038,32.0,0.043,34.0,86.61,13.03637,-3.19073,4.52064,6e-05,0.16524
7601.65,BTC-26JUN20,1578135541296,open,0.04,157.1,0.0175,0.081,0.04040685,85.11,0.04,0.0,BTC-26JUN20-16000-C,7322.66,83.69,0.038,32.0,0.0425,15.0,86.32,13.03637,-3.19073,4.52064,6e-05,0.16524
7601.65,BTC-26JUN20,1578135541304,open,0.04,157.1,0.0175,0.081,0.04040685,85.11,0.04,0.0,BTC-26JUN20-16000-C,7322.66,83.69,0.038,32.0,0.043,34.0,86.61,13.03637,-3.19073,4.52064,6e-05,0.16524
7601.65,BTC-26JUN20,1578135541316,open,0.04,157.1,0.0175,0.081,0.04040685,85.11,0.04,0.0,BTC-26JUN20-16000-C,7322.66,83.69,0.038,32.0,0.0425,15.0,86.32,13.03637,-3.19073,4.52064,6e-05,0.16524
7601.65,BTC-26JUN20,1578135541329,open,0.04,157.1,0.0175,0.081,0.04040685,85.11,0.04,0.0,BTC-26JUN20-16000-C,7322.66,83.69,0.038,32.0,0.043,34.0,86.61,13.03637,-3.19073,4.52064,6e-05,0.16524
7601.65,BTC-26JUN20,1578135541340,open,0.04,157.1,0.0175,0.081,0.04040685,85.11,0.04,0.0,BTC-26JUN20-16000-C,7322.66,83.69,0.038,32.0,0.0425,15.0,86.32,13.03637,-3.19073,4.52064,6e-05,0.16524
7601.65,BTC-26JUN20,1578135541348,open,0.04,157.1,0.0175,0.081,0.04040685,85.11,0.04,0.0,BTC-26JUN20-16000-C,7322.66,83.69,0.038,32.0,0.043,34.0,86.61,13.03637,-3.19073,4.52064,6e-05,0.16524
137.63,ETH-26JUN20,1578135541350,open,0.47,0.0,0.43,0.5,0.464934,88.29,None,0.0,ETH-26JUN20-80-C,133.38,65.77,0.438,49.0,0.486,49.0,103.19,0.18557,-0.04712,0.27474,0.00233,0.88395
7601.65,BTC-26JUN20,1578135541360,open,0.04,157.1,0.0175,0.081,0.04040685,85.11,0.04,0.0,BTC-26JUN20-16000-C,7322.66,83.69,0.038,32.0,0.0425,15.0,86.32,13.03637,-3.19073,4.52064,6e-05,0.16524
135.24,ETH-27MAR20,1578135541365,open,0.1,1560.0,0.059,0.144,0.100242,86.07,0.099,0.0,ETH-27MAR20-160-C,133.38,83.78,0.096,574.0,0.105,418.0,88.61,0.25175,-0.13073,0.09783,0.00704,0.41885
7601.65,BTC-26JUN20,1578135541372,open,0.04,157.1,0.0175,0.081,0.04040685,85.11,0.04,0.0,BTC-26JUN20-16000-C,7322.66,83.69,0.038,32.0,0.043,34.0,86.61,13.03637,-3.19073,4.52064,6e-05,0.16524
137.63,ETH-26JUN20,1578135541379,open,0.47,0.0,0.43,0.5,0.464934,88.29,None,0.0,ETH-26JUN20-80-C,133.38,64.76,0.437,49.0,0.486,49.0,103.19,0.18557,-0.04712,0.27474,0.00233,0.88395
7601.65,BTC-26JUN20,1578135541383,open,0.04,157.1,0.0175,0.081,0.04040685,85.11,0.04,0.0,BTC-26JUN20-16000-C,7322.66,83.69,0.038,32.0,0.0425,15.0,86.32,13.03637,-3.19073,4.52064,6e-05,0.16524
7601.65,BTC-26JUN20,1578135541394,open,0.04,157.1,0.0175,0.081,0.04040685,85.11,0.04,0.0,BTC-26JUN20-16000-C,7322.66,83.69,0.038,32.0,0.043,34.0,86.61,13.03637,-3.19073,4.52064,6e-05,0.16524
7601.65,BTC-26JUN20,1578135541397,open,0.04,157.1,0.0175,0.081,0.04040685,85.11,0.04,0.0,BTC-26JUN20-16000-C,7322.66,83.69,0.038,32.0,0.0425,15.0,86.32,13.03637,-3.19073,4.52064,6e-05,0.16524
7601.65,BTC-26JUN20,1578135541404,open,0.04,157.1,0.0175,0.081,0.04040685,85.11,0.04,0.0,BTC-26JUN20-16000-C,7322.66,83.69,0.038,32.0,0.043,34.0,86.61,13.03637,-3.19073,4.52064,6e-05,0.16524
7601.65,BTC-26JUN20,1578135541415,open,0.04,157.1,0.0175,0.081,0.04040685,85.11,0.04,0.0,BTC-26JUN20-16000-C,7322.66,83.69,0.038,32.0,0.0425,15.0,86.32,13.03637,-3.19073,4.52064,6e-05,0.16524
7601.65,BTC-26JUN20,1578135541426,open,0.04,157.1,0.0175,0.081,0.04040685,85.11,0.04,0.0,BTC-26JUN20-16000-C,7322.66,83.69,0.038,32.0,0.043,34.0,86.61,13.03637,-3.19073,4.52064,6e-05,0.16524
7601.65,BTC-26JUN20,1578135541432,open,0.04,157.1,0.0175,0.081,0.04040685,85.11,0.04,0.0,BTC-26JUN20-16000-C,7322.66,83.69,0.038,32.0,0.0425,15.0,86.32,13.03637,-3.19073,4.52064,6e-05,0.16524
7601.65,BTC-26JUN20,1578135541445,open,0.04,157.1,0.0175,0.081,0.04040685,85.11,0.04,0.0,BTC-26JUN20-16000-C,7322.66,83.69,0.038,32.0,0.043,34.0,86.61,13.03637,-3.19073,4.52064,6e-05,0.16524
7601.65,BTC-26JUN20,1578135541456,open,0.04,157.1,0.0175,0.081,0.04040685,85.11,0.04,0.0,BTC-26JUN20-16000-C,7322.66,83.69,0.038,32.0,0.0425,15.0,86.32,13.03637,-3.19073,4.52064,6e-05,0.16524
7601.65,BTC-26JUN20,1578135541466,open,0.04,157.1,0.0175,0.081,0.04040685,85.11,0.04,0.0,BTC-26JUN20-16000-C,7322.66,83.69,0.038,32.0,0.043,34.0,86.61,13.03637,-3.19073,4.52064,6e-05,0.16524
7601.65,BTC-26JUN20,1578135541472,open,0.04,157.1,0.0175,0.081,0.04040685,85.11,0.04,0.0,BTC-26JUN20-16000-C,7322.66,83.69,0.038,32.0,0.0425,15.0,86.32,13.03637,-3.19073,4.52064,6e-05,0.16524
7601.65,BTC-26JUN20,1578135541481,open,0.04,157.1,0.0175,0.081,0.04040685,85.11,0.04,0.0,BTC-26JUN20-16000-C,7322.66,83.69,0.038,32.0,0.043,34.0,86.61,13.03637,-3.19073,4.52064,6e-05,0.16524
7601.65,BTC-26JUN20,1578135541488,open,0.04,157.1,0.0175,0.081,0.04040685,85.11,0.04,0.0,BTC-26JUN20-16000-C,7322.66,83.69,0.038,32.0,0.0425,15.0,86.32,13.03637,-3.19073,4.52064,6e-05,0.16524
7601.65,BTC-26JUN20,1578135541496,open,0.04,157.1,0.0175,0.081,0.04040685,85.11,0.04,0.0,BTC-26JUN20-16000-C,7322.66,83.69,0.038,32.0,0.043,34.0,86.61,13.03637,-3.19073,4.52064,6e-05,0.16524
7601.65,BTC-26JUN20,1578135541507,open,0.04,157.1,0.0175,0.081,0.04040685,85.11,0.04,0.0,BTC-26JUN20-16000-C,7322.66,83.69,0.038,32.0,0.0425,15.0,86.32,13.03637,-3.19073,4.52064,6e-05,0.16524
7601.65,BTC-26JUN20,1578135541514,open,0.04,157.1,0.0175,0.081,0.04040685,85.11,0.04,0.0,BTC-26JUN20-16000-C,7322.66,83.69,0.038,32.0,0.043,34.0,86.61,13.03637,-3.19073,4.52064,6e-05,0.16524
7601.65,BTC-26JUN20,1578135541519,open,0.04,157.1,0.0175,0.081,0.04040685,85.11,0.04,0.0,BTC-26JUN20-16000-C,7322.66,83.69,0.038,32.0,0.0425,15.0,86.32,13.03637,-3.19073,4.52064,6e-05,0.16524
7601.65,BTC-26JUN20,1578135541523,open,0.04,157.1,0.0175,0.081,0.04040685,85.11,0.04,0.0,BTC-26JUN20-16000-C,7322.66,83.69,0.038,32.0,0.043,34.0,86.61,13.03637,-3.19073,4.52064,6e-05,0.16524
137.63,ETH-26JUN20,1578135541532,open,0.47,0.0,0.43,0.5,0.464934,88.29,None,0.0,ETH-26JUN20-80-C,133.38,64.76,0.437,49.0,0.487,49.0,103.87,0.18557,-0.04712,0.27474,0.00233,0.88395
7601.65,BTC-26JUN20,1578135541533,open,0.04,157.1,0.0175,0.081,0.04040685,85.11,0.04,0.0,BTC-26JUN20-16000-C,7322.66,83.69,0.038,32.0,0.0425,15.0,86.32,13.03637,-3.19073,4.52064,6e-05,0.16524
137.63,ETH-26JUN20,1578135541534,open,0.37,1.0,0.324,0.414,0.370053,88.3,0.38,0.0,ETH-26JUN20-100-C,133.38,67.13,0.33,48.0,0.396,48.0,101.46,0.2688,-0.06825,0.27954,0.00337,0.79639
7601.65,BTC-26JUN20,1578135541538,open,0.04,157.1,0.0175,0.081,0.04040685,85.11,0.04,0.0,BTC-26JUN20-16000-C,7322.66,83.69,0.038,32.0,0.043,34.0,86.61,13.03637,-3.19073,4.52064,6e-05,0.16524
7601.65,BTC-26JUN20,1578135541546,open,0.04,157.1,0.0175,0.081,0.04040685,85.11,0.04,0.0,BTC-26JUN20-16000-C,7322.66,83.69,0.038,32.0,0.0425,15.0,86.32,13.03637,-3.19073,4.52064,6e-05,0.16524
7601.65,BTC-26JUN20,1578135541560,open,0.04,157.1,0.0175,0.081,0.04040685,85.11,0.04,0.0,BTC-26JUN20-16000-C,7322.66,83.69,0.038,32.0,0.043,34.0,86.61,13.03637,-3.19073,4.52064,6e-05,0.16524
7601.65,BTC-26JUN20,1578135541565,open,0.04,157.1,0.0175,0.081,0.04040685,85.11,0.04,0.0,BTC-26JUN20-16000-C,7322.66,83.69,0.038,32.0,0.0425,15.0,86.32,13.03637,-3.19073,4.52064,6e-05,0.16524
7601.65,BTC-26JUN20,1578135541576,open,0.04,157.1,0.0175,0.081,0.04040685,85.11,0.04,0.0,BTC-26JUN20-16000-C,7322.66,83.69,0.038,32.0,0.043,34.0,86.61,13.03637,-3.19073,4.52064,6e-05,0.16524
7601.65,BTC-26JUN20,1578135541587,open,0.04,157.1,0.0175,0.081,0.04040685,85.11,0.04,0.0,BTC-26JUN20-16000-C,7322.66,83.69,0.038,32.0,0.0425,15.0,86.32,13.03637,-3.19073,4.52064,6e-05,0.16524
7601.65,BTC-26JUN20,1578135541602,open,0.04,157.1,0.0175,0.081,0.04040685,85.11,0.04,0.0,BTC-26JUN20-16000-C,7322.66,83.69,0.038,32.0,0.043,34.0,86.61,13.03637,-3.19073,4.52064,6e-05,0.16524
133.67,SYN.ETH-17JAN20,1578135541618,open,0.26,0.0,0.23,0.279,0.254077,87.42,None,0.0,ETH-17JAN20-100-C,133.38,0.0,0.251,1.0,0.269,6.0,144.8,0.01811,-0.06147,0.03365,0.00329,0.96781
7341.78,SYN.BTC-17JAN20,1578135541621,open,0.03,91.5,0.016,0.06,0.02618274,47.46,0.0255,0.0,BTC-17JAN20-7500-C,7322.66,44.49,0.024,15.0,0.0275,31.0,49.25,5.39793,-9.94931,1.02733,0.0006,0.42285
7715.36,SYN.BTC-25SEP20,1578135541632,open,0.2,36.5,0.153,0.261,0.20108345,76.9,0.191,0.0,BTC-25SEP20-7000-P,7322.66,73.91,0.192,0.5,0.197,12.5,75.56,23.41126,-3.39839,-29.00738,7e-05,-0.31701
7601.94,BTC-26JUN20,1578135541634,open,0.16,345.2,0.1165,0.211,0.15833469,74.76,0.1555,0.0,BTC-26JUN20-7000-P,7322.66,73.03,0.154,0.5,0.1595,11.0,75.21,19.18189,-4.12352,-17.97595,9e-05,-0.33802
7601.94,BTC-26JUN20,1578135541639,open,0.15,187.5,0.1045,0.2005,0.1472861,76.73,0.1435,0.0,BTC-26JUN20-9000-C,7322.66,75.18,0.143,12.4,0.1485,18.2,77.18,20.90135,-4.61172,11.99401,0.0001,0.47847
7405.1,SYN.BTC-28FEB20,1578135541644,open,0.02,51.1,0.0055,0.0335,0.01534794,68.97,0.0165,0.0,BTC-28FEB20-5500-P,7322.66,67.04,0.014,49.0,0.0165,58.0,70.57,5.27104,-3.31223,-1.35534,9e-05,-0.10639
7447.32,BTC-27MAR20,1578135541647,open,0.02,1628.5,0.008,0.049,0.02239209,78.4,0.0225,0.0,BTC-27MAR20-12000-C,7322.66,77.54,0.0215,41.0,0.0235,3.0,79.44,7.81371,-3.69566,1.95143,8e-05,0.1378
7601.65,BTC-26JUN20,1578135541651,open,0.04,157.1,0.0175,0.081,0.04040953,85.11,0.04,0.0,BTC-26JUN20-16000-C,7322.66,83.69,0.038,32.0,0.0425,15.0,86.32,13.03637,-3.19073,4.52064,6e-05,0.16524
7601.65,BTC-26JUN20,1578135541661,open,0.04,157.1,0.0175,0.081,0.04040953,85.11,0.04,0.0,BTC-26JUN20-16000-C,7322.66,83.69,0.038,32.0,0.043,34.0,86.61,13.03637,-3.19073,4.52064,6e-05,0.16524
7601.65,BTC-26JUN20,1578135541668,open,0.04,157.1,0.0175,0.081,0.04040953,85.11,0.04,0.0,BTC-26JUN20-16000-C,7322.66,83.69,0.038,32.0,0.0425,15.0,86.32,13.03637,-3.19073,4.52064,6e-05,0.16524
7601.65,BTC-26JUN20,1578135541675,open,0.04,157.1,0.0175,0.081,0.04040953,85.11,0.04,0.0,BTC-26JUN20-16000-C,7322.66,83.69,0.038,32.0,0.043,34.0,86.61,13.03637,-3.19073,4.52064,6e-05,0.16524
7601.65,BTC-26JUN20,1578135541680,open,0.04,157.1,0.0175,0.081,0.04040953,85.11,0.04,0.0,BTC-26JUN20-16000-C,7322.66,83.69,0.038,32.0,0.0425,15.0,86.32,13.03637,-3.19073,4.52064,6e-05,0.16524
7601.65,BTC-26JUN20,1578135541694,open,0.04,157.1,0.0175,0.081,0.04040953,85.11,0.04,0.0,BTC-26JUN20-16000-C,7322.66,83.69,0.038,32.0,0.043,34.0,86.61,13.03637,-3.19073,4.52064,6e-05,0.16524
7601.65,BTC-26JUN20,1578135541707,open,0.04,157.1,0.0175,0.081,0.04040953,85.11,0.04,0.0,BTC-26JUN20-16000-C,7322.66,83.69,0.038,32.0,0.0425,15.0,86.32,13.03637,-3.19073,4.52064,6e-05,0.16524
7601.65,BTC-26JUN20,1578135541712,open,0.04,157.1,0.0175,0.081,0.04040953,85.11,0.04,0.0,BTC-26JUN20-16000-C,7322.66,83.69,0.038,32.0,0.043,34.0,86.61,13.03637,-3.19073,4.52064,6e-05,0.16524
7601.65,BTC-26JUN20,1578135541721,open,0.04,157.1,0.0175,0.081,0.04040953,85.11,0.04,0.0,BTC-26JUN20-16000-C,7322.66,83.69,0.038,32.0,0.0425,15.0,86.32,13.03637,-3.19073,4.52064,6e-05,0.16524
7601.65,BTC-26JUN20,1578135541728,open,0.04,157.1,0.0175,0.081,0.04040953,85.11,0.04,0.0,BTC-26JUN20-16000-C,7322.66,83.69,0.038,32.0,0.043,34.0,86.61,13.03637,-3.19073,4.52064,6e-05,0.16524
7601.65,BTC-26JUN20,1578135541733,open,0.04,157.1,0.0175,0.081,0.04040953,85.11,0.04,0.0,BTC-26JUN20-16000-C,7322.66,83.69,0.038,32.0,0.0425,15.0,86.32,13.03637,-3.19073,4.52064,6e-05,0.16524
139.69,SYN.ETH-25SEP20,1578135541761,open,0.1,59.0,0.05,0.159,0.099559,97.5,0.105,0.0,ETH-25SEP20-320-C,133.38,95.9,0.095,293.0,0.105,393.0,99.38,0.4006,-0.07373,0.18296,0.0029,0.28004
139.69,SYN.ETH-25SEP20,1578135541761,open,1.12,0.0,1.022,1.234,1.124208,95.58,None,0.0,ETH-25SEP20-280-P,133.38,0.0,0.0,0.0,1.137,1.0,99.69,0.42961,-0.07751,-1.82135,0.00317,-0.67253
7602.13,BTC-26JUN20,1578135541817,open,0.43,136.4,0.3755,0.498,0.4308544,76.98,0.46,0.0,BTC-26JUN20-10000-P,7322.71,65.0,0.3995,6.0,0.4565,6.0,86.49,20.28648,-4.49056,-37.29008,0.0001,-0.59885
7447.77,BTC-27MAR20,1578135541817,open,0.01,517.2,0.004,0.036,0.01381059,84.72,0.013,0.0,BTC-27MAR20-14000-C,7322.71,83.63,0.013,20.0,0.015,39.0,86.27,5.60379,-2.86436,1.23223,5e-05,0.08668
7447.77,BTC-27MAR20,1578135541817,open,3.29,0.0,3.2125,3.39,3.29753533,111.11,None,0.0,BTC-27MAR20-32000-P,7322.71,0.0,0.0015,10.0,0.0,0.0,0.0,0.63992,-0.42898,-72.56574,0.0,-0.99359
7447.77,BTC-27MAR20,1578135541817,open,4.36,1.0,4.2655,4.483,4.37106323,113.88,4.54,0.0,BTC-27MAR20-40000-P,7322.71,0.0,0.0015,10.0,0.0,0.0,0.0,0.26076,-0.17915,-90.78843,0.0,-0.99765
7602.13,BTC-26JUN20,1578135541817,open,1.91,0.0,1.8455,2.001,1.915041,92.74,None,0.0,BTC-26JUN20-22000-P,7322.71,0.0,0.11,1.0,2.22,0.1,224.21,8.52926,-2.2747,-102.3027,3e-05,-0.90988
7342.1,SYN.BTC-17JAN20,1578135541817,open,0.0,9.4,0.0005,0.0155,0.00444299,63.32,0.0045,0.0,BTC-17JAN20-6250-P,7322.71,61.68,0.004,30.0,0.005,7.5,65.29,2.0258,-4.98151,-0.21547,0.00017,-0.07875
7447.77,BTC-27MAR20,1578135541817,open,0.0,169.6,0.0005,0.011,0.00124118,110.0,0.0015,0.0,BTC-27MAR20-30000-C,7322.71,112.24,0.0015,10.1,0.0025,49.0,118.9,0.80221,-0.53237,0.11912,1e-05,0.00829
7602.13,BTC-26JUN20,1578135541817,open,1.4,1.1,1.336,1.4795,1.3996032,88.04,1.35,0.0,BTC-26JUN20-18000-P,7322.71,0.0,1.0,0.1,2.1,0.1,388.81,11.24543,-2.84685,-82.10256,5e-05,-0.86752
7331.53,SYN.BTC-10JAN20,1578135541817,open,0.0,170.7,0.0005,0.0115,0.00158219,56.5,0.002,0.0,BTC-10JAN20-8250-C,7322.71,55.9,0.0015,3.0,0.002,31.5,59.33,1.01444,-4.8776,0.06144,0.00021,0.05364
7447.82,BTC-27MAR20,1578135541818,open,0.11,1400.7,0.078,0.1545,0.11221391,74.63,0.105,0.0,BTC-27MAR20-8000-C,7322.71,68.73,0.101,11.6,0.106,23.6,71.36,14.15431,-6.37341,6.40068,0.00015,0.49071
7602.13,BTC-26JUN20,1578135541818,open,3.21,0.0,3.1305,3.33,3.22168215,104.72,None,0.0,BTC-26JUN20-32000-P,7322.71,0.0,0.002,1.0,0.0,0.0,0.0,5.57076,-1.67761,-151.00777,2e-05,-0.94814
7447.82,BTC-27MAR20,1578135541818,open,0.47,7.4,0.455,0.4895,0.47032258,83.74,0.4255,0.0,BTC-27MAR20-4000-C,7322.71,44.22,0.463,10.0,0.48,10.0,102.76,3.02248,-1.52699,8.29054,3e-05,0.96057
7405.5,SYN.BTC-28FEB20,1578135541816,open,0.31,0.0,0.273,0.35,0.30811091,66.01,None,0.0,BTC-28FEB20-9500-P,7322.71,0.0,0.0,0.0,0.0,0.0,0.0,8.01472,-4.82024,-12.34855,0.00015,-0.801
7602.13,BTC-26JUN20,1578135541819,open,2.17,0.0,2.102,2.2665,2.17565667,95.7,None,0.0,BTC-26JUN20-24000-P,7322.71,0.0,0.002,1.0,0.0,0.0,0.0,7.74346,-2.13092,-112.13531,3e-05,-0.92077
7602.13,BTC-26JUN20,1578135541819,open,0.05,323.0,0.027,0.081,0.04867781,75.01,0.058,0.0,BTC-26JUN20-5000-P,7322.71,73.28,0.046,14.4,0.051,34.2,76.5,11.83223,-2.55228,-6.93161,6e-05,-0.14273
7447.82,BTC-27MAR20,1578135541820,open,1.69,5.2,1.634,1.7575,1.69083528,100.47,2.035,0.0,BTC-27MAR20-20000-P,7322.71,0.0,0.0015,10.0,0.0,0.0,0.0,2.68269,-1.62609,-44.92784,2e-05,-0.96592
7447.82,BTC-27MAR20,1578135541820,open,0.0,161.1,0.0005,0.015,0.00342598,107.48,0.0035,0.0,BTC-27MAR20-24000-C,7322.71,103.24,0.0025,50.0,0.004,62.0,109.72,1.80816,-1.17244,0.30125,1e-05,0.02124
7447.82,BTC-27MAR20,1578135541821,open,0.0,73.2,0.0005,0.0115,0.00182241,110.0,0.0025,0.0,BTC-27MAR20-28000-C,7322.71,111.17,0.002,12.0,0.003,62.0,116.68,1.09019,-0.72349,0.16826,1e-05,0.01177
7447.82,BTC-27MAR20,1578135541821,open,0.01,515.9,0.0005,0.02,0.00540893,100.25,0.0045,0.0,BTC-27MAR20-20000-C,7322.71,99.08,0.005,22.0,0.006,26.0,101.86,2.65869,-1.60811,0.47853,2e-05,0.03371
7447.82,BTC-27MAR20,1578135541822,open,0.01,456.6,0.0005,0.024,0.00713035,95.98,0.007,0.0,BTC-27MAR20-18000-C,7322.71,94.53,0.0065,22.0,0.0075,24.0,96.79,3.33296,-1.92996,0.63172,3e-05,0.04449
7363.23,SYN.BTC-31JAN20,1578135541817,open,0.02,782.4,0.005,0.034,0.01554426,56.64,0.0175,0.0,BTC-31JAN20-8500-C,7322.71,55.23,0.0145,15.0,0.0165,36.3,57.9,5.51987,-5.81648,0.97647,0.00024,0.19565
7447.82,BTC-27MAR20,1578135541822,open,0.16,520.8,0.126,0.199,0.159803,69.48,0.162,0.0,BTC-27MAR20-7000-C,7322.71,67.91,0.157,10.0,0.1625,10.0,70.99,13.3037,-5.57683,8.08492,0.00015,0.6379
7715.8,SYN.BTC-25SEP20,1578135541816,open,0.91,1.1,0.8425,0.9985,0.91240961,81.57,0.99,0.0,BTC-25SEP20-14000-P,7322.71,54.54,0.8435,1.0,0.955,1.0,95.25,23.02476,-3.54534,-90.00066,7e-05,-0.69496
7405.5,SYN.BTC-28FEB20,1578135541816,open,0.27,0.0,0.2505,0.298,0.27261708,68.92,None,0.0,BTC-28FEB20-5500-C,7322.71,35.84,0.258,9.0,0.2945,9.0,94.91,5.26604,-3.30705,6.91558,9e-05,0.89375
7447.82,BTC-27MAR20,1578135541823,open,0.0,115.2,0.0005,0.013,0.00270035,109.96,0.004,0.0,BTC-27MAR20-26000-C,7322.71,106.07,0.002,37.1,0.0035,62.0,113.62,1.48369,-0.98428,0.23901,1e-05,0.01683
7342.1,SYN.BTC-17JAN20,1578135541817,open,0.02,80.0,0.006,0.046,0.01563484,48.02,0.0145,0.0,BTC-17JAN20-7750-C,7322.71,47.81,0.0155,1.0,0.0165,38.0,49.36,4.71773,-8.79765,0.70972,0.00052,0.28966
7715.8,SYN.BTC-25SEP20,1578135541816,open,0.04,53.3,0.02,0.066,0.03792166,77.0,0.043,0.0,BTC-25SEP20-4000-P,7322.71,74.16,0.034,16.0,0.037,0.1,76.35,10.83515,-1.57498,-7.26565,3e-05,-0.09184
7405.5,SYN.BTC-28FEB20,1578135541817,open,0.03,83.4,0.016,0.0615,0.034122,64.45,0.036,0.0,BTC-28FEB20-9000-C,7322.71,63.55,0.033,15.0,0.035,19.3,65.15,9.24133,-5.42668,2.47153,0.00017,0.25611
7715.8,SYN.BTC-25SEP20,1578135541816,open,0.47,2.1,0.404,0.5425,0.46672234,77.52,0.51,0.0,BTC-25SEP20-10000-P,7322.71,59.71,0.407,3.0,0.5095,3.0,90.12,26.17088,-3.82983,-55.52362,8e-05,-0.5249
7363.23,SYN.BTC-31JAN20,1578135541818,open,0.17,15.2,0.142,0.2025,0.16998227,56.71,0.2965,0.0,BTC-31JAN20-8500-P,7322.71,0.0,0.005,0.1,0.0,0.0,0.0,5.52589,-5.83018,-5.28063,0.00024,-0.804
7342.1,SYN.BTC-17JAN20,1578135541817,open,0.13,0.0,0.1065,0.163,0.12935823,51.54,None,0.0,BTC-17JAN20-8250-P,7322.71,0.0,0.0005,1.0,0.0,0.0,0.0,2.82036,-5.64497,-2.60426,0.00029,-0.87615
7363.23,SYN.BTC-31JAN20,1578135541822,open,0.49,0.0,0.4655,0.5325,0.49661176,77.2,None,0.0,BTC-31JAN20-11000-P,7322.71,0.0,0.002,0.1,0.0,0.0,0.0,1.54538,-2.21955,-7.92419,5e-05,-0.96496
7331.53,SYN.BTC-10JAN20,1578135541817,open,0.0,195.3,0.0005,0.011,0.00106257,83.26,0.001,0.0,BTC-10JAN20-6000-P,7322.71,74.03,0.0005,17.8,0.0015,32.7,88.46,0.55419,-3.9264,-0.03144,8e-05,-0.02558
7405.5,SYN.BTC-28FEB20,1578135541817,open,0.22,0.3,0.1905,0.2445,0.21572842,65.44,0.1885,0.0,BTC-28FEB20-6000-C,7322.71,45.05,0.1985,9.0,0.242,9.0,89.93,7.2516,-4.32406,6.8451,0.00013,0.83053
7363.23,SYN.BTC-31JAN20,1578135541819,open,0.0,230.7,0.0005,0.013,0.00337218,72.75,0.0035,0.0,BTC-31JAN20-10500-C,7322.71,71.24,0.003,15.0,0.004,24.0,75.08,1.88233,-2.5476,0.22385,6e-05,0.04466
7342.1,SYN.BTC-17JAN20,1578135541817,open,0.16,0.0,0.1375,0.193,0.16150275,54.59,None,0.0,BTC-17JAN20-8500-P,7322.71,0.0,0.0005,2.0,0.0,0.0,0.0,2.13145,-4.5182,-2.79009,0.00021,-0.91576
7405.5,SYN.BTC-28FEB20,1578135541816,open,0.49,0.0,0.4615,0.5405,0.49734259,72.05,None,0.0,BTC-28FEB20-11000-P,7322.71,0.0,0.0,0.0,0.0,0.0,0.0,5.07121,-3.32918,-15.548,9e-05,-0.89913
7715.8,SYN.BTC-25SEP20,1578135541817,open,1.64,1.1,1.568,1.739,1.64385653,86.23,1.75,0.0,BTC-25SEP20-20000-P,7322.71,58.51,1.6005,1.0,1.6865,1.0,103.26,17.02703,-2.77164,-138.16096,5e-05,-0.82363
7363.23,SYN.BTC-31JAN20,1578135541821,open,0.56,0.0,0.532,0.6005,0.56381366,80.1,None,0.0,BTC-31JAN20-11500-P,7322.71,0.0,0.0015,10.0,0.0,0.0,0.0,1.20827,-1.80065,-8.33735,4e-05,-0.97396
7363.23,SYN.BTC-31JAN20,1578135541819,open,0.36,0.0,0.333,0.3965,0.36257133,68.44,None,0.0,BTC-31JAN20-10000-P,7322.71,0.0,0.002,0.1,0.0,0.0,0.0,2.37823,-3.02817,-7.06248,9e-05,-0.94006
7715.8,SYN.BTC-25SEP20,1578135541816,open,0.68,1.0,0.6155,0.7645,0.68268714,79.73,0.705,0.0,BTC-25SEP20-12000-P,7322.71,58.3,0.6175,2.0,0.7255,2.0,92.69,24.98665,-3.76049,-73.05119,7e-05,-0.62197
7331.53,SYN.BTC-10JAN20,1578135541816,open,0.22,0.0,0.204,0.2555,0.2281667,75.13,None,0.0,BTC-10JAN20-9000-P,7322.71,0.0,0.0005,6.0,0.0,0.0,0.0,0.40622,-2.59705,-1.42859,6e-05,-0.98228
7715.8,SYN.BTC-25SEP20,1578135541816,open,1.39,1.9,1.3215,1.4875,1.39529992,84.7,1.51,0.0,BTC-25SEP20-18000-P,7322.71,61.65,1.3505,1.0,1.4375,1.0,100.4,18.83861,-3.01205,-122.47042,5e-05,-0.79196
7405.5,SYN.BTC-28FEB20,1578135541816,open,0.04,282.3,0.023,0.0705,0.04280239,63.04,0.0445,0.0,BTC-28FEB20-6500-P,7322.71,61.59,0.041,34.3,0.0435,10.0,63.6,9.23896,-5.30672,-3.32658,0.00018,-0.25598
7363.23,SYN.BTC-31JAN20,1578135541821,open,0.29,4.8,0.2675,0.3295,0.29640143,63.99,0.3445,0.0,BTC-31JAN20-9500-P,7322.71,0.0,0.002,0.1,0.0,0.0,0.0,3.07358,-3.65905,-6.57486,0.00012,-0.91629
7342.1,SYN.BTC-17JAN20,1578135541817,open,0.0,1.5,0.0005,0.012,0.0020928,62.01,0.0035,0.0,BTC-17JAN20-9000-C,7322.71,54.59,0.001,52.0,0.0025,30.0,64.16,1.31941,-3.17725,0.1125,0.00011,0.04553
7342.1,SYN.BTC-17JAN20,1578135541817,open,0.16,0.0,0.133,0.175,0.15315107,63.19,0.116,0.0,BTC-17JAN20-6250-C,7322.71,37.66,0.149,7.0,0.1725,7.0,110.15,2.01803,-4.95202,1.9904,0.00017,0.92165
7405.5,SYN.BTC-28FEB20,1578135541816,open,0.25,0.0,0.2145,0.291,0.24949978,64.5,None,0.0,BTC-28FEB20-9000-P,7322.71,0.0,0.0,0.0,0.0,0.0,0.0,9.24575,-5.43367,-11.05757,0.00017,-0.74366
7331.53,SYN.BTC-10JAN20,1578135541817,open,0.0,58.5,0.0005,0.0105,0.00089438,70.67,0.001,0.0,BTC-10JAN20-8750-C,7322.71,64.74,0.0005,21.2,0.001,30.0,71.96,0.57889,-3.48148,0.03075,9e-05,0.02695
7715.8,SYN.BTC-25SEP20,1578135541816,open,0.37,2.3,0.311,0.4425,0.37063263,77.48,0.395,0.0,BTC-25SEP20-9000-P,7322.71,69.03,0.342,8.0,0.386,8.0,82.03,26.0996,-3.81702,-46.59163,8e-05,-0.46147
7715.8,SYN.BTC-25SEP20,1578135541816,open,1.15,1.1,1.079,1.24,1.15064418,83.09,1.25,0.0,BTC-25SEP20-16000-P,7322.71,44.15,1.079,1.0,1.193,1.0,97.72,20.85921,-3.2717,-106.45701,6e-05,-0.75063
7363.23,SYN.BTC-31JAN20,1578135541818,open,0.04,577.7,0.0185,0.0615,0.03669063,55.04,0.034,0.0,BTC-31JAN20-7000-P,7322.71,53.34,0.035,35.3,0.037,1.0,55.36,7.31823,-7.49427,-2.04049,0.00033,-0.33967
7331.53,SYN.BTC-10JAN20,1578135541817,open,0.12,0.0,0.104,0.154,0.12690516,56.83,None,0.0,BTC-10JAN20-8250-P,7322.71,0.0,0.0,0.0,0.0,0.0,0.0,1.03056,-4.98418,-1.26541,0.00021,-0.94528
7342.1,SYN.BTC-17JAN20,1578135541817,open,0.07,0.0,0.0535,0.109,0.07123681,48.09,None,0.0,BTC-17JAN20-7750-P,7322.71,18.6,0.0565,7.1,0.072,0.3,49.27,4.72019,-8.81515,-2.02344,0.00052,-0.71002
7363.23,SYN.BTC-31JAN20,1578135541822,open,0.0,754.9,0.0005,0.015,0.00440897,68.24,0.005,0.0,BTC-31JAN20-10000-C,7322.71,66.93,0.004,15.0,0.005,24.0,70.03,2.35978,-2.99608,0.29786,9e-05,0.05935
7342.1,SYN.BTC-17JAN20,1578135541817,open,0.0,8.5,0.0005,0.012,0.00235472,76.76,0.0025,0.0,BTC-17JAN20-5750-P,7322.71,70.61,0.0015,60.0,0.003,45.1,80.59,1.15367,-3.43879,-0.106,8e-05,-0.03857
7363.23,SYN.BTC-31JAN20,1578135541818,open,0.01,750.5,0.0005,0.0165,0.00542401,73.34,0.005,0.0,BTC-31JAN20-5500-P,7322.71,71.98,0.005,4.8,0.0055,24.0,73.58,2.34034,-3.19309,-0.34779,8e-05,-0.05872
7363.23,SYN.BTC-31JAN20,1578135541819,open,0.01,1146.4,0.0005,0.0235,0.00931083,64.31,0.0085,0.0,BTC-31JAN20-6000-P,7322.71,61.55,0.008,40.0,0.01,43.0,65.7,3.60174,-4.30938,-0.61298,0.00014,-0.10375
7363.23,SYN.BTC-31JAN20,1578135541822,open,0.63,0.0,0.5985,0.6695,0.63152229,84.99,None,0.0,BTC-31JAN20-12000-P,7322.71,0.0,0.0015,10.0,0.0,0.0,0.0,1.07338,-1.69718,-8.72301,3e-05,-0.97738
7363.23,SYN.BTC-31JAN20,1578135541819,open,0.43,0.0,0.3995,0.4645,0.42944266,73.01,None,0.0,BTC-31JAN20-10500-P,7322.71,0.0,0.002,0.1,0.0,0.0,0.0,1.90381,-2.5858,-7.50444,7e-05,-0.95471
7363.23,SYN.BTC-31JAN20,1578135541822,open,0.0,444.7,0.0005,0.013,0.00306318,82.17,0.0035,0.0,BTC-31JAN20-5000-P,7322.71,79.14,0.0025,0.5,0.0035,39.0,84.31,1.44697,-2.21209,-0.19199,4e-05,-0.03235
7363.23,SYN.BTC-31JAN20,1578135541823,open,0.0,134.2,0.0005,0.0115,0.00192694,79.66,0.0015,0.0,BTC-31JAN20-11500-C,7322.71,76.78,0.0015,37.0,0.0025,24.0,82.94,1.18007,-1.7488,0.1268,4e-05,0.02532
7363.23,SYN.BTC-31JAN20,1578135541822,open,0.0,393.3,0.0005,0.0125,0.00263316,76.87,0.003,0.0,BTC-31JAN20-11000-C,7322.71,73.54,0.002,55.0,0.003,24.0,78.57,1.52101,-2.17511,0.17207,5e-05,0.03437
137.63,ETH-26JUN20,1578135541835,open,0.29,321.0,0.238,0.341,0.291067,87.23,0.282,0.0,ETH-26JUN20-120-C,133.38,69.29,0.248,50.0,0.296,180.0,89.3,0.32953,-0.08266,0.26911,0.00419,0.7015
7342.1,SYN.BTC-17JAN20,1578135541945,open,0.03,91.5,0.016,0.06,0.0261678,47.42,0.0255,0.0,BTC-17JAN20-7500-C,7322.71,44.47,0.024,15.0,0.0275,46.0,49.23,5.3984,-9.94105,1.02764,0.0006,0.42294
7602.13,BTC-26JUN20,1578135541950,open,0.16,345.2,0.1165,0.211,0.15833469,74.75,0.1555,0.0,BTC-26JUN20-7000-P,7322.71,73.03,0.154,0.5,0.1595,0.8,75.21,19.18205,-4.12317,-17.97479,9e-05,-0.33801
7447.77,BTC-27MAR20,1578135541952,open,0.02,1628.5,0.008,0.049,0.02239209,78.39,0.0225,0.0,BTC-27MAR20-12000-C,7322.71,77.53,0.0215,26.0,0.0235,3.0,79.43,7.81422,-3.69551,1.9516,8e-05,0.1378
137.63,ETH-26JUN20,1578135542095,open,0.02,295.0,0.005,0.052,0.021398,113.17,0.017,0.0,ETH-26JUN20-560-C,133.38,110.75,0.019,120.0,0.024,420.0,115.62,0.141,-0.04589,0.03831,0.00138,0.07984
137.63,ETH-26JUN20,1578135542162,open,0.7,0.0,0.623,0.793,0.705437,93.04,None,0.0,ETH-26JUN20-220-P,133.38,0.0,0.598,50.0,0.0,0.0,0.0,0.34851,-0.09324,-0.89447,0.00415,-0.65885
135.24,ETH-27MAR20,1578135542162,open,2.25,0.0,2.16,2.371,2.259673,117.47,None,0.0,ETH-27MAR20-440-P,133.38,0.0,0.003,50.0,0.0,0.0,0.0,0.04838,-0.03429,-0.99058,0.00099,-0.96621
137.63,ETH-26JUN20,1578135542170,open,1.65,1.0,1.559,1.773,1.659881,102.66,1.827,0.0,ETH-26JUN20-360-P,133.38,0.0,0.015,2.0,0.0,0.0,0.0,0.22921,-0.06766,-1.64032,0.00247,-0.84202
135.24,ETH-27MAR20,1578135542172,open,1.37,10.0,1.302,1.469,1.379862,106.0,1.59,0.0,ETH-27MAR20-320-P,133.38,0.0,0.011,5.0,0.0,0.0,0.0,0.08951,-0.05724,-0.70832,0.00203,-0.92684
137.63,ETH-26JUN20,1578135542177,open,1.94,0.0,1.838,2.066,1.944654,106.01,None,0.0,ETH-26JUN20-400-P,133.38,0.0,0.01,50.0,0.0,0.0,0.0,0.2087,-0.06362,-1.84055,0.00218,-0.86265
135.24,ETH-27MAR20,1578135542232,open,0.8,118.0,0.737,0.88,0.80436,95.73,0.978,0.0,ETH-27MAR20-240-P,133.38,0.0,0.005,10.0,0.0,0.0,0.0,0.15137,-0.08742,-0.50749,0.00381,-0.84833
137.63,ETH-26JUN20,1578135542232,open,1.1,0.0,1.013,1.203,1.103631,97.45,None,0.0,ETH-26JUN20-280-P,133.38,0.0,0.011,3.0,0.0,0.0,0.0,0.2925,-0.08196,-1.22457,0.00333,-0.76415
137.63,ETH-26JUN20,1578135542232,open,0.02,1346.0,0.007,0.036,0.018159,92.02,0.018,0.0,ETH-26JUN20-60-P,133.38,86.05,0.014,300.0,0.022,1.0,97.03,0.10125,-0.02679,-0.04607,0.00122,-0.05211
137.63,ETH-26JUN20,1578135542232,open,0.07,610.0,0.031,0.118,0.069191,97.45,0.055,0.0,ETH-26JUN20-280-C,133.38,95.93,0.066,140.0,0.073,295.0,99.22,0.2925,-0.08196,0.10927,0.00333,0.23585
133.98,SYN.ETH-31JAN20,1578135542232,open,0.0,825.0,0.001,0.012,0.00244,102.64,0.001,0.0,ETH-31JAN20-240-C,133.38,90.94,0.001,402.0,0.004,300.0,110.87,0.02151,-0.04108,0.00226,0.00159,0.02537
133.98,SYN.ETH-31JAN20,1578135542232,open,0.64,1.0,0.595,0.7,0.644792,91.98,0.739,0.0,ETH-31JAN20-220-P,133.38,0.0,0.011,3.0,0.0,0.0,0.0,0.02562,-0.04383,-0.15918,0.00211,-0.96871
133.98,SYN.ETH-31JAN20,1578135542232,open,0.06,2323.0,0.029,0.087,0.055656,68.78,0.052,0.0,ETH-31JAN20-140-C,133.38,65.37,0.052,507.0,0.059,411.0,71.9,0.14359,-0.18374,0.03826,0.01579,0.44352
137.63,ETH-26JUN20,1578135542234,open,0.05,434.0,0.021,0.098,0.053381,99.59,0.057,0.0,ETH-26JUN20-320-C,133.38,97.75,0.05,140.0,0.057,299.0,101.51,0.25643,-0.07344,0.08852,0.00285,0.1884
135.24,ETH-27MAR20,1578135542234,open,0.18,647.0,0.128,0.23,0.177773,83.03,0.199,0.0,ETH-27MAR20-140-P,133.38,79.45,0.171,144.0,0.183,320.0,85.8,0.25553,-0.128,-0.19463,0.00741,-0.45605
137.63,ETH-26JUN20,1578135542234,open,1.37,0.0,1.284,1.484,1.378456,99.59,1.06,0.0,ETH-26JUN20-320-P,133.38,0.0,0.015,2.0,0.0,0.0,0.0,0.25643,-0.07344,-1.43587,0.00285,-0.8116
135.24,ETH-27MAR20,1578135542234,open,0.01,1572.0,0.001,0.029,0.0104,110.75,0.01,0.0,ETH-27MAR20-360-C,133.38,108.02,0.009,260.0,0.012,260.0,113.61,0.07247,-0.04842,0.01393,0.00158,0.05576
135.24,ETH-27MAR20,1578135542234,open,0.01,1405.0,0.001,0.026,0.008418,115.44,0.007,0.0,ETH-27MAR20-400-C,133.38,112.12,0.007,260.0,0.01,560.0,118.77,0.06099,-0.04248,0.01121,0.00127,0.04492
133.98,SYN.ETH-31JAN20,1578135542234,open,0.35,25.0,0.308,0.399,0.351252,75.23,0.35,0.0,ETH-31JAN20-180-P,133.38,0.0,0.012,5.0,0.0,0.0,0.0,0.05877,-0.08225,-0.12448,0.00591,-0.91056
137.63,ETH-26JUN20,1578135542236,open,0.58,245.0,0.503,0.668,0.583527,92.87,0.71,0.0,ETH-26JUN20-200-P,133.38,0.0,0.453,1.0,0.603,1.0,100.13,0.36612,-0.09778,-0.77828,0.00437,-0.60355
135.24,ETH-27MAR20,1578135542236,open,0.05,3358.0,0.022,0.089,0.051554,90.72,0.053,0.0,ETH-27MAR20-200-C,133.38,89.0,0.049,300.0,0.055,291.0,92.99,0.20277,-0.11098,0.05953,0.00538,0.24541
135.24,ETH-27MAR20,1578135542238,open,0.0,1809.0,0.001,0.012,0.002362,120.0,0.003,0.0,ETH-27MAR20-560-C,133.38,117.74,0.002,670.0,0.006,397.0,135.05,0.02291,-0.01659,0.00355,0.00046,0.01394
135.24,ETH-27MAR20,1578135542238,open,0.0,1747.0,0.001,0.018,0.004876,120.0,0.005,0.0,ETH-27MAR20-480-C,133.38,116.84,0.004,520.0,0.007,520.0,126.35,0.03997,-0.02894,0.00674,0.0008,0.02684
135.24,ETH-27MAR20,1578135542238,open,1.96,5.0,1.874,2.07,1.966123,115.44,2.004,0.0,ETH-27MAR20-400-P,133.38,0.0,0.046,50.0,0.0,0.0,0.0,0.06099,-0.04248,-0.89702,0.00127,-0.95508
135.24,ETH-27MAR20,1578135542238,open,0.1,1687.0,0.06,0.142,0.099102,83.54,0.11,0.0,ETH-27MAR20-120-P,133.38,81.1,0.095,583.0,0.101,50.0,84.67,0.22695,-0.11439,-0.12524,0.00654,-0.30876
137.63,ETH-26JUN20,1578135542238,open,0.05,1008.0,0.023,0.076,0.046203,88.32,0.05,0.0,ETH-26JUN20-80-P,133.38,82.85,0.039,295.0,0.049,200.0,90.37,0.1856,-0.04714,-0.10639,0.00233,-0.11607
133.98,SYN.ETH-31JAN20,1578135542238,open,0.03,1529.0,0.013,0.059,0.03255,71.53,0.036,0.0,ETH-31JAN20-120-P,133.38,68.57,0.03,120.0,0.034,452.0,73.19,0.11627,-0.15473,-0.02818,0.0123,-0.25304
133.98,SYN.ETH-31JAN20,1578135542238,open,0.94,0.0,0.885,1.005,0.941958,105.82,None,0.0,ETH-31JAN20-260-P,133.38,0.0,0.011,3.0,0.0,0.0,0.0,0.01392,-0.0274,-0.19008,0.00099,-0.98481
135.24,ETH-27MAR20,1578135542240,open,0.02,2243.0,0.005,0.046,0.019817,101.57,0.022,0.0,ETH-27MAR20-280-C,133.38,99.4,0.018,260.0,0.022,560.0,104.05,0.116,-0.07108,0.02571,0.00275,0.10354
137.63,ETH-26JUN20,1578135542240,open,0.35,733.0,0.28,0.422,0.350287,89.22,0.355,0.0,ETH-26JUN20-160-P,133.38,82.21,0.331,180.0,0.366,180.0,94.95,0.3782,-0.09703,-0.54092,0.0047,-0.47475
137.63,ETH-26JUN20,1578135542240,open,0.02,195.0,0.006,0.056,0.02383,111.17,0.026,0.0,ETH-26JUN20-520-C,133.38,109.48,0.022,120.0,0.025,2.0,112.21,0.15259,-0.04878,0.04253,0.00152,0.0887
135.24,ETH-27MAR20,1578135542240,open,3.43,0.0,3.308,3.58,3.438231,120.0,None,0.0,ETH-27MAR20-600-P,133.38,0.0,0.03,50.0,0.0,0.0,0.0,0.01744,-0.01263,-1.35973,0.00035,-0.98982
137.63,ETH-26JUN20,1578135542243,open,0.25,1311.0,0.186,0.311,0.247383,87.24,0.252,0.0,ETH-26JUN20-140-P,133.38,81.84,0.233,180.0,0.262,180.0,92.77,0.36513,-0.0916,-0.41955,0.00464,-0.39253
135.24,ETH-27MAR20,1578135542243,open,3.72,0.0,3.595,3.883,3.733527,120.0,None,0.0,ETH-27MAR20-640-P,133.38,0.0,0.01,50.0,0.0,0.0,0.0,0.01334,-0.00966,-1.45123,0.00027,-0.9925
137.63,ETH-26JUN20,1578135542245,open,3.36,0.0,3.238,3.537,3.378413,114.5,None,0.0,ETH-26JUN20-600-P,133.38,0.0,0.01,50.0,0.0,0.0,0.0,0.12904,-0.04249,-2.82403,0.00125,-0.92893
137.63,ETH-26JUN20,1578135542245,open,2.22,0.0,2.116,2.357,2.228826,107.59,None,0.0,ETH-26JUN20-440-P,133.38,0.0,0.01,50.0,0.0,0.0,0.0,0.18585,-0.0575,-2.04067,0.00191,-0.88371
133.98,SYN.ETH-31JAN20,1578135542245,open,0.14,350.0,0.103,0.169,0.136937,71.55,0.125,0.0,ETH-31JAN20-120-C,133.38,64.6,0.131,48.0,0.139,48.0,73.92,0.11629,-0.1548,0.06018,0.0123,0.7469
135.24,ETH-27MAR20,1578135542247,open,0.01,1189.0,0.001,0.021,0.006436,118.13,0.006,0.0,ETH-27MAR20-440-C,133.38,113.88,0.005,590.0,0.008,560.0,122.1,0.04957,-0.03533,0.00871,0.00101,0.03481
134.61,SYN.ETH-28FEB20,1578135542285,open,0.23,5.0,0.188,0.26,0.224885,78.96,0.229,0.0,ETH-28FEB20-110-C,133.39,48.39,0.195,40.0,0.25,40.0,100.58,0.14968,-0.10768,0.11473,0.00696,0.79177
133.98,SYN.ETH-31JAN20,1578135542285,open,0.03,820.0,0.013,0.06,0.033485,69.33,0.034,0.0,ETH-31JAN20-150-C,133.39,66.71,0.031,715.0,0.037,715.0,72.99,0.1276,-0.16459,0.02692,0.01392,0.30638
134.61,SYN.ETH-28FEB20,1578135542284,open,0.19,0.0,0.144,0.242,0.191955,77.83,None,0.0,ETH-28FEB20-150-P,133.39,74.55,0.187,144.0,0.198,144.0,81.82,0.20378,-0.14452,-0.15669,0.00961,-0.5823
134.61,SYN.ETH-28FEB20,1578135542285,open,0.08,86.0,0.043,0.114,0.077638,77.83,0.075,0.0,ETH-28FEB20-150-C,133.39,75.43,0.074,493.0,0.082,637.0,80.71,0.20378,-0.14452,0.06882,0.00961,0.4177
133.98,SYN.ETH-31JAN20,1578135542284,open,0.09,152.0,0.057,0.123,0.089023,68.74,0.08,0.0,ETH-31JAN20-130-C,133.39,64.9,0.085,248.0,0.093,392.0,72.54,0.1404,-0.17956,0.05048,0.01545,0.60066
133.98,SYN.ETH-31JAN20,1578135542284,open,0.15,192.0,0.113,0.196,0.153029,69.33,0.176,0.0,ETH-31JAN20-150-P,133.39,66.13,0.15,144.0,0.156,240.0,72.43,0.1276,-0.16459,-0.08353,0.01392,-0.69362
134.61,SYN.ETH-28FEB20,1578135542284,open,0.03,336.0,0.009,0.048,0.025392,81.74,0.031,0.0,ETH-28FEB20-100-P,133.39,78.88,0.023,795.0,0.028,500.0,84.77,0.11418,-0.08504,-0.03276,0.00513,-0.13649
133.98,SYN.ETH-31JAN20,1578135542285,open,0.2,0.0,0.164,0.226,0.195351,75.19,None,0.0,ETH-31JAN20-110-C,133.39,38.0,0.18,36.0,0.217,36.0,106.09,0.08194,-0.11461,0.06531,0.00824,0.85741
134.61,SYN.ETH-28FEB20,1578135542284,open,0.01,736.0,0.004,0.031,0.014221,84.81,0.015,0.0,ETH-28FEB20-90-P,133.39,82.7,0.013,800.0,0.015,43.0,86.12,0.0794,-0.06136,-0.01957,0.00344,-0.08247
133.98,SYN.ETH-31JAN20,1578135542284,open,0.33,0.0,0.309,0.357,0.332872,91.19,None,0.0,ETH-31JAN20-90-C,133.39,0.0,0.328,1.0,0.347,37.0,130.33,0.03238,-0.05493,0.06171,0.00269,0.95835
134.61,SYN.ETH-28FEB20,1578135542285,open,0.28,21.0,0.25,0.314,0.282514,81.74,0.267,0.0,ETH-28FEB20-100-C,133.39,37.1,0.258,39.0,0.303,39.0,103.8,0.11418,-0.08504,0.11758,0.00513,0.86351
133.51,SYN.ETH-10JAN20,1578135542284,open,0.0,208.0,0.001,0.011,0.000935,92.16,0.002,0.0,ETH-10JAN20-170-C,133.39,0.0,0.0,0.0,0.002,300.0,104.36,0.009,-0.0706,0.00046,0.0034,0.02233
134.61,SYN.ETH-28FEB20,1578135542284,open,0.31,0.0,0.256,0.363,0.308336,80.18,None,0.0,ETH-28FEB20-170-P,133.39,0.0,0.001,5.0,0.0,0.0,0.0,0.17441,-0.12741,-0.20896,0.00798,-0.7242
133.67,SYN.ETH-17JAN20,1578135542284,open,0.27,0.0,0.236,0.318,0.275154,77.45,None,0.0,ETH-17JAN20-170-P,133.39,0.0,0.0,0.0,0.0,0.0,0.0,0.02874,-0.08643,-0.05744,0.00589,-0.94297
133.98,SYN.ETH-31JAN20,1578135542284,open,0.28,0.0,0.239,0.328,0.281544,73.51,None,0.0,ETH-31JAN20-170-P,133.39,0.0,0.263,240.0,1.262,1.0,500.0,0.07974,-0.10904,-0.11291,0.00821,-0.863
134.61,SYN.ETH-28FEB20,1578135542284,open,0.04,35.0,0.019,0.071,0.042051,78.96,0.045,0.0,ETH-28FEB20-110-P,133.39,76.19,0.039,735.0,0.044,192.0,80.7,0.14968,-0.10768,-0.05065,0.00696,-0.20823
134.61,SYN.ETH-28FEB20,1578135542284,open,0.37,0.0,0.32,0.43,0.372711,81.84,None,0.0,ETH-28FEB20-180-P,133.39,0.0,0.001,5.0,0.0,0.0,0.0,0.15635,-0.11659,-0.23237,0.00701,-0.77547
134.61,SYN.ETH-28FEB20,1578135542285,open,0.25,0.0,0.197,0.301,0.247889,78.97,None,0.0,ETH-28FEB20-160-P,133.39,0.0,0.188,1.0,0.0,0.0,0.0,0.19135,-0.13768,-0.18364,0.00889,-0.65952
134.61,SYN.ETH-28FEB20,1578135542285,open,0.06,14.0,0.029,0.094,0.059284,78.97,0.058,0.0,ETH-28FEB20-160-C,133.39,76.65,0.056,461.0,0.063,653.0,81.57,0.19135,-0.13768,0.05691,0.00889,0.34048
134.61,SYN.ETH-28FEB20,1578135542284,open,0.18,0.0,0.136,0.213,0.175322,77.51,None,0.0,ETH-28FEB20-120-C,133.39,74.28,0.171,240.0,0.178,240.0,79.5,0.18069,-0.12761,0.10676,0.00856,0.70284
134.61,SYN.ETH-28FEB20,1578135542284,open,0.44,0.0,0.386,0.498,0.439559,83.53,None,0.0,ETH-28FEB20-190-P,133.39,0.0,0.001,5.0,0.0,0.0,0.0,0.13861,-0.10549,-0.25421,0.00609,-0.81652
134.61,SYN.ETH-28FEB20,1578135542285,open,0.03,200.0,0.01,0.055,0.02809,83.53,0.027,0.0,ETH-28FEB20-190-C,133.39,81.47,0.026,670.0,0.03,182.0,85.36,0.13861,-0.10549,0.03145,0.00609,0.18348
133.98,SYN.ETH-31JAN20,1578135542284,open,0.01,473.0,0.003,0.03,0.012728,73.51,0.013,0.0,ETH-31JAN20-170-C,133.39,70.52,0.011,780.0,0.015,780.0,77.2,0.07974,-0.10904,0.01226,0.00821,0.137
134.61,SYN.ETH-28FEB20,1578135542284,open,0.35,20.0,0.318,0.373,0.345631,84.81,0.328,0.0,ETH-28FEB20-90-C,133.39,53.03,0.333,40.0,0.363,40.0,109.68,0.0794,-0.06136,0.11574,0.00344,0.91753
133.67,SYN.ETH-17JAN20,1578135542285,open,0.0,6.0,0.001,0.014,0.003355,77.45,0.003,0.0,ETH-17JAN20-170-C,133.39,75.74,0.003,30.0,0.004,600.0,80.3,0.02874,-0.08643,0.00253,0.00589,0.05703
133.98,SYN.ETH-31JAN20,1578135542285,open,0.02,1195.0,0.005,0.035,0.01635,75.19,0.025,0.0,ETH-31JAN20-110-P,133.39,71.25,0.014,795.0,0.018,500.0,77.84,0.08194,-0.11461,-0.01568,0.00824,-0.14259
134.61,SYN.ETH-28FEB20,1578135542284,open,0.14,1.0,0.099,0.189,0.142402,77.2,0.17,0.0,ETH-28FEB20-140-P,133.39,74.35,0.138,144.0,0.147,144.0,80.17,0.20819,-0.14644,-0.12851,0.0099,-0.4926
134.61,SYN.ETH-28FEB20,1578135542285,open,0.07,56.0,0.036,0.102,0.066776,77.51,0.075,0.0,ETH-28FEB20-120-P,133.39,74.69,0.063,508.0,0.07,432.0,79.91,0.18069,-0.12761,-0.07365,0.00856,-0.29716
133.98,SYN.ETH-31JAN20,1578135542286,open,0.0,111.0,0.001,0.014,0.004598,91.19,0.007,0.0,ETH-31JAN20-90-P,133.39,83.8,0.003,809.0,0.006,540.0,96.58,0.03238,-0.05493,-0.00456,0.00269,-0.04165
133.51,SYN.ETH-10JAN20,1578135542284,open,0.27,0.0,0.237,0.316,0.27423,92.16,None,0.0,ETH-10JAN20-170-P,133.39,0.0,0.0,0.0,0.0,0.0,0.0,0.009,-0.0706,-0.02691,0.0034,-0.97767
7405.5,SYN.BTC-28FEB20,1578135542428,open,0.02,51.1,0.0055,0.0335,0.01534794,68.98,0.0165,0.0,BTC-28FEB20-5500-P,7322.71,67.05,0.014,49.0,0.0165,43.0,70.58,5.27124,-3.313,-1.35542,9e-05,-0.10639
7602.13,BTC-26JUN20,1578135542440,open,0.16,345.2,0.1165,0.211,0.15833469,74.75,0.1555,0.0,BTC-26JUN20-7000-P,7322.71,73.03,0.154,10.7,0.1595,0.8,75.21,19.18205,-4.12317,-17.97479,9e-05,-0.33801
7602.13,BTC-26JUN20,1578135542446,open,0.15,187.5,0.1045,0.2005,0.1472861,76.73,0.1435,0.0,BTC-26JUN20-9000-C,7322.71,75.17,0.143,0.2,0.1485,18.2,77.17,20.90196,-4.61209,11.99473,0.0001,0.4785
7602.13,BTC-26JUN20,1578135542449,open,0.12,379.8,0.0755,0.1675,0.11536142,76.95,0.1185,0.0,BTC-26JUN20-10000-C,7322.71,76.06,0.113,12.8,0.1185,14.3,78.12,20.28508,-4.48867,10.34586,0.0001,0.40105
7715.8,SYN.BTC-25SEP20,1578135542451,open,0.2,36.5,0.153,0.261,0.20108345,76.91,0.191,0.0,BTC-25SEP20-7000-P,7322.71,73.92,0.192,0.5,0.197,5.0,75.57,23.41132,-3.39892,-29.00709,7e-05,-0.31697
7715.8,SYN.BTC-25SEP20,1578135542453,open,0.15,34.7,0.0995,0.208,0.14678014,78.64,0.144,0.0,BTC-25SEP20-11000-C,7322.71,77.66,0.1435,8.9,0.151,9.9,79.91,25.73127,-3.81985,15.4629,8e-05,0.42294
7448.02,BTC-27MAR20,1578135542855,open,0.01,1595.8,0.0005,0.029,0.00965087,90.8,0.0085,0.0,BTC-27MAR20-16000-C,7323.01,88.71,0.0085,43.0,0.0105,24.0,92.25,4.25242,-2.32942,0.85905,4e-05,0.06045
7448.02,BTC-27MAR20,1578135542855,open,0.39,136.4,0.346,0.4415,0.38930268,74.64,0.447,0.0,BTC-27MAR20-10000-P,7323.01,65.23,0.3755,11.0,0.4055,11.0,84.77,11.45798,-5.15967,-19.13752,0.00012,-0.74234
7448.02,BTC-27MAR20,1578135542855,open,0.0,146.4,0.0005,0.0105,0.00059523,110.0,0.001,0.0,BTC-27MAR20-34000-C,7323.01,115.57,0.001,0.2,0.002,62.0,124.27,0.44003,-0.29202,0.06111,0.0,0.00421
7448.02,BTC-27MAR20,1578135542855,open,0.28,102.3,0.238,0.333,0.28132598,74.66,0.335,0.0,BTC-27MAR20-9000-P,7323.01,65.35,0.265,12.0,0.314,6.0,92.54,13.29774,-5.98953,-15.55368,0.00014,-0.6384
7448.02,BTC-27MAR20,1578135542855,open,0.0,261.8,0.0005,0.017,0.00418191,103.83,0.0045,0.0,BTC-27MAR20-22000-C,7323.01,101.33,0.0035,27.0,0.005,61.0,106.5,2.14937,-1.34644,0.37041,2e-05,0.02609
7602.55,BTC-26JUN20,1578135542856,open,0.33,107.9,0.278,0.3955,0.3311591,76.75,0.336,0.0,BTC-26JUN20-9000-P,7323.01,70.68,0.3145,10.0,0.347,10.0,82.5,20.90337,-4.61331,-30.87707,0.0001,-0.52141
7342.18,SYN.BTC-17JAN20,1578135542854,open,0.0,38.3,0.0005,0.011,0.00130983,79.58,0.001,0.0,BTC-17JAN20-5500-P,7323.01,68.94,0.0005,46.0,0.002,45.5,85.62,0.73339,-2.26643,-0.06127,5e-05,-0.02235
7363.35,SYN.BTC-31JAN20,1578135542854,open,0.0,400.8,0.0005,0.0115,0.0017284,84.47,0.0015,0.0,BTC-31JAN20-12000-C,7323.01,82.78,0.0015,22.0,0.002,24.0,86.29,1.0442,-1.6409,0.1093,3e-05,0.02189
7331.59,SYN.BTC-10JAN20,1578135542854,open,0.0,101.1,0.0005,0.011,0.00113565,63.54,0.001,0.0,BTC-10JAN20-8500-C,7323.01,62.15,0.001,4.3,0.0015,52.0,66.85,0.74246,-4.01456,0.04163,0.00014,0.03641
7331.59,SYN.BTC-10JAN20,1578135542855,open,0.0,283.4,0.0005,0.019,0.00268681,50.59,0.0025,0.0,BTC-10JAN20-8000-C,7323.01,49.69,0.0025,0.1,0.003,30.0,52.05,1.53823,-6.62228,0.10568,0.00035,0.09223
7331.59,SYN.BTC-10JAN20,1578135542855,open,0.01,787.4,0.0035,0.0425,0.01348676,45.29,0.0125,0.0,BTC-10JAN20-7500-C,7323.01,41.06,0.0115,15.1,0.0135,24.0,45.32,3.46999,-13.3737,0.40543,0.00089,0.35701
7342.18,SYN.BTC-17JAN20,1578135542854,open,0.0,17.9,0.0005,0.0135,0.00340316,70.93,0.004,0.0,BTC-17JAN20-6000-P,7323.01,66.38,0.0025,66.0,0.004,61.6,73.6,1.57435,-4.33669,-0.15603,0.00012,-0.05684
7331.59,SYN.BTC-10JAN20,1578135542854,open,0.03,72.7,0.021,0.07,0.03646559,45.31,0.034,0.0,BTC-10JAN20-7500-P,7323.01,38.96,0.0335,18.0,0.0375,18.0,47.49,3.47022,-13.38015,-0.80184,0.00089,-0.64293
7342.18,SYN.BTC-17JAN20,1578135542854,open,0.19,0.0,0.1695,0.224,0.1944405,58.01,None,0.0,BTC-17JAN20-8750-P,7323.01,0.0,0.0005,1.0,0.0,0.0,0.0,1.64049,-3.69533,-2.93849,0.00015,-0.9401
7342.18,SYN.BTC-17JAN20,1578135542854,open,0.0,102.7,0.0005,0.013,0.00268293,57.95,0.0025,0.0,BTC-17JAN20-8750-C,7323.01,54.64,0.002,29.0,0.003,30.0,59.33,1.63617,-3.68185,0.14766,0.00015,0.0597
7331.59,SYN.BTC-10JAN20,1578135542854,open,0.09,0.0,0.072,0.1235,0.09386423,50.64,None,0.0,BTC-10JAN20-8000-P,7323.01,0.0,0.0705,5.0,0.1135,5.0,107.13,1.54078,-6.63923,-1.18191,0.00035,-0.90756
7331.59,SYN.BTC-10JAN20,1578135542854,open,0.12,31.5,0.096,0.137,0.1158207,64.41,0.1125,0.0,BTC-10JAN20-6500-C,7323.01,0.0,0.113,0.1,0.135,7.0,131.45,1.17942,-6.46416,0.96682,0.00021,0.935
7405.68,SYN.BTC-28FEB20,1578135542854,open,0.01,93.3,0.002,0.0305,0.01188552,71.94,0.013,0.0,BTC-28FEB20-11000-C,7323.01,70.62,0.011,15.0,0.0125,44.0,72.83,5.05616,-3.31412,0.98614,9e-05,0.10046
7363.35,SYN.BTC-31JAN20,1578135542857,open,0.01,583.9,0.0005,0.0245,0.00953067,60.2,0.011,0.0,BTC-31JAN20-9000-C,7323.01,59.25,0.009,1.0,0.01,24.0,61.03,4.12929,-4.62496,0.62988,0.00017,0.12571
7342.18,SYN.BTC-17JAN20,1578135542854,open,0.22,0.0,0.2025,0.257,0.22790225,62.09,None,0.0,BTC-17JAN20-9000-P,7323.01,0.0,0.0005,3.0,0.0,0.0,0.0,1.32494,-3.19477,-3.06176,0.00011,-0.95424
7331.59,SYN.BTC-10JAN20,1578135542854,open,0.0,265.8,0.0005,0.0105,0.00054228,74.2,0.0005,0.0,BTC-10JAN20-9000-C,7323.01,0.0,0.0,0.0,0.001,41.1,81.28,0.38333,-2.42043,0.0189,6e-05,0.01655
7331.59,SYN.BTC-10JAN20,1578135542855,open,0.0,138.5,0.0005,0.0105,0.00079135,93.67,0.0005,0.0,BTC-10JAN20-5750-P,7323.01,87.61,0.0005,6.0,0.001,41.1,97.17,0.40573,-3.23418,-0.02181,5e-05,-0.01769
7405.68,SYN.BTC-28FEB20,1578135542854,open,0.03,54.6,0.0115,0.049,0.0259697,65.48,0.0265,0.0,BTC-28FEB20-6000-P,7323.01,63.97,0.0245,34.3,0.027,16.0,66.53,7.25395,-4.328,-2.17687,0.00013,-0.16954
7405.68,SYN.BTC-28FEB20,1578135542854,open,0.02,112.4,0.007,0.0415,0.01912701,67.77,0.021,0.0,BTC-28FEB20-10000-C,7323.01,66.54,0.018,15.0,0.02,37.3,68.71,6.86821,-4.24121,1.52268,0.00012,0.15589
7715.97,SYN.BTC-25SEP20,1578135542854,open,0.57,1.0,0.507,0.6515,0.57244231,78.65,0.59,0.0,BTC-25SEP20-11000-P,7323.01,59.15,0.5095,2.0,0.6155,2.0,91.44,25.73269,-3.82066,-64.36125,8e-05,-0.57699
7405.68,SYN.BTC-28FEB20,1578135542854,open,0.34,0.0,0.3155,0.356,0.33405404,74.05,None,0.0,BTC-28FEB20-5000-C,7323.01,38.38,0.325,9.0,0.352,9.0,102.09,3.6546,-2.46585,6.68743,6e-05,0.93468
7363.35,SYN.BTC-31JAN20,1578135542856,open,0.23,10.4,0.2035,0.265,0.23182004,60.24,0.272,0.0,BTC-31JAN20-9000-P,7323.01,0.0,0.005,0.5,0.0,0.0,0.0,4.13279,-4.6315,-5.99628,0.00017,-0.87414
7342.18,SYN.BTC-17JAN20,1578135542855,open,0.01,94.7,0.0005,0.0345,0.00925749,49.34,0.0105,0.0,BTC-17JAN20-8000-C,7323.01,47.84,0.0085,3.0,0.01,24.0,50.78,3.73677,-7.16023,0.46698,0.0004,0.18956
7342.18,SYN.BTC-17JAN20,1578135542855,open,0.0,10.6,0.0005,0.0185,0.00374917,54.42,0.004,0.0,BTC-17JAN20-8500-C,7323.01,51.68,0.003,28.0,0.0045,32.5,56.91,2.11882,-4.47803,0.20676,0.0002,0.08358
7331.59,SYN.BTC-10JAN20,1578135542854,open,0.0,267.1,0.0005,0.0125,0.00240236,64.45,0.002,0.0,BTC-10JAN20-6500-P,7323.01,61.84,0.002,45.0,0.0025,10.0,65.05,1.18134,-6.4795,-0.07971,0.00021,-0.06513
7405.68,SYN.BTC-28FEB20,1578135542854,open,0.37,0.0,0.334,0.4115,0.36947456,67.81,None,0.0,BTC-28FEB20-10000-P,7323.01,0.0,0.0,0.0,0.0,0.0,0.0,6.87289,-4.24635,-13.51033,0.00012,-0.84395
7331.59,SYN.BTC-10JAN20,1578135542854,open,0.16,0.0,0.137,0.187,0.16051166,63.64,None,0.0,BTC-10JAN20-8500-P,7323.01,0.0,0.0005,1.0,0.0,0.0,0.0,0.74639,-4.04215,-1.32641,0.00014,-0.96335
7405.68,SYN.BTC-28FEB20,1578135542854,open,0.03,42.9,0.0105,0.05,0.0252213,65.95,0.027,0.0,BTC-28FEB20-9500-C,7323.01,64.81,0.024,15.0,0.026,19.3,66.66,8.00891,-4.81244,1.93212,0.00015,0.19875
7331.59,SYN.BTC-10JAN20,1578135542854,open,0.0,117.1,0.0005,0.011,0.00134767,71.75,0.002,0.0,BTC-10JAN20-6250-P,7323.01,67.99,0.001,67.0,0.0015,0.3,73.22,0.73608,-4.49452,-0.04411,0.00012,-0.03603
7331.59,SYN.BTC-10JAN20,1578135542854,open,0.19,0.0,0.1705,0.222,0.19437067,70.81,None,0.0,BTC-10JAN20-8750-P,7323.01,0.0,0.0005,4.0,0.0,0.0,0.0,0.58351,-3.51628,-1.37752,0.0001,-0.97279
135.25,ETH-27MAR20,1578135543101,open,0.0,2781.0,0.001,0.011,0.0012,120.0,0.002,0.0,ETH-27MAR20-640-C,133.39,117.84,0.001,139.0,0.006,398.0,144.77,0.01334,-0.00966,0.00193,0.00027,0.0075
135.25,ETH-27MAR20,1578135543108,open,0.0,2781.0,0.001,0.011,0.0012,120.0,0.002,0.0,ETH-27MAR20-640-C,133.39,117.84,0.001,359.0,0.006,398.0,144.77,0.01334,-0.00966,0.00193,0.00027,0.0075
139.7,SYN.ETH-25SEP20,1578135543292,open,0.3,22.0,0.232,0.354,0.294908,89.09,0.274,0.0,ETH-25SEP20-140-C,133.38,85.03,0.282,160.0,0.316,160.0,95.79,0.44226,-0.07438,0.35672,0.00351,0.64678
139.7,SYN.ETH-25SEP20,1578135543291,open,0.13,18.0,0.088,0.185,0.134427,89.11,0.128,0.0,ETH-25SEP20-100-P,133.38,86.46,0.128,443.0,0.139,443.0,90.99,0.33922,-0.05706,-0.34524,0.00269,-0.20612
134.62,SYN.ETH-28FEB20,1578135543291,open,0.42,0.0,0.391,0.438,0.413814,90.31,None,0.0,ETH-28FEB20-80-C,133.38,52.41,0.406,42.0,0.427,42.0,116.65,0.05239,-0.04311,0.10886,0.00213,0.95168
139.7,SYN.ETH-25SEP20,1578135543291,open,0.74,0.0,0.649,0.839,0.741951,92.74,None,0.0,ETH-25SEP20-220-P,133.38,0.0,0.0,0.0,0.767,1.0,100.19,0.46715,-0.08178,-1.33139,0.00356,-0.57135
134.62,SYN.ETH-28FEB20,1578135543291,open,0.02,31.0,0.007,0.047,0.022717,85.48,0.022,0.0,ETH-28FEB20-200-C,133.38,82.42,0.02,672.0,0.025,672.0,87.93,0.12269,-0.09556,0.02613,0.00527,0.15183
139.7,SYN.ETH-25SEP20,1578135543291,open,0.17,8.0,0.106,0.231,0.167021,92.71,0.155,0.0,ETH-25SEP20-220-C,133.38,91.2,0.162,391.0,0.173,281.0,94.49,0.46712,-0.08175,0.26509,0.00356,0.42851
139.7,SYN.ETH-25SEP20,1578135543291,open,0.3,103.0,0.228,0.368,0.297136,89.12,0.287,0.0,ETH-25SEP20-140-P,133.38,81.85,0.274,160.0,0.311,160.0,93.51,0.44224,-0.07439,-0.65928,0.0035,-0.35318
134.62,SYN.ETH-28FEB20,1578135543291,open,0.01,522.0,0.001,0.02,0.008116,90.42,0.01,0.0,ETH-28FEB20-80-P,133.38,87.45,0.007,800.0,0.009,100.0,92.63,0.05253,-0.04328,-0.01146,0.00213,-0.04849
139.7,SYN.ETH-25SEP20,1578135543292,open,0.08,23.0,0.044,0.115,0.076392,90.26,0.078,0.0,ETH-25SEP20-80-P,133.38,87.86,0.072,460.0,0.08,170.0,92.22,0.25656,-0.04371,-0.2129,0.00201,-0.13362
139.7,SYN.ETH-25SEP20,1578135543292,open,0.5,0.0,0.419,0.586,0.501531,89.47,0.58,0.0,ETH-25SEP20-180-P,133.38,0.0,0.0,0.0,0.571,1.0,110.09,0.47421,-0.08009,-0.99571,0.00374,-0.48065
139.7,SYN.ETH-25SEP20,1578135543292,open,0.39,0.0,0.318,0.473,0.394703,89.12,None,0.0,ETH-25SEP20-160-P,133.38,19.87,0.167,1.0,0.431,1.0,100.1,0.46528,-0.07827,-0.82634,0.00369,-0.4204
139.7,SYN.ETH-25SEP20,1578135543292,open,0.04,172.0,0.017,0.062,0.036672,93.45,0.036,0.0,ETH-25SEP20-60-P,133.38,90.26,0.033,470.0,0.04,170.0,96.25,0.1636,-0.02886,-0.11036,0.00124,-0.07219
139.7,SYN.ETH-25SEP20,1578135543291,open,0.62,0.0,0.533,0.713,0.621222,91.7,None,0.0,ETH-25SEP20-200-P,133.38,0.0,0.0,0.0,0.65,1.0,100.17,0.47364,-0.08199,-1.16446,0.00365,-0.52742
139.7,SYN.ETH-25SEP20,1578135543292,open,0.35,4.0,0.292,0.406,0.350544,89.09,0.354,0.0,ETH-25SEP20-120-C,133.38,83.7,0.335,160.0,0.369,160.0,95.54,0.40132,-0.06749,0.37349,0.00318,0.71896
139.7,SYN.ETH-25SEP20,1578135543291,open,0.61,0.0,0.579,0.636,0.607145,93.42,None,0.0,ETH-25SEP20-60-C,133.38,71.42,0.585,56.0,0.619,56.0,103.1,0.16356,-0.02884,0.32511,0.00124,0.92784
139.7,SYN.ETH-25SEP20,1578135543292,open,0.25,21.0,0.185,0.311,0.2493,89.09,0.256,0.0,ETH-25SEP20-160-C,133.38,89.0,0.249,120.0,0.258,270.0,91.71,0.4653,-0.07825,0.33478,0.00369,0.57954
134.62,SYN.ETH-28FEB20,1578135543291,open,0.51,0.0,0.454,0.568,0.508474,85.6,None,0.0,ETH-28FEB20-200-P,133.38,0.0,0.001,5.0,0.0,0.0,0.0,0.12293,-0.09588,-0.27449,0.00527,-0.84772
139.7,SYN.ETH-25SEP20,1578135543292,open,0.51,0.0,0.463,0.543,0.50369,90.24,None,0.0,ETH-25SEP20-80-C,133.38,72.68,0.473,53.0,0.523,53.0,100.56,0.25654,-0.0437,0.36771,0.00201,0.8664
139.7,SYN.ETH-25SEP20,1578135543291,open,0.21,20.0,0.149,0.276,0.212952,89.44,0.254,0.0,ETH-25SEP20-180-C,133.38,89.46,0.213,120.0,0.223,275.0,92.4,0.47421,-0.08006,0.31053,0.00374,0.51926
139.7,SYN.ETH-25SEP20,1578135543292,open,0.06,0.0,0.021,0.108,0.056754,108.04,None,0.0,ETH-25SEP20-520-C,133.38,105.76,0.052,1.0,0.062,300.0,110.46,0.2972,-0.06061,0.1113,0.00194,0.16654
139.7,SYN.ETH-25SEP20,1578135543291,open,0.42,0.0,0.367,0.467,0.41855,89.09,None,0.0,ETH-25SEP20-100-C,133.38,73.49,0.381,52.0,0.445,52.0,99.97,0.33922,-0.05705,0.38051,0.00269,0.79389
137.64,ETH-26JUN20,1578135543356,open,0.37,1.0,0.324,0.414,0.370052,88.3,0.38,0.0,ETH-26JUN20-100-C,133.38,67.11,0.33,48.0,0.394,48.0,100.44,0.2688,-0.06825,0.27956,0.00337,0.79643
135.23,ETH-27MAR20,1578135543604,open,0.31,1100.0,0.27,0.344,0.307579,86.26,0.303,0.0,ETH-27MAR20-100-C,133.38,62.32,0.281,42.0,0.335,42.0,107.64,0.1653,-0.08602,0.15928,0.00462,0.82634
137.64,ETH-26JUN20,1578135543606,open,0.37,1.0,0.324,0.414,0.370052,88.3,0.38,0.0,ETH-26JUN20-100-C,133.38,67.11,0.33,48.0,0.395,48.0,100.94,0.2688,-0.06825,0.27956,0.00337,0.79643
7342.51,SYN.BTC-17JAN20,1578135543850,open,0.01,59.1,0.0005,0.0255,0.00565934,51.42,0.0055,0.0,BTC-17JAN20-8250-C,7323.01,49.65,0.005,34.0,0.0065,49.0,53.55,2.81239,-5.61526,0.3048,0.00029,0.12334
7342.51,SYN.BTC-17JAN20,1578135543849,open,0.05,4.9,0.033,0.0855,0.04768391,47.48,0.0475,0.0,BTC-17JAN20-7500-P,7323.01,44.51,0.0455,18.0,0.0475,1.0,47.23,5.39973,-9.95617,-1.61717,0.0006,-0.57667
7342.51,SYN.BTC-17JAN20,1578135543850,open,0.1,0.0,0.078,0.135,0.09885436,49.43,None,0.0,BTC-17JAN20-8000-P,7323.01,0.0,0.0705,6.0,0.1245,6.0,90.75,3.74392,-7.18609,-2.35371,0.0004,-0.80987
7342.51,SYN.BTC-17JAN20,1578135543854,open,0.07,120.9,0.0475,0.097,0.06418047,49.46,0.065,0.0,BTC-17JAN20-7000-C,7323.01,45.22,0.0615,6.0,0.0655,8.0,51.51,4.70133,-9.02906,1.67925,0.0005,0.71251
7448.5,BTC-27MAR20,1578135543861,open,4.36,1.0,4.2655,4.483,4.37076765,119.17,4.54,0.0,BTC-27MAR20-40000-P,7323.03,0.0,0.0015,10.0,0.0,0.0,0.0,0.39437,-0.28354,-90.76915,0.0,-0.99628
7602.73,BTC-26JUN20,1578135543861,open,0.01,165.3,0.0005,0.021,0.00860756,85.02,0.0095,0.0,BTC-26JUN20-3000-P,7323.03,82.59,0.0075,16.0,0.01,15.0,87.86,3.5892,-0.87756,-1.40516,2e-05,-0.03019
7602.73,BTC-26JUN20,1578135543861,open,2.69,0.0,2.6155,2.7965,2.69748214,100.24,None,0.0,BTC-26JUN20-28000-P,7323.03,0.0,0.002,1.0,0.0,0.0,0.0,6.41104,-1.84801,-131.66814,2e-05,-0.93803
7448.5,BTC-27MAR20,1578135543861,open,3.56,0.0,3.4755,3.663,3.56538326,111.75,None,0.0,BTC-27MAR20-34000-P,7323.03,0.0,0.0015,10.0,0.0,0.0,0.0,0.50089,-0.33769,-77.12893,0.0,-0.99513
7448.52,BTC-27MAR20,1578135543862,open,3.82,0.0,3.739,3.935,3.83391799,115.82,None,0.0,BTC-27MAR20-36000-P,7323.03,0.0,0.0015,10.0,0.0,0.0,0.0,0.50946,-0.35601,-81.66911,0.0,-0.99504
7448.52,BTC-27MAR20,1578135543863,open,2.75,0.0,2.686,2.845,2.76106034,110.67,None,0.0,BTC-27MAR20-28000-P,7323.03,0.0,0.0015,10.0,0.0,0.0,0.0,1.13349,-0.75685,-63.4002,1e-05,-0.98769
7716.37,SYN.BTC-25SEP20,1578135543861,open,0.3,4.9,0.2465,0.3495,0.29382614,76.89,0.27,0.0,BTC-25SEP20-7000-C,7323.03,62.71,0.2505,6.0,0.295,7.0,77.28,23.41227,-3.39823,21.79553,7e-05,0.68306
7716.37,SYN.BTC-25SEP20,1578135543861,open,0.43,0.0,0.3955,0.4715,0.42991841,76.89,None,0.0,BTC-25SEP20-5000-C,7323.03,62.15,0.4005,5.0,0.4575,5.0,89.85,16.06537,-2.33174,22.90172,5e-05,0.8389
7716.37,SYN.BTC-25SEP20,1578135543861,open,0.36,2.0,0.313,0.405,0.35531487,76.89,0.346,0.0,BTC-25SEP20-6000-C,7323.03,75.06,0.3505,0.1,0.387,6.0,88.89,20.35826,-2.9549,22.75301,6e-05,0.76164
7406.1,SYN.BTC-28FEB20,1578135543861,open,0.1,36.5,0.072,0.1385,0.10203157,61.53,0.1015,0.0,BTC-28FEB20-7500-P,7323.03,59.89,0.0995,13.1,0.105,9.0,63.46,11.43098,-6.40884,-6.40828,0.00023,-0.47349
7716.37,SYN.BTC-25SEP20,1578135543861,open,0.28,3.6,0.2255,0.3465,0.27991666,76.81,0.279,0.0,BTC-25SEP20-8000-P,7323.03,73.48,0.269,0.2,0.2905,9.0,80.04,25.27175,-3.66403,-37.67107,8e-05,-0.39282
7716.37,SYN.BTC-25SEP20,1578135543861,open,0.52,0.0,0.4945,0.5505,0.51950347,76.98,None,0.0,BTC-25SEP20-4000-C,7323.03,62.33,0.501,6.0,0.542,6.0,91.91,10.83164,-1.57404,21.76626,3e-05,0.90821
7406.1,SYN.BTC-28FEB20,1578135543861,open,0.19,2.0,0.16,0.235,0.1945338,63.16,0.212,0.0,BTC-28FEB20-8500-P,7323.03,0.0,0.0,0.0,0.0,0.0,0.0,10.39914,-5.98492,-9.62677,0.0002,-0.67004
7406.1,SYN.BTC-28FEB20,1578135543861,open,0.12,30.3,0.0945,0.1565,0.12336458,62.25,0.125,0.0,BTC-28FEB20-7000-C,7323.03,59.24,0.119,22.4,0.1255,10.0,63.72,10.75921,-6.10231,5.73535,0.00021,0.63845
7363.71,SYN.BTC-31JAN20,1578135543875,open,0.09,346.3,0.062,0.1125,0.08601187,55.0,0.086,0.0,BTC-31JAN20-7000-C,7323.03,53.47,0.0845,50.0,0.0875,19.0,56.49,7.31672,-7.48641,3.1153,0.00033,0.66057
7363.71,SYN.BTC-31JAN20,1578135543886,open,0.09,346.3,0.062,0.1125,0.08601187,55.0,0.086,0.0,BTC-31JAN20-7000-C,7323.03,53.98,0.085,50.0,0.0875,19.0,56.49,7.31672,-7.48641,3.1153,0.00033,0.66057
7406.1,SYN.BTC-28FEB20,1578135543891,open,0.22,0.3,0.1905,0.2445,0.2157762,65.44,0.1885,0.0,BTC-28FEB20-6000-C,7323.03,44.96,0.1985,9.1,0.242,9.0,89.9,7.2498,-4.32284,6.84609,0.00013,0.83062
135.23,ETH-27MAR20,1578135544219,open,0.31,1100.0,0.27,0.344,0.307502,86.26,0.303,0.0,ETH-27MAR20-100-C,133.38,61.28,0.28,42.0,0.335,42.0,107.64,0.1653,-0.08602,0.15928,0.00462,0.82634
135.23,ETH-27MAR20,1578135544346,open,0.37,0.0,0.332,0.397,0.364822,88.69,None,0.0,ETH-27MAR20-90-C,133.38,62.56,0.344,43.0,0.387,43.0,110.05,0.12894,-0.06899,0.15817,0.0035,0.87995
135.23,ETH-27MAR20,1578135544346,open,0.07,130.0,0.038,0.107,0.069657,84.49,0.085,0.0,ETH-27MAR20-110-P,133.38,82.0,0.066,597.0,0.073,469.0,86.75,0.1992,-0.10154,-0.09433,0.00568,-0.23755
135.23,ETH-27MAR20,1578135544346,open,0.01,2.0,0.002,0.026,0.011618,97.59,0.01,0.0,ETH-27MAR20-70-P,133.38,91.9,0.009,629.0,0.014,301.0,102.26,0.06606,-0.0389,-0.01881,0.00163,-0.04963
135.23,ETH-27MAR20,1578135544346,open,0.26,0.0,0.215,0.296,0.256288,84.53,None,0.0,ETH-27MAR20-110-C,133.38,63.89,0.227,43.0,0.286,43.0,104.3,0.19922,-0.1016,0.1554,0.00568,0.76241
135.23,ETH-27MAR20,1578135544346,open,0.03,0.0,0.012,0.055,0.030305,88.64,None,0.0,ETH-27MAR20-90-P,133.38,86.19,0.028,320.0,0.032,297.0,90.4,0.12887,-0.06892,-0.04614,0.0035,-0.11996
135.23,ETH-27MAR20,1578135544346,open,0.18,51.0,0.129,0.219,0.174836,83.56,0.175,0.0,ETH-27MAR20-130-C,133.38,78.15,0.165,144.0,0.181,144.0,86.95,0.24589,-0.12396,0.13583,0.00709,0.6172
7331.91,SYN.BTC-10JAN20,1578135531509,open,0.0,195.3,0.0005,0.011,0.00106118,83.26,0.001,0.0,BTC-10JAN20-6000-P,7323.03,74.05,0.0005,17.8,0.0015,32.7,88.47,0.55368,-3.9228,-0.03141,8e-05,-0.02555
7331.91,SYN.BTC-10JAN20,1578135531908,open,0.0,117.1,0.0005,0.011,0.00134729,71.77,0.002,0.0,BTC-10JAN20-6250-P,7323.03,68.0,0.001,67.0,0.0015,0.3,73.24,0.73587,-4.49401,-0.0441,0.00012,-0.03602
7331.91,SYN.BTC-10JAN20,1578135531851,open,0.0,138.5,0.0005,0.0105,0.00079117,93.68,0.0005,0.0,BTC-10JAN20-5750-P,7323.03,87.63,0.0005,6.0,0.001,41.1,97.18,0.40564,-3.23383,-0.02181,5e-05,-0.01768
7331.91,SYN.BTC-10JAN20,1578135531943,open,0.0,267.1,0.0005,0.0125,0.00240168,64.47,0.002,0.0,BTC-10JAN20-6500-P,7323.03,61.86,0.002,45.0,0.0025,10.0,65.07,1.181,-6.479,-0.07968,0.00021,-0.06511
7331.91,SYN.BTC-10JAN20,1578135536585,open,0.01,787.4,0.0035,0.0425,0.01348921,45.27,0.0125,0.0,BTC-10JAN20-7500-C,7323.03,41.03,0.0115,15.1,0.0135,24.0,45.29,3.47078,-13.3691,0.40567,0.00089,0.35719
7331.91,SYN.BTC-10JAN20,1578135535132,open,0.0,283.4,0.0005,0.019,0.00268762,50.58,0.0025,0.0,BTC-10JAN20-8000-C,7323.03,49.67,0.0025,0.1,0.003,30.0,52.03,1.53885,-6.62307,0.10574,0.00035,0.09227
7342.51,SYN.BTC-17JAN20,1578135531623,open,0.0,8.5,0.0005,0.012,0.0023524,76.76,0.0025,0.0,BTC-17JAN20-5750-P,7323.03,70.63,0.0015,60.0,0.003,45.1,80.61,1.15293,-3.43659,-0.10591,8e-05,-0.03854
7331.91,SYN.BTC-10JAN20,1578135535832,open,0.0,170.7,0.0005,0.0115,0.00158497,56.5,0.002,0.0,BTC-10JAN20-8250-C,7323.03,55.88,0.0015,3.0,0.002,31.5,59.31,1.0157,-4.88372,0.06153,0.00021,0.05372
7331.91,SYN.BTC-10JAN20,1578135531924,open,0.0,101.1,0.0005,0.011,0.00113602,63.53,0.001,0.0,BTC-10JAN20-8500-C,7323.03,62.14,0.001,4.3,0.0015,52.0,66.83,0.74276,-4.01546,0.04165,0.00014,0.03643
7342.51,SYN.BTC-17JAN20,1578135531844,open,0.0,38.3,0.0005,0.011,0.00130954,79.59,0.001,0.0,BTC-17JAN20-5500-P,7323.03,68.94,0.0005,46.0,0.002,45.5,85.63,0.73325,-2.26619,-0.06126,5e-05,-0.02234
7331.91,SYN.BTC-10JAN20,1578135535840,open,0.0,58.5,0.0005,0.0105,0.00089551,70.67,0.001,0.0,BTC-10JAN20-8750-C,7323.03,64.72,0.0005,21.2,0.001,30.0,71.95,0.57948,-3.48486,0.03079,9e-05,0.02698
7342.51,SYN.BTC-17JAN20,1578135531592,open,0.0,9.4,0.0005,0.0155,0.00443857,63.32,0.0045,0.0,BTC-17JAN20-6250-P,7323.03,61.7,0.004,30.0,0.005,7.5,65.3,2.02462,-4.97866,-0.2153,0.00017,-0.07868
7331.91,SYN.BTC-10JAN20,1578135531855,open,0.0,265.8,0.0005,0.0105,0.00054239,74.19,0.0005,0.0,BTC-10JAN20-9000-C,7323.03,0.0,0.0,0.0,0.001,41.1,81.26,0.38345,-2.42084,0.0189,6e-05,0.01656
7342.51,SYN.BTC-17JAN20,1578135531903,open,0.0,17.9,0.0005,0.0135,0.00340241,70.94,0.004,0.0,BTC-17JAN20-6000-P,7323.03,66.4,0.0025,66.0,0.004,61.6,73.62,1.57404,-4.3364,-0.15599,0.00012,-0.05682
7342.51,SYN.BTC-17JAN20,1578135536550,open,0.01,59.1,0.0005,0.0255,0.00565934,51.42,0.0055,0.0,BTC-17JAN20-8250-C,7323.03,49.65,0.005,34.0,0.0065,49.0,53.55,2.81239,-5.61526,0.3048,0.00029,0.12334
7342.51,SYN.BTC-17JAN20,1578135531896,open,0.0,10.6,0.0005,0.0185,0.00375005,54.42,0.004,0.0,BTC-17JAN20-8500-C,7323.03,51.67,0.003,28.0,0.0045,32.5,56.9,2.11946,-4.4786,0.20684,0.0002,0.08361
7342.51,SYN.BTC-17JAN20,1578135531860,open,0.01,94.7,0.0005,0.0345,0.00925947,49.33,0.0105,0.0,BTC-17JAN20-8000-C,7323.03,47.82,0.0085,3.0,0.01,24.0,50.77,3.73775,-7.16037,0.46717,0.0004,0.18963
7342.51,SYN.BTC-17JAN20,1578135531757,open,0.0,102.7,0.0005,0.013,0.00268345,57.94,0.0025,0.0,BTC-17JAN20-8750-C,7323.03,54.63,0.002,29.0,0.003,30.0,59.32,1.63663,-3.6823,0.14772,0.00015,0.05971
7716.37,SYN.BTC-25SEP20,1578135530852,open,0.05,71.0,0.023,0.1005,0.05163594,86.17,0.053,0.0,BTC-25SEP20-20000-C,7323.03,85.42,0.05,10.0,0.054,6.7,87.23,17.00969,-2.7667,6.96753,5e-05,0.17606
7716.37,SYN.BTC-25SEP20,1578135529857,open,0.13,22.6,0.082,0.188,0.12736885,79.7,0.1295,0.0,BTC-25SEP20-12000-C,7323.03,78.66,0.124,9.1,0.1315,9.1,80.97,24.98677,-3.75925,14.03132,7e-05,0.37794
7716.37,SYN.BTC-25SEP20,1578135531613,open,0.06,3.3,0.0305,0.1145,0.06230388,84.65,0.062,0.0,BTC-25SEP20-18000-C,7323.03,83.7,0.06,9.8,0.065,0.1,85.74,18.82666,-3.00823,8.14658,5e-05,0.20779
7342.51,SYN.BTC-17JAN20,1578135536551,open,0.02,80.0,0.006,0.046,0.01565,48.02,0.0145,0.0,BTC-17JAN20-7750-C,7323.03,47.79,0.0155,1.0,0.0165,38.0,49.34,4.7196,-8.80111,0.71027,0.00052,0.28987
7602.73,BTC-26JUN20,1578135530666,open,0.05,589.8,0.0265,0.099,0.05424966,82.35,0.0575,0.0,BTC-26JUN20-14000-C,7323.03,81.23,0.052,14.5,0.057,19.5,83.71,15.32324,-3.62883,5.81399,7e-05,0.21478
7716.37,SYN.BTC-25SEP20,1578135535786,open,0.04,53.3,0.02,0.066,0.03790871,77.0,0.043,0.0,BTC-25SEP20-4000-P,7323.03,74.17,0.034,16.0,0.037,0.1,76.35,10.83403,-1.57477,-7.26423,3e-05,-0.09182
7602.73,BTC-26JUN20,1578135529806,open,0.01,52.1,0.004,0.042,0.01450735,100.14,0.015,0.0,BTC-26JUN20-28000-C,7323.03,98.28,0.013,19.0,0.016,15.0,101.86,6.38831,-1.83955,1.70892,2e-05,0.06169
7602.73,BTC-26JUN20,1578135529785,open,0.03,275.0,0.012,0.069,0.03170845,87.94,0.031,0.0,BTC-26JUN20-18000-C,7323.03,86.76,0.03,5.0,0.034,15.0,89.46,11.22382,-2.83821,3.6357,5e-05,0.13209
7602.73,BTC-26JUN20,1578135529798,open,0.03,967.4,0.009,0.0605,0.02602609,90.81,0.0245,0.0,BTC-26JUN20-20000-C,7323.03,89.61,0.0245,5.0,0.028,15.0,92.31,9.82632,-2.56589,3.01848,4e-05,0.10937
7602.73,BTC-26JUN20,1578135530186,open,0.02,16.5,0.0055,0.049,0.01857287,95.62,0.0195,0.0,BTC-26JUN20-24000-C,7323.03,94.55,0.0175,15.0,0.02,2.0,97.0,7.7271,-2.1247,2.18847,3e-05,0.079
7602.75,BTC-26JUN20,1578135530183,open,0.02,24.9,0.007,0.0525,0.02104864,92.68,0.021,0.0,BTC-26JUN20-22000-C,7323.03,92.19,0.0205,18.0,0.022,0.1,93.52,8.51569,-2.2695,2.49436,3e-05,0.08992
7602.73,BTC-26JUN20,1578135532983,open,0.01,165.3,0.0005,0.021,0.00860756,85.02,0.0095,0.0,BTC-26JUN20-3000-P,7323.03,82.59,0.0075,16.0,0.01,15.0,87.86,3.5892,-0.87756,-1.40516,2e-05,-0.03019
7602.75,BTC-26JUN20,1578135530242,open,0.01,93.2,0.0025,0.038,0.01240961,101.32,0.0115,0.0,BTC-26JUN20-30000-C,7323.03,100.07,0.0115,19.0,0.0135,29.1,102.73,5.69703,-1.65982,1.48222,2e-05,0.05334
7602.75,BTC-26JUN20,1578135530476,open,0.01,184.7,0.0025,0.038,0.01223352,104.58,0.0105,0.0,BTC-26JUN20-32000-C,7323.03,103.55,0.0115,0.1,0.013,15.0,105.61,5.54296,-1.66694,1.42303,2e-05,0.05152
7602.73,BTC-26JUN20,1578135536490,open,0.05,323.0,0.027,0.081,0.04866227,75.01,0.058,0.0,BTC-26JUN20-5000-P,7323.03,73.29,0.046,14.4,0.051,34.2,76.51,11.83121,-2.55205,-6.93033,6e-05,-0.14269
7602.75,BTC-26JUN20,1578135530207,open,0.02,78.0,0.0045,0.0445,0.01608214,97.72,0.014,0.0,BTC-26JUN20-26000-C,7323.03,96.51,0.015,24.0,0.017,0.1,98.71,6.94155,-1.95061,1.90428,3e-05,0.06866
7602.73,BTC-26JUN20,1578135530101,open,0.02,490.9,0.0095,0.0425,0.02153115,77.83,0.022,0.0,BTC-26JUN20-4000-P,7323.03,75.63,0.0195,36.0,0.0235,30.0,79.88,7.16729,-1.60407,-3.37217,3e-05,-0.07158
7448.52,BTC-27MAR20,1578135531602,open,0.01,517.2,0.004,0.036,0.01381764,84.72,0.013,0.0,BTC-27MAR20-14000-C,7323.03,83.62,0.013,20.0,0.015,39.0,86.26,5.6062,-2.86558,1.23289,5e-05,0.08672
7448.5,BTC-27MAR20,1578135533166,open,0.05,1170.7,0.0235,0.0815,0.04666349,74.63,0.048,0.0,BTC-27MAR20-10000-C,7323.03,72.56,0.0435,29.9,0.0465,2.0,74.52,11.45915,-5.15957,3.56871,0.00012,0.25768
7448.52,BTC-27MAR20,1578135531550,open,0.01,456.6,0.0005,0.024,0.00713376,95.98,0.007,0.0,BTC-27MAR20-18000-C,7323.03,94.52,0.0065,22.0,0.0075,24.0,96.78,3.33441,-1.93079,0.63204,3e-05,0.04451
7448.52,BTC-27MAR20,1578135531499,open,0.01,515.9,0.0005,0.02,0.00541168,100.25,0.0045,0.0,BTC-27MAR20-20000-C,7323.03,99.07,0.005,22.0,0.006,26.0,101.85,2.65993,-1.60886,0.47879,2e-05,0.03372
7448.5,BTC-27MAR20,1578135536540,open,0.01,1595.8,0.0005,0.029,0.00965249,90.79,0.0085,0.0,BTC-27MAR20-16000-C,7323.03,88.7,0.0085,43.0,0.0105,24.0,92.24,4.25326,-2.32981,0.85926,4e-05,0.06046
7448.52,BTC-27MAR20,1578135531490,open,0.0,73.2,0.0005,0.0115,0.00182296,110.0,0.0025,0.0,BTC-27MAR20-28000-C,7323.03,111.16,0.002,12.0,0.003,62.0,116.67,1.09057,-0.72372,0.16832,1e-05,0.01178
7448.52,BTC-27MAR20,1578135531497,open,0.0,115.2,0.0005,0.013,0.00270114,109.96,0.004,0.0,BTC-27MAR20-26000-C,7323.03,106.06,0.002,37.1,0.0035,62.0,113.61,1.48419,-0.98458,0.2391,1e-05,0.01684
7448.5,BTC-27MAR20,1578135531786,open,0.0,86.6,0.0005,0.0105,0.0008552,110.0,0.002,0.0,BTC-27MAR20-32000-C,7323.03,111.71,0.001,15.2,0.002,31.9,120.22,0.59297,-0.39351,0.08502,0.0,0.00588
7448.5,BTC-27MAR20,1578135531857,open,0.0,261.8,0.0005,0.017,0.00418195,103.83,0.0045,0.0,BTC-27MAR20-22000-C,7323.03,101.32,0.0035,27.0,0.005,61.0,106.5,2.14958,-1.34651,0.37046,2e-05,0.02609
7448.5,BTC-27MAR20,1578135531919,open,0.0,146.4,0.0005,0.0105,0.00059535,110.0,0.001,0.0,BTC-27MAR20-34000-C,7323.03,115.56,0.001,0.2,0.002,62.0,124.27,0.44014,-0.29208,0.06112,0.0,0.00421
7406.1,SYN.BTC-28FEB20,1578135531915,open,0.01,93.3,0.002,0.0305,0.01188762,71.93,0.013,0.0,BTC-28FEB20-11000-C,7323.03,70.61,0.011,15.0,0.0125,44.0,72.82,5.05716,-3.31458,0.98638,9e-05,0.10047
7406.1,SYN.BTC-28FEB20,1578135531905,open,0.02,112.4,0.007,0.0415,0.01913031,67.77,0.021,0.0,BTC-28FEB20-10000-C,7323.03,66.53,0.018,15.0,0.02,37.3,68.7,6.86947,-4.24169,1.52306,0.00012,0.15592
7448.52,BTC-27MAR20,1578135531590,open,0.0,247.8,0.0005,0.0105,0.00041862,110.0,0.001,0.0,BTC-27MAR20-36000-C,7323.03,111.72,0.0005,35.6,0.0015,37.0,124.17,0.32826,-0.21784,0.04427,0.0,0.00304
7448.5,BTC-27MAR20,1578135531867,open,0.02,289.3,0.0075,0.039,0.01882894,74.44,0.0205,0.0,BTC-27MAR20-5000-P,7323.03,72.79,0.0175,9.4,0.02,34.0,75.86,6.07405,-2.72782,-1.95254,6e-05,-0.09662
7363.71,SYN.BTC-31JAN20,1578135531597,open,0.0,230.7,0.0005,0.013,0.00337488,72.75,0.0035,0.0,BTC-31JAN20-10500-C,7323.03,71.23,0.003,15.0,0.004,24.0,75.07,1.88351,-2.5492,0.22402,6e-05,0.04469
7448.5,BTC-27MAR20,1578135534836,open,0.07,1324.1,0.0435,0.1125,0.07291972,74.63,0.068,0.0,BTC-27MAR20-9000-C,7323.03,70.44,0.0655,34.9,0.07,52.2,72.99,13.2982,-5.98749,4.88173,0.00014,0.36157
7448.52,BTC-27MAR20,1578135531740,open,0.0,169.6,0.0005,0.011,0.00124157,110.0,0.0015,0.0,BTC-27MAR20-30000-C,7323.03,112.23,0.0015,10.1,0.0025,49.0,118.89,0.80251,-0.53256,0.11917,1e-05,0.00829
7406.1,SYN.BTC-28FEB20,1578135537969,open,0.1,36.5,0.072,0.1385,0.10203157,61.53,0.1015,0.0,BTC-28FEB20-7500-P,7323.03,59.89,0.0995,13.1,0.105,9.0,63.46,11.43098,-6.40884,-6.40828,0.00023,-0.47349
7363.71,SYN.BTC-31JAN20,1578135536548,open,0.04,577.7,0.0185,0.0615,0.03666655,55.04,0.034,0.0,BTC-31JAN20-7000-P,7323.03,53.36,0.035,35.3,0.037,1.0,55.38,7.3174,-7.49344,-2.03964,0.00033,-0.33951
7406.1,SYN.BTC-28FEB20,1578135531742,open,0.03,83.4,0.016,0.0615,0.03413918,64.45,0.036,0.0,BTC-28FEB20-9000-C,7323.03,63.53,0.033,15.0,0.035,19.3,65.13,9.24399,-5.42819,2.47267,0.00017,0.25621
7363.71,SYN.BTC-31JAN20,1578135531938,open,0.0,400.8,0.0005,0.0115,0.00172872,84.46,0.0015,0.0,BTC-31JAN20-12000-C,7323.03,82.77,0.0015,22.0,0.002,24.0,86.29,1.04444,-1.64118,0.10933,3e-05,0.02189
7363.71,SYN.BTC-31JAN20,1578135531626,open,0.01,750.5,0.0005,0.0165,0.00541984,73.34,0.005,0.0,BTC-31JAN20-5500-P,7323.03,71.99,0.005,4.8,0.0055,24.0,73.59,2.33929,-3.19166,-0.34758,8e-05,-0.05869
7406.1,SYN.BTC-28FEB20,1578135536535,open,0.04,282.3,0.023,0.0705,0.04277847,63.04,0.0445,0.0,BTC-28FEB20-6500-P,7323.03,61.61,0.041,34.3,0.0435,10.0,63.62,9.23771,-5.30602,-3.3254,0.00018,-0.25587
133.52,SYN.ETH-10JAN20,1578135530523,open,0.05,858.0,0.018,0.074,0.045426,60.86,0.041,0.0,ETH-10JAN20-130-C,133.38,51.44,0.041,401.0,0.049,180.0,68.51,0.06276,-0.32503,0.01299,0.03593,0.6498
139.7,SYN.ETH-25SEP20,1578135531138,open,0.21,20.0,0.149,0.276,0.212975,89.44,0.254,0.0,ETH-25SEP20-180-C,133.38,89.46,0.213,120.0,0.223,275.0,92.4,0.47421,-0.08006,0.31053,0.00374,0.51926
7448.5,BTC-27MAR20,1578135530121,open,0.0,785.4,0.0005,0.0105,0.0002128,110.0,0.002,0.0,BTC-27MAR20-40000-C,7323.03,118.01,0.0005,240.8,0.001,10.1,125.75,0.18532,-0.12298,0.02372,0.0,0.00162
133.68,SYN.ETH-17JAN20,1578135530620,open,0.0,200.0,0.001,0.017,0.004628,66.61,0.004,0.0,ETH-17JAN20-160-C,133.38,60.45,0.003,616.0,0.006,10.0,71.04,0.03897,-0.10081,0.00378,0.00928,0.08472
139.7,SYN.ETH-25SEP20,1578135531224,open,0.17,8.0,0.106,0.231,0.16704,92.71,0.155,0.0,ETH-25SEP20-220-C,133.38,91.2,0.162,391.0,0.173,281.0,94.49,0.46712,-0.08175,0.26509,0.00356,0.42851
7363.71,SYN.BTC-31JAN20,1578135535861,open,0.02,782.4,0.005,0.034,0.01555537,56.64,0.0175,0.0,BTC-31JAN20-8500-C,7323.03,55.22,0.0145,15.0,0.0165,36.3,57.89,5.52214,-5.81882,0.97708,0.00024,0.19576
7406.1,SYN.BTC-28FEB20,1578135536533,open,0.03,54.6,0.0115,0.049,0.02596477,65.49,0.0265,0.0,BTC-28FEB20-6000-P,7323.03,63.98,0.0245,34.3,0.027,16.0,66.54,7.25328,-4.32801,-2.1765,0.00013,-0.16951
139.7,SYN.ETH-25SEP20,1578135531250,open,0.06,67.0,0.022,0.107,0.056355,103.68,0.055,0.0,ETH-25SEP20-480-C,133.38,102.1,0.053,300.0,0.06,100.0,105.35,0.30064,-0.05884,0.11477,0.00205,0.16956
7448.5,BTC-27MAR20,1578135531862,open,0.01,1364.2,0.0005,0.0195,0.00740487,83.78,0.007,0.0,BTC-27MAR20-4000-P,7323.03,81.48,0.0065,32.1,0.008,23.0,85.22,3.02508,-1.52905,-0.79264,3e-05,-0.03946
139.7,SYN.ETH-25SEP20,1578134818966,open,0.13,18.0,0.088,0.185,0.134402,89.11,0.128,0.0,ETH-25SEP20-100-P,133.38,86.46,0.128,443.0,0.139,443.0,90.99,0.33922,-0.05706,-0.34524,0.00269,-0.20612
7448.5,BTC-27MAR20,1578135536480,open,0.11,1400.7,0.078,0.1545,0.11223359,74.63,0.105,0.0,BTC-27MAR20-8000-C,7323.03,68.71,0.101,11.6,0.106,23.6,71.35,14.15567,-6.37336,6.4024,0.00015,0.4908
139.7,SYN.ETH-25SEP20,1578131969117,open,0.04,172.0,0.017,0.062,0.036664,93.45,0.036,0.0,ETH-25SEP20-60-P,133.38,90.26,0.033,470.0,0.04,170.0,96.25,0.1636,-0.02886,-0.11036,0.00124,-0.07219
7363.71,SYN.BTC-31JAN20,1578135531529,open,0.0,393.3,0.0005,0.0125,0.00263497,76.87,0.003,0.0,BTC-31JAN20-11000-C,7323.03,73.53,0.002,55.0,0.003,24.0,78.56,1.52188,-2.17633,0.17218,5e-05,0.03439
133.68,SYN.ETH-17JAN20,1578135530654,open,0.01,11.0,0.001,0.019,0.005679,78.11,0.004,0.0,ETH-17JAN20-110-P,133.38,71.61,0.004,600.0,0.007,637.0,82.58,0.03748,-0.11368,-0.00406,0.00761,-0.08042
139.7,SYN.ETH-25SEP20,1578135531160,open,0.12,1.0,0.065,0.181,0.119638,95.53,0.097,0.0,ETH-25SEP20-280-C,133.38,94.02,0.115,289.0,0.125,399.0,97.28,0.42954,-0.07746,0.21052,0.00317,0.32728
7363.71,SYN.BTC-31JAN20,1578135531481,open,0.0,444.7,0.0005,0.013,0.00306092,82.17,0.0035,0.0,BTC-31JAN20-5000-P,7323.03,79.15,0.0025,0.5,0.0035,39.0,84.32,1.44629,-2.21106,-0.19188,4e-05,-0.03233
133.52,SYN.ETH-10JAN20,1578125069233,open,0.0,208.0,0.001,0.011,0.000937,92.13,0.002,0.0,ETH-10JAN20-170-C,133.38,0.0,0.0,0.0,0.002,300.0,104.33,0.00901,-0.07061,0.00046,0.00341,0.02233
139.7,SYN.ETH-25SEP20,1578135531117,open,0.25,21.0,0.185,0.311,0.249323,89.09,0.256,0.0,ETH-25SEP20-160-C,133.38,89.0,0.249,120.0,0.258,270.0,91.71,0.4653,-0.07825,0.33478,0.00369,0.57954
7363.71,SYN.BTC-31JAN20,1578135531582,open,0.01,1146.4,0.0005,0.0235,0.00930348,64.31,0.0085,0.0,BTC-31JAN20-6000-P,7323.03,61.56,0.008,40.0,0.01,43.0,65.72,3.60029,-4.30762,-0.61262,0.00014,-0.10368
137.64,ETH-26JUN20,1578135531973,open,0.09,567.0,0.047,0.143,0.091072,94.38,0.081,0.0,ETH-26JUN20-240-C,133.38,93.1,0.088,140.0,0.095,289.0,96.02,0.32972,-0.08949,0.13623,0.00387,0.29883
7406.1,SYN.BTC-28FEB20,1578135531934,open,0.03,42.9,0.0105,0.05,0.02522544,65.94,0.027,0.0,BTC-28FEB20-9500-C,7323.03,64.8,0.024,15.0,0.026,19.3,66.66,8.01027,-4.81288,1.93259,0.00015,0.19879
133.52,SYN.ETH-10JAN20,1578133012987,open,0.0,390.0,0.001,0.011,0.001457,120.02,0.001,0.0,ETH-10JAN20-100-P,133.38,112.89,0.001,21.0,0.002,345.0,126.82,0.00962,-0.09825,-0.00055,0.00279,-0.02416
137.64,ETH-26JUN20,1578135530521,open,0.23,829.0,0.174,0.284,0.23019,87.24,0.227,0.0,ETH-26JUN20-140-C,133.38,85.29,0.225,444.0,0.236,444.0,89.44,0.36514,-0.09161,0.2474,0.00464,0.60751
7448.52,BTC-27MAR20,1578135531542,open,0.0,161.1,0.0005,0.015,0.00342748,107.48,0.0035,0.0,BTC-27MAR20-24000-C,7323.03,103.24,0.0025,50.0,0.004,62.0,109.71,1.80894,-1.17294,0.3014,1e-05,0.02125
7363.71,SYN.BTC-31JAN20,1578135533256,open,0.01,583.9,0.0005,0.0245,0.00953246,60.2,0.011,0.0,BTC-31JAN20-9000-C,7323.03,59.24,0.009,1.0,0.01,24.0,61.02,4.13019,-4.62545,0.63007,0.00017,0.12574
7363.71,SYN.BTC-31JAN20,1578135536595,open,0.0,754.9,0.0005,0.015,0.00441247,68.24,0.005,0.0,BTC-31JAN20-10000-C,7323.03,66.92,0.004,15.0,0.005,24.0,70.01,2.3612,-2.99787,0.29808,9e-05,0.05939
139.7,SYN.ETH-25SEP20,1578135479417,open,0.1,59.0,0.05,0.159,0.099586,97.5,0.105,0.0,ETH-25SEP20-320-C,133.38,95.89,0.095,293.0,0.105,393.0,99.38,0.40065,-0.07374,0.18299,0.0029,0.28007
7363.71,SYN.BTC-31JAN20,1578135531507,open,0.0,134.2,0.0005,0.0115,0.00192847,79.66,0.0015,0.0,BTC-31JAN20-11500-C,7323.03,76.77,0.0015,37.0,0.0025,24.0,82.93,1.18084,-1.74995,0.1269,4e-05,0.02533
139.7,SYN.ETH-25SEP20,1578135530532,open,0.15,2.0,0.089,0.212,0.148474,93.71,0.122,0.0,ETH-25SEP20-240-C,133.38,92.04,0.143,394.0,0.154,284.0,95.4,0.45668,-0.08079,0.24511,0.00344,0.39024
139.69,SYN.ETH-25SEP20,1578128840546,open,0.06,0.0,0.021,0.108,0.056762,108.05,None,0.0,ETH-25SEP20-520-C,133.38,105.76,0.052,1.0,0.062,300.0,110.46,0.29719,-0.06061,0.1113,0.00194,0.16656
133.52,SYN.ETH-10JAN20,1578135530428,open,0.0,2564.0,0.001,0.017,0.003749,67.98,0.003,0.0,ETH-10JAN20-150-C,133.38,64.36,0.003,4.0,0.005,600.0,73.42,0.0288,-0.1666,0.00198,0.01476,0.09575
133.68,SYN.ETH-17JAN20,1578135530536,open,0.0,6.0,0.001,0.014,0.003359,77.43,0.003,0.0,ETH-17JAN20-170-C,133.38,75.73,0.003,30.0,0.004,600.0,80.28,0.02875,-0.08643,0.00253,0.00589,0.05705
133.52,SYN.ETH-10JAN20,1578135530516,open,0.01,2469.0,0.002,0.035,0.013373,61.59,0.013,0.0,ETH-10JAN20-140-C,133.38,58.42,0.012,2.0,0.015,349.0,65.37,0.05754,-0.30157,0.00584,0.03255,0.28528
137.64,ETH-26JUN20,1578135477683,open,0.19,203.0,0.131,0.244,0.187773,89.22,0.183,0.0,ETH-26JUN20-160-C,133.38,87.48,0.183,180.0,0.192,451.0,90.76,0.37823,-0.09704,0.22131,0.0047,0.5253
133.52,SYN.ETH-10JAN20,1578135530553,open,0.02,395.0,0.003,0.044,0.019049,61.01,0.018,0.0,ETH-10JAN20-130-P,133.38,54.42,0.016,241.0,0.022,503.0,67.2,0.06278,-0.32596,-0.00794,0.03585,-0.35049
137.64,ETH-26JUN20,1578135514612,open,0.13,3221.0,0.078,0.186,0.130374,92.87,0.125,0.0,ETH-26JUN20-200-C,133.38,90.85,0.125,142.0,0.134,281.0,94.24,0.36615,-0.09778,0.17448,0.00437,0.39647
139.7,SYN.ETH-25SEP20,1578128887005,open,0.05,1.0,0.017,0.098,0.04906,108.04,0.04,0.0,ETH-25SEP20-560-C,133.38,101.47,0.037,300.0,0.049,3.0,108.01,0.27402,-0.05589,0.09952,0.00179,0.14722
133.68,SYN.ETH-17JAN20,1578135530460,open,0.03,41.0,0.008,0.053,0.02798,62.54,0.033,0.0,ETH-17JAN20-140-C,133.38,58.35,0.025,240.0,0.03,276.0,65.42,0.09471,-0.23002,0.01608,0.02402,0.36896
137.64,ETH-26JUN20,1578131851810,open,0.16,2035.0,0.111,0.218,0.162937,87.24,0.18,0.0,ETH-26JUN20-120-P,133.38,81.43,0.149,256.0,0.165,180.0,88.11,0.32953,-0.08267,-0.30253,0.00419,-0.29846
137.64,ETH-26JUN20,1578131791750,open,0.07,610.0,0.031,0.118,0.069204,97.45,0.055,0.0,ETH-26JUN20-280-C,133.38,95.93,0.066,140.0,0.073,295.0,99.22,0.29254,-0.08197,0.10929,0.00333,0.23589
137.64,ETH-26JUN20,1578133346338,open,0.05,434.0,0.021,0.098,0.053391,99.59,0.057,0.0,ETH-26JUN20-320-C,133.38,97.75,0.05,140.0,0.057,299.0,101.5,0.25646,-0.07344,0.08853,0.00285,0.1884
139.7,SYN.ETH-25SEP20,1578135373179,open,0.08,23.0,0.044,0.114,0.076376,90.26,0.078,0.0,ETH-25SEP20-80-P,133.38,87.86,0.072,460.0,0.08,170.0,92.22,0.25656,-0.04371,-0.2129,0.00201,-0.13362
137.64,ETH-26JUN20,1578131791749,open,0.16,3221.0,0.101,0.212,0.155465,91.12,0.136,0.0,ETH-26JUN20-180-C,133.38,89.13,0.15,180.0,0.162,276.0,93.51,0.37661,-0.09868,0.19663,0.00458,0.45534
137.64,ETH-26JUN20,1578135516113,open,0.11,830.0,0.059,0.161,0.106966,93.04,0.096,0.0,ETH-26JUN20-220-C,133.38,91.87,0.104,140.0,0.111,286.0,94.63,0.34855,-0.09326,0.15357,0.00415,0.34119
137.64,ETH-26JUN20,1578133903124,open,0.03,727.0,0.01,0.069,0.031855,107.59,0.025,0.0,ETH-26JUN20-440-C,133.38,106.2,0.03,30.0,0.034,420.0,109.16,0.18587,-0.0575,0.05537,0.00191,0.11629
139.7,SYN.ETH-25SEP20,1578131785384,open,0.09,14.0,0.039,0.141,0.084225,99.15,0.078,0.0,ETH-25SEP20-360-C,133.38,97.56,0.08,296.0,0.089,396.0,100.93,0.37202,-0.06963,0.16043,0.00265,0.24247
133.52,SYN.ETH-10JAN20,1578134944444,open,0.0,415.0,0.001,0.011,0.001548,79.0,0.002,0.0,ETH-10JAN20-160-C,133.38,73.31,0.001,20.0,0.003,300.0,89.93,0.01449,-0.09742,0.00082,0.00639,0.03964
139.7,SYN.ETH-25SEP20,1578134491950,open,0.06,45.0,0.026,0.116,0.063772,102.35,0.057,0.0,ETH-25SEP20-440-C,133.38,100.69,0.06,300.0,0.068,400.0,104.16,0.32235,-0.06228,0.12741,0.00222,0.18944
139.7,SYN.ETH-25SEP20,1578131967513,open,0.07,103.0,0.03,0.124,0.070755,99.99,0.067,0.0,ETH-25SEP20-400-C,133.38,98.86,0.068,398.0,0.074,5.0,101.31,0.34224,-0.0646,0.1404,0.00242,0.20924
137.64,ETH-26JUN20,1578135420665,open,0.02,295.0,0.005,0.052,0.021402,113.17,0.017,0.0,ETH-26JUN20-560-C,133.38,110.74,0.019,120.0,0.024,420.0,115.62,0.14103,-0.04589,0.03832,0.00138,0.07985
137.64,ETH-26JUN20,1578131785408,open,0.04,778.0,0.016,0.086,0.044181,102.66,0.032,0.0,ETH-26JUN20-360-C,133.38,101.33,0.042,140.0,0.047,300.0,104.33,0.22925,-0.06768,0.07463,0.00247,0.15801
135.24,ETH-27MAR20,1578135530456,open,0.05,1620.0,0.022,0.078,0.046967,86.18,0.046,0.0,ETH-27MAR20-100-P,133.38,83.75,0.044,320.0,0.049,288.0,87.85,0.16521,-0.0859,-0.06769,0.00462,-0.1735
137.64,ETH-26JUN20,1578131785553,open,0.04,4039.0,0.013,0.078,0.038318,106.01,0.039,0.0,ETH-26JUN20-400-C,133.38,105.13,0.037,30.0,0.04,300.0,107.11,0.20874,-0.06363,0.06495,0.00218,0.13737
137.64,ETH-26JUN20,1578135446200,open,0.03,379.0,0.008,0.062,0.027303,109.39,0.024,0.0,ETH-26JUN20-480-C,133.38,107.46,0.025,120.0,0.03,420.0,111.55,0.16771,-0.05276,0.0482,0.0017,0.10081
137.64,ETH-26JUN20,1578128840597,open,0.02,1346.0,0.007,0.036,0.018154,92.03,0.018,0.0,ETH-26JUN20-60-P,133.38,86.05,0.014,300.0,0.022,1.0,97.04,0.10125,-0.02679,-0.04607,0.00122,-0.05211
137.64,ETH-26JUN20,1578131786902,open,0.05,1008.0,0.023,0.076,0.04619,88.32,0.05,0.0,ETH-26JUN20-80-P,133.38,82.86,0.039,295.0,0.049,200.0,90.38,0.1856,-0.04714,-0.10639,0.00233,-0.11606
135.23,ETH-27MAR20,1578135530472,open,0.01,1405.0,0.001,0.026,0.008416,115.46,0.007,0.0,ETH-27MAR20-400-C,133.38,112.12,0.007,260.0,0.01,560.0,118.77,0.061,-0.04249,0.01121,0.00127,0.04493
135.24,ETH-27MAR20,1578135530541,open,0.05,3358.0,0.022,0.089,0.051555,90.73,0.053,0.0,ETH-27MAR20-200-C,133.38,89.0,0.049,300.0,0.055,291.0,92.99,0.20278,-0.111,0.05953,0.00538,0.24545
135.24,ETH-27MAR20,1578135530593,open,0.02,2243.0,0.005,0.046,0.019817,101.58,0.022,0.0,ETH-27MAR20-280-C,133.38,99.4,0.018,260.0,0.022,560.0,104.05,0.11601,-0.0711,0.02571,0.00275,0.10356
135.23,ETH-27MAR20,1578135530401,open,0.01,1664.0,0.003,0.036,0.013864,106.27,0.016,0.0,ETH-27MAR20-320-C,133.38,103.34,0.012,561.0,0.016,560.0,109.34,0.09013,-0.05779,0.01841,0.00204,0.07383
135.23,ETH-27MAR20,1578135530540,open,0.07,130.0,0.038,0.107,0.069657,84.49,0.085,0.0,ETH-27MAR20-110-P,133.38,82.0,0.066,597.0,0.073,469.0,86.75,0.1992,-0.10154,-0.09433,0.00568,-0.23755
135.23,ETH-27MAR20,1578135530414,open,0.14,1157.0,0.098,0.187,0.142548,83.06,0.145,0.0,ETH-27MAR20-140-C,133.38,80.62,0.138,263.0,0.15,407.0,86.98,0.25551,-0.12804,0.12322,0.00741,0.54392
135.23,ETH-27MAR20,1578135532569,open,0.02,1012.0,0.007,0.038,0.018698,91.96,0.017,0.0,ETH-27MAR20-80-P,133.38,89.5,0.017,318.0,0.021,621.0,95.21,0.09419,-0.05226,-0.02976,0.00247,-0.07823
135.24,ETH-27MAR20,1578135530470,open,0.04,1342.0,0.014,0.071,0.037655,92.49,0.042,0.0,ETH-27MAR20-220-C,133.38,89.59,0.034,489.0,0.042,789.0,95.8,0.17399,-0.09709,0.0463,0.00453,0.18845
135.23,ETH-27MAR20,1578135530424,open,0.0,2350.0,0.001,0.014,0.003371,120.01,0.004,0.0,ETH-27MAR20-520-C,133.38,118.27,0.003,520.0,0.006,396.0,129.56,0.03022,-0.02188,0.00488,0.00061,0.01926
135.24,ETH-27MAR20,1578135530571,open,0.0,1747.0,0.001,0.018,0.004876,120.01,0.005,0.0,ETH-27MAR20-480-C,133.38,116.84,0.004,520.0,0.007,520.0,126.35,0.03998,-0.02894,0.00675,0.0008,0.02685
135.24,ETH-27MAR20,1578135530567,open,0.0,1809.0,0.001,0.012,0.002362,120.0,0.003,0.0,ETH-27MAR20-560-C,133.38,117.74,0.002,670.0,0.006,397.0,135.05,0.02291,-0.01659,0.00355,0.00046,0.01394
135.23,ETH-27MAR20,1578135530588,open,0.01,1189.0,0.001,0.021,0.006434,118.14,0.006,0.0,ETH-27MAR20-440-C,133.38,113.89,0.005,590.0,0.008,560.0,122.11,0.04957,-0.03533,0.00871,0.00101,0.03481
135.23,ETH-27MAR20,1578135530497,open,0.01,2.0,0.002,0.026,0.011618,97.59,0.01,0.0,ETH-27MAR20-70-P,133.38,91.9,0.009,629.0,0.014,301.0,102.26,0.06606,-0.0389,-0.01881,0.00163,-0.04963
135.23,ETH-27MAR20,1578131785484,open,0.0,5912.0,0.001,0.011,0.001673,120.01,0.005,0.0,ETH-27MAR20-600-C,133.38,122.37,0.002,228.0,0.004,397.0,132.85,0.01745,-0.01263,0.00261,0.00035,0.01018
134.62,SYN.ETH-28FEB20,1578135530513,open,0.04,35.0,0.019,0.071,0.042032,78.97,0.045,0.0,ETH-28FEB20-110-P,133.38,76.21,0.039,735.0,0.044,192.0,80.72,0.14967,-0.1077,-0.05065,0.00696,-0.20819
134.62,SYN.ETH-28FEB20,1578135530659,open,0.03,336.0,0.009,0.048,0.02538,81.76,0.031,0.0,ETH-28FEB20-100-P,133.38,78.9,0.023,795.0,0.028,500.0,84.79,0.11418,-0.08506,-0.03276,0.00513,-0.13647
135.23,ETH-27MAR20,1578135530360,open,0.03,8827.0,0.01,0.06,0.029728,95.75,0.028,0.0,ETH-27MAR20-240-C,133.38,94.17,0.028,300.0,0.032,384.0,97.73,0.15137,-0.08744,0.03744,0.00381,0.15169
