underlying_price,underlying_index,timestamp,state,settlement_price,open_interest,min_price,max_price,mark_price,mark_iv,last_price,interest_rate,instrument_name,index_price,bid_iv,best_bid_price,best_bid_amount,best_ask_price,best_ask_amount,ask_iv,vega,theta,rho,gamma,delta
6255.67,BTC-25SEP20,1584874739988,open,0.37,215.0,0.272,0.4705,0.37508441,105.71,0.3865,0.0,BTC-25SEP20-7000-P,6263.88,102.11,0.365,4.8,0.3815,4.8,108.04,17.39276,-4.91943,-25.11769,8e-05,-0.40921
6249.7,BTC-27MAR20,1584874739994,open,0.15,453.0,0.0795,0.199,0.14551061,161.34,0.1305,0.0,BTC-27MAR20-5500-C,6263.88,128.6,0.135,7.0,0.159,0.1,199.23,2.12828,-35.21243,0.53125,0.00025,0.78187
132.53,SYN.ETH-24APR20,1584874740036,open,1.98,0.0,1.931,2.1145,2.022042,165.19,None,0.0,ETH-24APR20-400-P,133.01,0.0,0.0,0.0,0.0,0.0,0.0,0.02233,-0.0561,-0.35789,0.00085,-0.97617
132.53,SYN.ETH-24APR20,1584874740036,open,2.28,0.0,2.224,2.4245,2.322473,166.41,None,0.0,ETH-24APR20-440-P,133.01,0.0,0.0,0.0,0.0,0.0,0.0,0.01563,-0.03955,-0.39473,0.00059,-0.98434
132.61,ETH-27MAR20,1584874740193,open,2.28,1.0,2.221,2.42,2.318,196.14,2.11,0.0,ETH-27MAR20-440-P,133.01,0.0,0.003,50.0,0.0,0.0,0.0,0.0,0.0,-0.05878,0.0,-1.0
132.61,ETH-27MAR20,1584874740222,open,2.87,1.0,2.8065,3.0415,2.921273,196.15,3.276,0.0,ETH-27MAR20-520-P,133.01,0.0,0.006,50.0,0.0,0.0,0.0,0.0,0.0,-0.06946,0.0,-1.0
132.61,ETH-27MAR20,1584874740249,open,1.38,981.0,1.343,1.4875,1.413095,196.12,1.452,0.0,ETH-27MAR20-320-P,133.01,0.0,0.0,0.0,0.0,0.0,0.0,5e-05,-0.001,-0.04274,1e-05,-0.99992
132.61,ETH-27MAR20,1584874740257,open,0.09,1944.0,0.0475,0.1325,0.102379,150.17,0.0825,0.0,ETH-27MAR20-140-P,133.01,134.79,0.0955,1.0,0.1095,210.0,165.95,0.05961,-0.91797,-0.01225,0.0169,-0.58927
132.61,ETH-27MAR20,1584874740273,open,3.17,1.0,3.0995,3.3525,3.222909,196.16,3.3565,0.0,ETH-27MAR20-560-P,133.01,0.0,0.02,50.0,0.0,0.0,0.0,0.0,0.0,-0.07481,0.0,-1.0
6249.22,BTC-27MAR20,1584874740274,open,1.86,0.0,1.7175,2.0635,1.88014072,0.0,1.23,0.0,BTC-27MAR20-18000-P,6263.85,0.0,0.0125,1.0,0.0,0.0,0.0,0.0,0.0,-2.40445,0.0,-1.0
6249.22,BTC-27MAR20,1584874740275,open,5.36,0.8,5.0395,5.81,5.40088076,461.24,5.8915,0.0,BTC-27MAR20-40000-P,6263.85,0.0,0.0,0.0,0.0,0.0,0.0,0.01636,-0.77402,-5.34275,0.0,-0.99935
6249.22,BTC-27MAR20,1584874740275,open,0.28,1446.6,0.2095,0.375,0.2885772,158.18,0.241,0.0,BTC-27MAR20-8000-P,6263.85,0.0,0.2525,4.0,0.328,4.0,283.25,1.30349,-21.1445,-0.98893,0.00016,-0.89608
6255.82,BTC-25SEP20,1584874740276,open,1.91,0.9,1.7375,2.1355,1.92829493,109.13,2.2055,0.0,BTC-25SEP20-18000-P,6263.85,0.0,0.0,0.0,0.0,0.0,0.0,11.23112,-3.27925,-88.41739,5e-05,-0.83224
6249.19,BTC-27MAR20,1584874740277,open,1.23,69.5,1.114,1.3835,1.24041525,228.7,2.8715,0.0,BTC-27MAR20-14000-P,6263.85,0.0,0.0005,0.1,0.0,0.0,0.0,0.04063,-0.95291,-1.86877,0.0,-0.99825
6249.19,BTC-27MAR20,1584874740277,open,4.41,0.0,4.1335,4.7885,4.44074865,408.13,None,0.0,BTC-27MAR20-34000-P,6263.85,0.0,0.0,0.0,0.0,0.0,0.0,0.01035,-0.43336,-4.54145,0.0,-0.9996
6249.19,BTC-27MAR20,1584874740277,open,1.07,12.0,0.963,1.213,1.08056344,227.01,1.485,0.0,BTC-27MAR20-13000-P,6263.85,0.0,0.1,1.0,0.0,0.0,0.0,0.08364,-1.94707,-1.73354,1e-05,-0.9961
6255.82,BTC-25SEP20,1584874740278,open,0.61,277.0,0.494,0.7405,0.62050283,106.94,0.6195,0.0,BTC-25SEP20-9000-P,6263.85,81.29,0.549,2.8,0.663,2.8,121.84,17.78102,-5.08753,-37.07196,8e-05,-0.53694
6249.19,BTC-27MAR20,1584874740277,open,1.39,2.0,1.265,1.5535,1.40037162,232.22,0.4565,0.0,BTC-27MAR20-15000-P,6263.85,0.0,0.0,0.0,0.0,0.0,0.0,0.02161,-0.51474,-2.00303,0.0,-0.99912
6228.65,BTC-26JUN20,1584874740278,open,1.57,2.9,1.4325,1.7725,1.59398354,119.36,1.776,0.0,BTC-26JUN20-16000-P,6263.85,0.0,0.0005,0.9,0.0,0.0,0.0,5.93082,-3.69184,-40.67032,5e-05,-0.89183
6249.19,BTC-27MAR20,1584874740278,open,0.36,916.9,0.284,0.458,0.36606145,170.84,0.375,0.0,BTC-27MAR20-8500-P,6263.85,0.0,0.2905,5.0,0.44,0.1,398.5,0.99366,-17.40846,-1.08003,0.00011,-0.92775
6258.21,SYN.BTC-24MAR20,1584874740273,open,0.0,0.042,0.183,0.11111508,153.41,None,0.0,BTC-24MAR20-6875-P,6263.85,0.0,0.0825,4.0,0.14,4.0,271.91,1.29993,-53.16107,-0.28918,0.00042,-0.78806
6242.82,SYN.BTC-24APR20,1584874740274,open,0.34,486.0,0.254,0.4365,0.34531295,124.71,0.6628,0.0,BTC-24APR20-8000-P,6263.85,115.38,0.3355,3.0,0.3585,3.0,136.83,6.67559,-12.66187,-5.78088,0.00015,-0.68278
6261.23,SYN.BTC-23MAR20,1584874740274,open,0.06,15.0,0.002,0.1085,0.05563488,158.51,0.061,0.0,BTC-23MAR20-6000-C,6263.85,115.89,0.049,16.3,0.0635,16.3,204.75,1.02942,-81.58712,0.10005,0.00069,0.72164
6261.23,SYN.BTC-23MAR20,1584874740274,open,0.08,1.0,0.0095,0.125,0.07153306,166.7,0.0445,0.0,BTC-23MAR20-5875-C,6263.85,0.0,0.0435,5.0,0.0845,5.0,250.58,0.87373,-72.82709,0.10854,0.00056,0.79406
6242.82,SYN.BTC-24APR20,1584874740273,open,0.27,216.2,0.1965,0.368,0.28294674,124.63,0.5588,0.0,BTC-24APR20-7500-P,6263.85,118.96,0.2765,6.4,0.2945,6.4,134.65,7.138,-13.52941,-5.07302,0.00016,-0.61925
6261.23,SYN.BTC-23MAR20,1584874740276,open,0.05,0.0,0.001,0.115,0.05120149,141.24,None,0.0,BTC-23MAR20-6500-P,6263.85,0.0,0.026,5.0,0.0775,5.0,283.45,1.07626,-76.00349,-0.1119,0.00081,-0.69371
6258.21,SYN.BTC-24MAR20,1584874740274,open,0.0,0.0165,0.145,0.0781244,144.66,None,0.0,BTC-24MAR20-6625-P,6263.85,0.0,0.05,5.0,0.106,5.0,248.32,1.58152,-60.98627,-0.2472,0.00054,-0.69054
6242.82,SYN.BTC-24APR20,1584874740313,open,0.21,166.6,0.1445,0.263,0.21064436,128.27,0.2105,0.0,BTC-24APR20-5500-C,6263.85,122.86,0.205,19.3,0.2135,34.3,131.0,6.52397,-12.72729,2.74606,0.00014,0.69901
132.34,ETH-26JUN20,1584874740481,open,0.05,1307.0,0.011,0.0695,0.047432,133.46,0.054,0.0,ETH-26JUN20-320-C,133.01,129.99,0.043,448.0,0.0495,151.0,135.04,0.17251,-0.12007,0.04308,0.00281,0.17136
132.34,ETH-26JUN20,1584874740581,open,0.13,1279.0,0.07,0.163,0.132695,134.36,0.139,0.0,ETH-26JUN20-100-P,133.01,130.34,0.1265,150.0,0.1385,271.0,138.12,0.20406,-0.14299,-0.12478,0.0033,-0.22626
132.59,SYN.ETH-3APR20,1584874740579,open,0.5,0.0,0.426,0.6235,0.519414,156.02,None,0.0,ETH-3APR20-200-P,133.01,0.0,0.0,0.0,0.0,0.0,0.0,0.03993,-0.2623,-0.06152,0.00447,-0.90657
132.61,ETH-27MAR20,1584874740713,open,3.77,0.0,3.685,3.9745,3.826182,196.22,None,0.0,ETH-27MAR20-640-P,133.01,0.0,0.01,50.0,0.0,0.0,0.0,0.0,0.0,-0.08549,0.0,-1.0
6255.82,BTC-25SEP20,1584874740749,open,0.37,215.0,0.272,0.4705,0.37508441,105.74,0.3865,0.0,BTC-25SEP20-7000-P,6263.85,102.3,0.3655,4.8,0.3815,4.8,108.05,17.3925,-4.92065,-25.11805,8e-05,-0.40914
6242.87,SYN.BTC-24APR20,1584874740842,open,1.55,0.0,1.419,1.737,1.56814984,152.47,None,0.0,BTC-24APR20-16000-P,6263.85,0.0,0.0,0.0,0.0,0.0,0.0,1.40606,-3.26051,-14.25072,3e-05,-0.96622
6255.85,BTC-25SEP20,1584874740947,open,0.07,503.6,0.0215,0.11,0.06414817,108.13,0.066,0.0,BTC-25SEP20-16000-C,6263.85,107.06,0.062,4.4,0.0665,6.4,109.27,12.68626,-3.67011,4.48344,6e-05,0.20413
6249.19,BTC-27MAR20,1584874740995,open,0.15,453.0,0.0795,0.199,0.14545705,161.47,0.1305,0.0,BTC-27MAR20-5500-C,6263.85,128.79,0.135,7.0,0.1585,7.0,198.0,2.12963,-35.26379,0.53099,0.00025,0.7816
6249.28,BTC-27MAR20,1584874741281,open,0.14,1190.1,0.0725,0.2195,0.14529616,142.07,0.155,0.0,BTC-27MAR20-7000-P,6263.82,125.1,0.139,6.6,0.1525,11.6,160.37,2.39403,-34.87876,-0.72957,0.00032,-0.72867
6228.64,BTC-26JUN20,1584874741282,open,0.55,626.3,0.4415,0.6695,0.55685608,114.89,0.56,0.0,BTC-26JUN20-9000-P,6263.82,0.0,0.0005,0.2,0.0,0.0,0.0,12.05772,-7.22436,-19.4109,0.0001,-0.62956
6249.28,BTC-27MAR20,1584874741283,open,1.54,21.1,1.416,1.7235,1.56033557,240.36,2.255,0.0,BTC-27MAR20-16000-P,6263.82,0.0,0.0,0.0,0.0,0.0,0.0,0.01489,-0.36693,-2.13683,0.0,-0.99941
6242.87,SYN.BTC-24APR20,1584874741280,open,0.04,306.2,0.0125,0.0775,0.04163637,136.88,0.0395,0.0,BTC-24APR20-4500-P,6263.82,133.21,0.039,34.3,0.044,24.3,140.12,4.52319,-9.41639,-1.12313,9e-05,-0.1581
6247.61,SYN.BTC-3APR20,1584874741281,open,0.05,53.5,0.0105,0.0925,0.04946611,129.08,0.0455,0.0,BTC-3APR20-7000-C,6263.82,124.64,0.0465,33.6,0.0525,32.6,133.58,4.19529,-22.79968,0.62098,0.00026,0.35496
6242.87,SYN.BTC-24APR20,1584874741282,open,0.1,243.9,0.048,0.1525,0.10352574,124.29,0.108,0.0,BTC-24APR20-7000-C,6263.82,121.75,0.1005,21.9,0.107,28.6,127.21,7.42061,-14.02746,1.96002,0.00017,0.4521
6247.61,SYN.BTC-3APR20,1584874741282,open,0.37,0.0,0.289,0.469,0.37594153,139.04,None,0.0,BTC-3APR20-8500-P,6263.82,0.0,0.0,0.0,0.0,0.0,0.0,2.4491,-14.33645,-2.52212,0.00014,-0.86481
6261.22,SYN.BTC-23MAR20,1584874741280,open,0.09,3.0,0.0245,0.142,0.08890941,177.94,0.083,0.0,BTC-23MAR20-5750-C,6263.82,0.0,0.062,5.0,0.111,5.0,330.19,0.72663,-64.6483,0.11378,0.00043,0.84633
6242.87,SYN.BTC-24APR20,1584874741281,open,0.47,215.8,0.3835,0.584,0.48206513,126.71,0.74,0.0,BTC-24APR20-9000-P,6263.82,0.0,0.001,100.0,0.0,0.0,0.0,5.54937,-10.69395,-7.09587,0.00012,-0.77988
6261.22,SYN.BTC-23MAR20,1584874741281,open,0.03,69.3,0.0005,0.077,0.02882768,143.05,0.0245,0.0,BTC-23MAR20-6250-C,6263.82,120.87,0.0245,31.9,0.0325,18.0,161.88,1.22124,-87.35092,0.07441,0.00091,0.52417
6242.87,SYN.BTC-24APR20,1584874741281,open,1.08,0.5,0.9675,1.233,1.09284427,141.92,0.869,0.0,BTC-24APR20-13000-P,6263.82,0.0,0.0005,0.1,0.0,0.0,0.0,2.39352,-5.16641,-11.39897,5e-05,-0.93437
6242.87,SYN.BTC-24APR20,1584874741281,open,1.23,0.0,1.1175,1.4005,1.25052429,145.13,None,0.0,BTC-24APR20-14000-P,6263.82,0.0,0.0,0.0,0.0,0.0,0.0,1.95903,-4.32392,-12.36862,4e-05,-0.94913
6258.21,SYN.BTC-24MAR20,1584874741281,open,0.0,0.0195,0.135,0.08159355,160.39,None,0.0,BTC-24MAR20-5875-C,6263.82,131.76,0.075,17.3,0.087,17.3,182.71,1.48857,-63.64218,0.20792,0.00046,0.7281
6242.87,SYN.BTC-24APR20,1584874741281,open,0.92,0.0,0.818,1.0665,0.9359008,137.72,None,0.0,BTC-24APR20-12000-P,6263.82,0.0,0.0,0.0,0.0,0.0,0.0,2.90669,-6.08806,-10.40949,6e-05,-0.91534
6261.22,SYN.BTC-23MAR20,1584874741281,open,0.02,27.9,0.0005,0.082,0.02703369,143.04,0.033,0.0,BTC-23MAR20-6250-P,6263.82,130.05,0.0245,20.0,0.0295,21.5,155.69,1.22124,-87.34314,-0.07554,0.00091,-0.47583
6258.21,SYN.BTC-24MAR20,1584874741281,open,0.0,0.033,0.1515,0.09778132,168.88,None,0.0,BTC-24MAR20-5750-C,6263.82,0.0,0.071,5.0,0.1205,5.0,265.91,1.34069,-60.35475,0.21825,0.00039,0.77641
6247.61,SYN.BTC-3APR20,1584874741281,open,0.04,23.5,0.01,0.092,0.04608469,139.58,0.045,0.0,BTC-3APR20-5500-P,6263.82,134.32,0.043,23.3,0.049,23.1,144.5,3.68165,-21.63559,-0.62962,0.00021,-0.26366
6247.61,SYN.BTC-3APR20,1584874741281,open,0.16,5.0,0.0955,0.245,0.16990367,129.09,0.1385,0.0,BTC-3APR20-7000-P,6263.82,124.0,0.1665,9.1,0.184,9.1,149.76,4.19539,-22.80261,-1.65652,0.00026,-0.64502
6242.87,SYN.BTC-24APR20,1584874741317,open,0.21,166.6,0.1445,0.263,0.21060284,128.23,0.2105,0.0,BTC-24APR20-5500-C,6263.82,122.86,0.205,19.3,0.2135,19.3,131.0,6.52379,-12.72261,2.74645,0.00014,0.69904
132.34,ETH-26JUN20,1584874741500,open,0.16,2.0,0.099,0.2055,0.169488,133.64,0.2925,0.0,ETH-26JUN20-110-P,133.01,129.52,0.1625,150.0,0.176,411.0,137.48,0.22432,-0.15634,-0.15282,0.00365,-0.27013
132.34,ETH-26JUN20,1584874741500,open,0.65,0.0,0.6145,0.656,0.641224,144.23,None,0.0,ETH-26JUN20-50-C,133.01,0.0,0.0005,3.0,0.0,0.0,0.0,0.06528,-0.0491,0.10877,0.00098,0.95413
132.34,ETH-26JUN20,1584874741500,open,0.34,42.0,0.2645,0.3705,0.338233,133.6,0.3015,0.0,ETH-26JUN20-110-C,133.01,106.67,0.2925,35.0,0.373,35.0,154.21,0.22432,-0.1563,0.13614,0.00365,0.72986
132.34,ETH-26JUN20,1584874741500,open,0.53,0.0,0.475,0.539,0.522809,140.21,None,0.0,ETH-26JUN20-70-C,133.01,0.0,0.01,100.0,0.0,0.0,0.0,0.12457,-0.09109,0.12887,0.00193,0.89354
132.34,ETH-26JUN20,1584874741500,open,0.02,3058.0,0.003,0.034,0.019068,144.29,0.015,0.0,ETH-26JUN20-50-P,133.01,138.93,0.0165,150.0,0.019,1.0,144.15,0.06532,-0.04916,-0.02258,0.00098,-0.0459
132.34,ETH-26JUN20,1584874741500,open,0.1,400.0,0.0465,0.125,0.100875,135.7,0.118,0.0,ETH-26JUN20-90-P,133.01,130.26,0.0935,430.0,0.108,430.0,140.92,0.18013,-0.12748,-0.09885,0.00289,-0.1835
132.34,ETH-26JUN20,1584874741500,open,0.05,170.0,0.0155,0.0665,0.051789,140.25,0.0455,0.0,ETH-26JUN20-70-P,133.01,135.65,0.0475,150.0,0.056,446.0,144.68,0.12459,-0.09113,-0.05502,0.00193,-0.10649
132.34,ETH-26JUN20,1584874741501,open,0.43,0.0,0.3575,0.4465,0.420757,135.66,None,0.0,ETH-26JUN20-90-C,133.01,0.0,0.01,100.0,0.0,0.0,0.0,0.18012,-0.12744,0.13758,0.00289,0.81652
132.61,ETH-27MAR20,1584874741531,open,0.0,1368.0,0.0005,0.0155,1.3e-05,196.12,0.002,0.0,ETH-27MAR20-300-C,133.0,0.0,0.0,0.0,0.0005,200.0,262.85,0.00014,-0.00175,0.0,3e-05,0.00024
138.41,SYN.ETH-25SEP20,1584874741531,open,0.16,1361.0,0.0725,0.1955,0.136705,121.01,0.144,0.0,ETH-25SEP20-280-C,133.0,118.09,0.129,428.0,0.1445,287.0,123.93,0.36747,-0.11897,0.15233,0.0031,0.35167
138.41,SYN.ETH-25SEP20,1584874741531,open,0.81,307.0,0.6765,0.8755,0.780981,119.9,1.124,0.0,ETH-25SEP20-220-P,133.0,0.0,0.154,1.0,1.6475,1.0,500.0,0.39267,-0.12597,-0.93912,0.00334,-0.54425
132.34,ETH-26JUN20,1584874741531,open,0.38,5.0,0.308,0.4065,0.377035,134.34,0.337,0.0,ETH-26JUN20-100-C,133.0,106.81,0.335,35.0,0.411,35.0,156.34,0.20406,-0.14297,0.1379,0.0033,0.77374
132.61,ETH-27MAR20,1584874741531,open,0.0,3779.0,0.0005,0.0155,0.0,196.14,0.01,0.0,ETH-27MAR20-480-C,133.0,0.0,0.0,0.0,0.0005,108.0,387.73,0.0,0.0,0.0,0.0,0.0
132.34,ETH-26JUN20,1584874741531,open,0.31,583.0,0.2265,0.3385,0.304002,133.3,0.29,0.0,ETH-26JUN20-120-C,133.0,125.07,0.289,263.0,0.313,263.0,138.25,0.24058,-0.16724,0.13283,0.00392,0.68611
132.61,ETH-27MAR20,1584874741531,open,0.0,8766.0,0.0005,0.0155,0.000134,196.1,0.0005,0.0,ETH-27MAR20-260-C,133.0,0.0,0.0,0.0,0.001,589.0,241.01,0.00103,-0.01774,4e-05,0.00022,0.00214
132.34,ETH-26JUN20,1584874741531,open,0.07,3500.0,0.028,0.0915,0.071676,135.69,0.0855,0.0,ETH-26JUN20-80-P,133.0,127.17,0.062,289.0,0.08,439.0,142.84,0.1524,-0.10784,-0.07427,0.00244,-0.14197
132.61,ETH-27MAR20,1584874741531,open,0.02,4873.0,0.0005,0.032,0.017198,162.66,0.0155,0.0,ETH-27MAR20-160-C,133.0,158.7,0.016,1.0,0.0185,498.0,166.86,0.04061,-0.67737,0.00293,0.01063,0.1828
132.34,ETH-26JUN20,1584874741531,open,0.01,576.0,0.0005,0.028,0.01339,137.85,0.009,0.0,ETH-26JUN20-520-C,133.0,134.46,0.0115,150.0,0.0155,150.0,141.31,0.07721,-0.05551,0.01503,0.00122,0.05663
132.61,ETH-27MAR20,1584874741531,open,0.94,7.0,0.9035,1.021,0.96077,196.1,1.163,0.0,ETH-27MAR20-260-P,133.0,0.0,0.0,0.0,0.0,0.0,0.0,0.00103,-0.02075,-0.0347,0.00022,-0.99786
132.61,ETH-27MAR20,1584874741531,open,0.0,251.0,0.0005,0.0155,1e-06,196.13,0.002,0.0,ETH-27MAR20-340-C,133.0,0.0,0.0,0.0,0.0005,470.0,297.02,2e-05,-0.00017,0.0,0.0,3e-05
132.61,ETH-27MAR20,1584874741531,open,0.35,2045.0,0.318,0.403,0.364542,177.67,0.42,0.0,ETH-27MAR20-180-P,133.0,0.0,0.001,10.0,0.0,0.0,0.0,0.02342,-0.42677,-0.0227,0.00561,-0.91702
138.41,SYN.ETH-25SEP20,1584874741531,open,4.23,0.0,4.057,4.4105,4.228951,127.58,None,0.0,ETH-25SEP20-720-P,133.0,0.0,0.0,0.0,0.0,0.0,0.0,0.15885,-0.05422,-3.64273,0.00127,-0.91148
138.41,SYN.ETH-25SEP20,1584874741531,open,0.05,745.0,0.0095,0.0695,0.044332,126.24,0.056,0.0,ETH-25SEP20-560-C,133.0,122.72,0.039,150.0,0.05,450.0,129.75,0.21676,-0.07321,0.06538,0.00175,0.13659
138.41,SYN.ETH-25SEP20,1584874741531,open,0.02,187.0,0.0025,0.0365,0.01765,128.61,0.0275,0.0,ETH-25SEP20-880-C,133.0,123.38,0.0135,150.0,0.0225,450.0,133.85,0.11888,-0.04091,0.03043,0.00094,0.06059
132.61,ETH-27MAR20,1584874741531,open,0.79,1727.0,0.7575,0.8655,0.810238,196.08,1.25,0.0,ETH-27MAR20-240-P,133.0,0.0,0.0,0.0,0.0,0.0,0.0,0.00266,-0.05344,-0.03196,0.00058,-0.99387
138.41,SYN.ETH-25SEP20,1584874741531,open,0.24,580.0,0.142,0.279,0.216999,119.71,0.1945,0.0,ETH-25SEP20-200-C,133.0,116.03,0.2065,409.0,0.2275,409.0,123.38,0.3951,-0.12654,0.20013,0.00337,0.49941
138.41,SYN.ETH-25SEP20,1584874741531,open,1.71,0.0,1.5725,1.816,1.693897,122.54,None,0.0,ETH-25SEP20-360-P,133.0,0.0,0.0,0.0,4.46,1.0,500.0,0.31949,-0.10475,-1.7267,0.00266,-0.74274
132.61,ETH-27MAR20,1584874741531,open,0.0,7905.0,0.0005,0.0155,0.0,196.21,0.0005,0.0,ETH-27MAR20-640-C,133.0,0.0,0.0,0.0,0.0005,34.0,460.24,0.0,0.0,0.0,0.0,0.0
132.34,ETH-26JUN20,1584874741531,open,0.16,2791.0,0.088,0.2005,0.160611,130.96,0.16,0.0,ETH-26JUN20-180-C,133.0,126.46,0.1515,276.0,0.168,426.0,134.6,0.26856,-0.18342,0.10101,0.00446,0.45119
132.61,ETH-27MAR20,1584874741531,open,0.0,6278.0,0.0005,0.0155,0.0,196.13,0.0005,0.0,ETH-27MAR20-360-C,133.0,0.0,0.0,0.0,0.002,419.0,363.94,1e-05,-5e-05,0.0,0.0,1e-05
132.61,ETH-27MAR20,1584874741531,open,0.48,75.0,0.456,0.488,0.473372,258.05,0.465,0.0,ETH-27MAR20-70-C,133.0,0.0,0.0015,2.0,0.0,0.0,0.0,0.00443,-0.1172,0.00913,0.00073,0.98903
138.41,SYN.ETH-25SEP20,1584874741531,open,0.54,18.0,0.478,0.569,0.539489,131.77,0.483,0.0,ETH-25SEP20-80-C,133.0,94.75,0.481,1.0,0.6415,1.0,194.39,0.22699,-0.08003,0.22273,0.00176,0.85379
132.34,ETH-26JUN20,1584874741532,open,0.29,525.0,0.215,0.3525,0.300236,130.94,0.3,0.0,ETH-26JUN20-140-P,133.0,127.54,0.2935,150.0,0.3175,330.0,139.68,0.26215,-0.17901,-0.24364,0.00435,-0.40064
132.34,ETH-26JUN20,1584874741531,open,0.51,1847.0,0.424,0.585,0.520744,130.96,0.65,0.0,ETH-26JUN20-180-P,133.0,0.0,0.1175,4.0,0.6,1.0,169.8,0.26856,-0.18342,-0.3718,0.00446,-0.54881
138.41,SYN.ETH-25SEP20,1584874741531,open,0.46,60.0,0.3915,0.503,0.467792,131.68,0.406,0.0,ETH-25SEP20-100-C,133.0,100.93,0.4045,39.0,0.478,39.0,136.68,0.28319,-0.09978,0.2303,0.00219,0.79278
138.41,SYN.ETH-25SEP20,1584874741531,open,0.2,482.0,0.101,0.2325,0.171476,120.69,0.1475,0.0,ETH-25SEP20-240-C,133.0,117.65,0.163,417.0,0.18,417.0,123.73,0.38684,-0.12492,0.1751,0.00327,0.41857
132.34,ETH-26JUN20,1584874741531,open,0.63,936.0,0.544,0.712,0.647884,133.47,0.79,0.0,ETH-26JUN20-200-P,133.0,0.0,0.0,0.0,0.0,0.0,0.0,0.26148,-0.182,-0.43491,0.00426,-0.60321
132.61,ETH-27MAR20,1584874741531,open,0.26,1068.0,0.223,0.2715,0.255103,191.56,0.2965,0.0,ETH-27MAR20-100-C,133.0,0.0,0.2255,25.0,0.2905,25.0,332.84,0.02342,-0.45999,0.01173,0.0052,0.91705
138.41,SYN.ETH-25SEP20,1584874741531,open,1.98,0.0,1.843,2.098,1.968832,123.54,None,0.0,ETH-25SEP20-400-P,133.0,0.0,0.0,0.0,0.0,0.0,0.0,0.29632,-0.09795,-1.94506,0.00245,-0.77594
132.61,ETH-27MAR20,1584874741531,open,0.14,421.0,0.076,0.1485,0.127616,159.85,0.105,0.0,ETH-27MAR20-120-C,133.0,133.64,0.118,60.0,0.1365,60.0,182.97,0.05004,-0.82021,0.01079,0.01333,0.73671
132.61,ETH-27MAR20,1584874741531,open,0.0,14.0,0.0005,0.0155,0.0,196.13,0.0005,0.0,ETH-27MAR20-380-C,133.0,0.0,0.0,0.0,0.0005,6.0,326.79,0.0,-2e-05,0.0,0.0,0.0
138.41,SYN.ETH-25SEP20,1584874741532,open,0.28,1178.0,0.1675,0.3035,0.242769,117.95,0.21,0.0,ETH-25SEP20-180-C,133.0,113.46,0.23,275.0,0.2555,275.0,122.45,0.39269,-0.12393,0.21352,0.00339,0.54408
132.61,ETH-27MAR20,1584874741532,open,0.0,13178.0,0.0005,0.0155,4.2e-05,196.12,0.001,0.0,ETH-27MAR20-280-C,133.0,0.0,0.0,0.0,0.001,500.0,263.14,0.00038,-0.00558,1e-05,8e-05,0.00073
138.41,SYN.ETH-25SEP20,1584874741532,open,0.06,398.0,0.0125,0.0785,0.050332,125.49,0.046,0.0,ETH-25SEP20-520-C,133.0,121.94,0.0445,450.0,0.0565,450.0,129.05,0.23364,-0.07845,0.07252,0.0019,0.15267
132.34,ETH-26JUN20,1584874741531,open,0.07,2036.0,0.019,0.0925,0.066294,133.47,0.057,0.0,ETH-26JUN20-280-C,133.0,129.31,0.06,444.0,0.0695,150.0,135.53,0.2037,-0.14179,0.05536,0.00332,0.22556
138.41,SYN.ETH-25SEP20,1584874741532,open,0.35,436.0,0.249,0.3785,0.321568,117.36,0.3,0.0,ETH-25SEP20-140-C,133.0,111.46,0.306,270.0,0.337,270.0,123.25,0.3638,-0.11423,0.23821,0.00316,0.65772
138.41,SYN.ETH-25SEP20,1584874741531,open,0.03,329.0,0.0045,0.048,0.024259,127.96,0.021,0.0,ETH-25SEP20-760-C,133.0,123.75,0.02,150.0,0.029,450.0,132.18,0.14783,-0.05061,0.0398,0.00118,0.08042
138.41,SYN.ETH-25SEP20,1584874741532,open,4.8,0.0,4.616,4.998,4.801938,128.46,None,0.0,ETH-25SEP20-800-P,133.0,0.0,0.0,0.0,0.0,0.0,0.0,0.13828,-0.04753,-4.0593,0.0011,-0.92634
138.41,SYN.ETH-25SEP20,1584874741532,open,0.4,461.0,0.322,0.4475,0.406816,131.0,0.385,0.0,ETH-25SEP20-120-C,133.0,110.34,0.3575,268.0,0.391,268.0,124.31,0.32583,-0.1142,0.23092,0.00254,0.73268
138.41,SYN.ETH-25SEP20,1584874741532,open,5.38,0.0,5.176,5.587,5.375572,128.61,None,0.0,ETH-25SEP20-880-P,133.0,0.0,0.0,0.0,0.0,0.0,0.0,0.11888,-0.04091,-4.47507,0.00094,-0.93941
138.41,SYN.ETH-25SEP20,1584874741532,open,2.81,0.0,2.6625,2.9445,2.807286,125.49,None,0.0,ETH-25SEP20-520-P,133.0,0.0,0.0,0.0,0.0,0.0,0.0,0.23364,-0.07845,-2.58982,0.0019,-0.84733
132.34,ETH-26JUN20,1584874741532,open,0.2,381.0,0.133,0.251,0.210757,133.3,0.208,0.0,ETH-26JUN20-120-P,133.0,128.76,0.2025,150.0,0.2185,400.0,137.56,0.24058,-0.16724,-0.18238,0.00392,-0.31389
132.34,ETH-26JUN20,1584874741532,open,0.39,169.0,0.3135,0.465,0.405858,130.96,0.4855,0.0,ETH-26JUN20-160-P,133.0,114.15,0.3715,150.0,0.435,150.0,145.27,0.27021,-0.18455,-0.30757,0.00449,-0.47894
138.41,SYN.ETH-25SEP20,1584874741532,open,0.11,1009.0,0.0405,0.146,0.092929,122.54,0.1,0.0,ETH-25SEP20-360-C,133.0,119.27,0.0855,443.0,0.1005,293.0,125.78,0.31949,-0.10475,0.11645,0.00266,0.25726
138.41,SYN.ETH-25SEP20,1584874741532,open,0.09,1977.0,0.0315,0.129,0.078867,123.54,0.0615,0.0,ETH-25SEP20-400-C,133.0,120.04,0.0715,445.0,0.0865,445.0,127.05,0.29632,-0.09795,0.10289,0.00245,0.22406
132.6,ETH-27MAR20,1584874741532,open,0.0,2975.0,0.0005,0.019,0.004451,208.01,0.004,0.0,ETH-27MAR20-90-P,133.0,186.0,0.0025,411.0,0.007,450.0,229.87,0.01364,-0.29095,-0.00082,0.00279,-0.04162
138.41,SYN.ETH-25SEP20,1584874741533,open,4.52,0.0,4.3365,4.704,4.515192,127.96,None,0.0,ETH-25SEP20-760-P,133.0,0.0,0.0,0.0,0.0,0.0,0.0,0.14783,-0.05061,-3.85131,0.00118,-0.91958
132.6,ETH-27MAR20,1584874741532,open,0.0,7404.0,0.0005,0.0155,0.001235,258.03,0.0025,0.0,ETH-27MAR20-70-P,133.0,250.48,0.001,1.0,0.0015,2.0,265.45,0.00443,-0.11719,-0.00022,0.00073,-0.01097
132.6,ETH-27MAR20,1584874741532,open,0.49,4045.0,0.4645,0.5555,0.512,195.0,0.889,0.0,ETH-27MAR20-200-P,133.0,0.0,0.001,10.0,0.0,0.0,0.0,0.01415,-0.28292,-0.02601,0.00309,-0.95645
138.41,SYN.ETH-25SEP20,1584874741533,open,0.03,615.0,0.0065,0.0585,0.030044,127.03,0.028,0.0,ETH-25SEP20-680-C,133.0,123.18,0.0255,150.0,0.035,450.0,130.89,0.17043,-0.05793,0.0477,0.00137,0.09735
138.41,SYN.ETH-25SEP20,1584874741532,open,0.47,91.0,0.3465,0.512,0.43503,117.84,0.4265,0.0,ETH-25SEP20-160-P,133.0,115.84,0.4295,135.0,0.535,135.0,154.97,0.38297,-0.12075,-0.59274,0.00331,-0.40142
138.41,SYN.ETH-25SEP20,1584874741532,open,2.53,0.0,2.3905,2.669,2.526536,125.24,None,0.0,ETH-25SEP20-480-P,133.0,0.0,0.0,0.0,0.0,0.0,0.0,0.25409,-0.08514,-2.37596,0.00207,-0.8263
132.34,ETH-26JUN20,1584874741532,open,0.03,2491.0,0.0075,0.0495,0.034691,144.28,0.0285,0.0,ETH-26JUN20-60-P,133.0,137.66,0.03,150.0,0.0395,300.0,150.77,0.09602,-0.07225,-0.03813,0.00145,-0.07501
138.41,SYN.ETH-25SEP20,1584874741532,open,1.44,89.0,1.307,1.5395,1.424442,122.04,1.4935,0.0,ETH-25SEP20-320-P,133.0,0.0,0.0,0.0,4.44,1.0,500.0,0.34457,-0.11251,-1.50517,0.00288,-0.69957
132.34,ETH-26JUN20,1584874741532,open,0.59,42.0,0.5425,0.596,0.581314,144.28,0.7865,0.0,ETH-26JUN20-60-C,133.0,0.0,0.02,5.0,0.745,1.0,329.37,0.09602,-0.07225,0.11947,0.00145,0.92499
138.41,SYN.ETH-25SEP20,1584874741533,open,0.04,413.0,0.0075,0.0615,0.038835,126.6,0.0455,0.0,ETH-25SEP20-600-C,133.0,123.14,0.034,150.0,0.044,450.0,130.05,0.20015,-0.06779,0.05876,0.00161,0.12175
138.41,SYN.ETH-25SEP20,1584874741533,open,0.37,63.0,0.253,0.4025,0.333056,117.36,0.354,0.0,ETH-25SEP20-140-P,133.0,115.82,0.329,141.0,0.4205,141.0,151.57,0.3638,-0.11423,-0.47857,0.00316,-0.34228
138.41,SYN.ETH-25SEP20,1584874741533,open,3.95,0.0,3.778,4.1175,3.942983,127.03,None,0.0,ETH-25SEP20-680-P,133.0,0.0,0.0,0.0,0.0,0.0,0.0,0.17043,-0.05793,-3.43382,0.00137,-0.90265
132.6,ETH-27MAR20,1584874741533,open,0.0,3356.0,0.0005,0.0155,0.0,196.15,0.003,0.0,ETH-27MAR20-440-C,133.0,0.0,0.0,0.0,0.0005,283.0,365.28,0.0,0.0,0.0,0.0,0.0
132.34,ETH-26JUN20,1584874741533,open,0.14,2424.0,0.064,0.1705,0.136625,133.47,0.135,0.0,ETH-26JUN20-200-C,133.0,132.64,0.135,190.0,0.1385,430.0,134.41,0.26148,-0.182,0.09044,0.00426,0.39679
132.34,ETH-26JUN20,1584874741533,open,0.47,0.0,0.4135,0.4905,0.467172,135.69,None,0.0,ETH-26JUN20-80-C,133.0,0.0,0.02,1.0,0.0,0.0,0.0,0.1524,-0.10784,0.13587,0.00244,0.85803
132.6,ETH-27MAR20,1584874741533,open,0.33,68.0,0.3005,0.3415,0.32577,208.5,0.332,0.0,ETH-27MAR20-90-C,133.0,0.0,0.0015,2.0,0.0,0.0,0.0,0.01372,-0.29344,0.0112,0.0028,0.95806
132.6,ETH-27MAR20,1584874741533,open,0.0,12974.0,0.0005,0.0155,0.0,196.19,0.0005,0.0,ETH-27MAR20-600-C,133.0,0.0,0.0,0.0,0.0005,343.0,444.21,0.0,0.0,0.0,0.0,0.0
132.6,ETH-27MAR20,1584874741533,open,0.0,2193.0,0.0005,0.0155,0.0,196.17,0.0015,0.0,ETH-27MAR20-560-C,133.0,0.0,0.0,0.0,0.002,419.0,490.89,0.0,0.0,0.0,0.0,0.0
138.41,SYN.ETH-25SEP20,1584874741533,open,0.19,534.0,0.1165,0.2295,0.190283,131.68,0.151,0.0,ETH-25SEP20-100-P,133.0,125.21,0.177,414.0,0.2035,414.0,138.16,0.28319,-0.09978,-0.28169,0.00219,-0.20722
138.41,SYN.ETH-25SEP20,1584874741533,open,0.02,3.0,0.003,0.04,0.019692,128.55,0.0155,0.0,ETH-25SEP20-840-C,133.0,123.7,0.0155,150.0,0.0245,450.0,133.41,0.1282,-0.0441,0.03335,0.00102,0.06676
138.41,SYN.ETH-25SEP20,1584874741533,open,0.06,2711.0,0.025,0.0795,0.059943,131.96,0.0545,0.0,ETH-25SEP20-60-P,133.0,127.11,0.0545,446.0,0.0655,150.0,136.8,0.15726,-0.05552,-0.10436,0.00122,-0.08733
132.6,ETH-27MAR20,1584874741533,open,0.02,2455.0,0.0005,0.0315,0.016677,171.4,0.0135,0.0,ETH-27MAR20-110-P,133.0,159.13,0.0135,498.0,0.02,499.0,183.45,0.03552,-0.62424,-0.00293,0.00882,-0.14863
138.41,SYN.ETH-25SEP20,1584874741533,open,3.66,0.0,3.4965,3.816,3.658286,127.03,None,0.0,ETH-25SEP20-640-P,133.0,0.0,0.0,0.0,0.0,0.0,0.0,0.18538,-0.06301,-3.2236,0.00149,-0.89069
138.41,SYN.ETH-25SEP20,1584874741533,open,0.08,523.0,0.025,0.115,0.067351,124.28,0.07,0.0,ETH-25SEP20-440-C,133.0,120.74,0.0605,447.0,0.0745,447.0,127.82,0.27392,-0.09109,0.09118,0.00225,0.19602
132.6,ETH-27MAR20,1584874741533,open,0.0,4605.0,0.0005,0.0155,0.0,196.15,0.0035,0.0,ETH-27MAR20-400-C,133.0,0.0,0.0,0.0,0.002,419.0,395.09,0.0,-1e-05,0.0,0.0,0.0
132.34,ETH-26JUN20,1584874741533,open,0.25,479.0,0.1655,0.283,0.242355,130.94,0.2375,0.0,ETH-26JUN20-140-C,133.0,125.47,0.2315,267.0,0.2535,267.0,136.57,0.26215,-0.17901,0.1241,0.00435,0.59936
132.6,ETH-27MAR20,1584874741533,open,0.0,4296.0,0.0005,0.0185,0.003818,196.05,0.0025,0.0,ETH-27MAR20-200-C,133.0,182.36,0.0025,90.0,0.0055,650.0,209.92,0.0144,-0.28956,0.00072,0.00313,0.04452
132.34,ETH-26JUN20,1584874741533,open,0.01,1278.0,0.0005,0.02,0.005349,141.72,0.0045,0.0,ETH-26JUN20-720-C,133.0,136.68,0.004,150.0,0.007,450.0,146.83,0.03895,-0.02879,0.00665,0.0006,0.02448
132.34,ETH-26JUN20,1584874741533,open,0.09,989.0,0.0345,0.1245,0.094277,133.47,0.085,0.0,ETH-26JUN20-240-C,133.0,128.18,0.085,438.0,0.097,150.0,134.99,0.23536,-0.16382,0.07105,0.00383,0.29868
132.6,ETH-27MAR20,1584874741533,open,0.0,5012.0,0.0005,0.0155,0.00042,196.1,0.0005,0.0,ETH-27MAR20-240-C,133.0,0.0,0.0,0.0,0.0015,400.0,228.32,0.00266,-0.05344,0.0001,0.00058,0.00613
138.41,SYN.ETH-25SEP20,1584874741533,open,0.04,1916.0,0.006,0.055,0.034343,127.03,0.036,0.0,ETH-25SEP20-640-C,133.0,123.67,0.03,150.0,0.039,450.0,130.39,0.18538,-0.06301,0.05312,0.00149,0.10931
132.86,SYN.ETH-24MAR20,1584874741531,open,0.0,0.0035,0.099,0.048466,129.85,None,0.0,ETH-24MAR20-130-C,133.0,108.03,0.0425,215.0,0.0625,215.0,180.51,0.03653,-1.26455,0.00384,0.03102,0.61027
138.41,SYN.ETH-25SEP20,1584874741533,open,0.69,111.0,0.5615,0.7515,0.661982,119.71,0.6725,0.0,ETH-25SEP20-200-P,133.0,15.63,0.445,200.0,1.22,2.0,367.74,0.3951,-0.12654,-0.82385,0.00337,-0.50059
132.59,SYN.ETH-3APR20,1584874741531,open,0.13,8.0,0.066,0.2055,0.134347,141.04,0.105,0.0,ETH-3APR20-140-P,133.0,123.07,0.1215,188.0,0.1485,188.0,160.75,0.09505,-0.56444,-0.02885,0.01178,-0.5345
138.41,SYN.ETH-25SEP20,1584874741534,open,2.26,0.0,2.116,2.3825,2.246312,124.28,None,0.0,ETH-25SEP20-440-P,133.0,0.0,0.0,0.0,0.0,0.0,0.0,0.27392,-0.09109,-2.16157,0.00225,-0.80398
132.53,SYN.ETH-24APR20,1584874741531,open,0.01,2134.0,0.0005,0.026,0.011156,145.78,0.0105,0.0,ETH-24APR20-280-C,133.0,141.39,0.0095,19.0,0.013,740.0,150.26,0.05222,-0.11578,0.00678,0.00226,0.06799
132.59,SYN.ETH-3APR20,1584874741531,open,0.02,118.0,0.003,0.054,0.021496,159.59,0.028,0.0,ETH-3APR20-100-P,133.0,152.93,0.019,447.0,0.024,1.0,166.01,0.05074,-0.34091,-0.00656,0.00556,-0.13054
132.34,ETH-26JUN20,1584874741534,open,0.03,5450.0,0.004,0.043,0.028046,136.28,0.024,0.0,ETH-26JUN20-400-C,133.0,131.87,0.024,450.0,0.0325,450.0,140.77,0.12631,-0.08977,0.02798,0.00201,0.10853
132.34,ETH-26JUN20,1584874741534,open,0.01,4001.0,0.0005,0.0235,0.008848,139.16,0.008,0.0,ETH-26JUN20-600-C,133.0,134.55,0.007,150.0,0.011,150.0,143.79,0.05722,-0.04152,0.01047,0.00089,0.03897
132.6,ETH-27MAR20,1584874741534,open,0.01,4808.0,0.0005,0.022,0.007179,177.7,0.0045,0.0,ETH-27MAR20-180-C,133.0,170.72,0.006,50.0,0.0085,150.0,184.87,0.02342,-0.42677,0.00134,0.00561,0.08297
132.6,ETH-27MAR20,1584874741534,open,0.64,2174.0,0.611,0.7105,0.660286,193.39,0.8,0.0,ETH-27MAR20-220-P,133.0,0.0,0.075,2.0,0.0,0.0,0.0,0.00602,-0.11932,-0.02913,0.00132,-0.98436
138.41,SYN.ETH-25SEP20,1584874741534,open,5.09,0.0,4.896,5.292,5.088617,128.55,None,0.0,ETH-25SEP20-840-P,133.0,0.0,0.0,0.0,0.0,0.0,0.0,0.1282,-0.0441,-4.26735,0.00102,-0.93324
138.41,SYN.ETH-25SEP20,1584874741534,open,0.22,869.0,0.1185,0.253,0.191501,119.9,0.208,0.0,ETH-25SEP20-220-C,133.0,117.08,0.1835,412.0,0.1995,280.0,122.72,0.39267,-0.12597,0.18725,0.00334,0.45575
138.41,SYN.ETH-25SEP20,1584874741534,open,0.31,257.0,0.204,0.3385,0.279044,117.84,0.263,0.0,ETH-25SEP20-160-C,133.0,112.78,0.265,273.0,0.293,273.0,122.9,0.38297,-0.12075,0.22644,0.00331,0.59858
132.6,ETH-27MAR20,1584874741534,open,0.0,4315.0,0.0005,0.0155,0.002765,238.12,0.002,0.0,ETH-27MAR20-80-P,133.0,215.26,0.0015,150.0,0.0045,1.0,260.85,0.00872,-0.21292,-0.00048,0.00156,-0.02421
132.6,ETH-27MAR20,1584874741534,open,0.0,4525.0,0.0005,0.0155,0.0,196.16,0.0105,0.0,ETH-27MAR20-520-C,133.0,0.0,0.0,0.0,0.002,419.0,470.22,0.0,0.0,0.0,0.0,0.0
132.33,ETH-26JUN20,1584874741534,open,0.01,5549.0,0.0005,0.022,0.007079,139.16,0.007,0.0,ETH-26JUN20-640-C,133.0,132.83,0.005,100.0,0.0095,451.0,145.13,0.04858,-0.03525,0.00863,0.00076,0.03192
138.41,SYN.ETH-25SEP20,1584874741534,open,3.1,0.0,2.94,3.2335,3.090282,126.24,None,0.0,ETH-25SEP20-560-P,133.0,0.0,0.0,0.0,0.0,0.0,0.0,0.21676,-0.07321,-2.80176,0.00175,-0.86341
132.33,ETH-26JUN20,1584874741535,open,0.04,1477.0,0.0065,0.0535,0.036557,135.35,0.034,0.0,ETH-26JUN20-360-C,133.0,131.16,0.032,450.0,0.0415,450.0,139.63,0.14842,-0.10476,0.03476,0.00238,0.13656
132.59,SYN.ETH-3APR20,1584874741531,open,0.12,5.0,0.0515,0.166,0.112107,143.61,0.124,0.0,ETH-3APR20-130-C,133.0,129.98,0.1025,252.0,0.1225,252.0,158.37,0.09342,-0.56483,0.02025,0.01137,0.58147
138.41,SYN.ETH-25SEP20,1584874741534,open,0.03,522.0,0.0055,0.053,0.027015,127.58,0.0245,0.0,ETH-25SEP20-720-C,133.0,123.44,0.0225,150.0,0.032,450.0,131.72,0.15885,-0.05422,0.04358,0.00127,0.08852
138.41,SYN.ETH-25SEP20,1584874741534,open,0.63,6.0,0.5835,0.649,0.626448,131.96,0.574,0.0,ETH-25SEP20-60-C,133.0,0.0,0.05,1.0,0.0,0.0,0.0,0.15726,-0.05552,0.20283,0.00122,0.91267
132.33,ETH-26JUN20,1584874741535,open,0.02,1668.0,0.0025,0.0365,0.021815,137.07,0.017,0.0,ETH-26JUN20-440-C,133.0,132.8,0.0185,150.0,0.0255,450.0,141.42,0.10746,-0.07682,0.02269,0.0017,0.08708
132.6,ETH-27MAR20,1584874741534,open,0.01,4254.0,0.0005,0.024,0.009194,191.52,0.011,0.0,ETH-27MAR20-100-P,133.0,181.5,0.0075,500.0,0.011,150.0,201.35,0.02342,-0.45992,-0.00163,0.00521,-0.08296
132.33,ETH-26JUN20,1584874741535,open,0.01,1804.0,0.0005,0.026,0.011148,139.16,0.009,0.0,ETH-26JUN20-560-C,133.0,135.77,0.0095,150.0,0.013,150.0,142.62,0.06753,-0.04901,0.01276,0.00106,0.04785
132.94,SYN.ETH-23MAR20,1584874741531,open,0.01,56.0,0.0005,0.027,0.002484,128.06,0.01,0.0,ETH-23MAR20-145-C,133.0,113.93,0.0015,300.0,0.0085,300.0,184.82,0.0104,-0.33024,0.00027,0.01915,0.088
132.59,SYN.ETH-3APR20,1584874741531,open,0.03,2.0,0.0075,0.081,0.037991,154.62,0.033,0.0,ETH-3APR20-110-P,133.0,143.87,0.0325,436.0,0.0435,436.0,165.1,0.06878,-0.44773,-0.01066,0.00778,-0.20922
138.41,SYN.ETH-25SEP20,1584874741535,open,1.18,684.0,1.047,1.267,1.15968,121.01,1.22,0.0,ETH-25SEP20-280-P,133.0,0.0,0.0,0.0,2.42,1.0,500.0,0.36747,-0.11897,-1.28123,0.0031,-0.64833
132.59,SYN.ETH-3APR20,1584874741532,open,0.29,0.0,0.223,0.399,0.308599,144.0,None,0.0,ETH-3APR20-170-P,133.0,0.0,0.2515,15.0,0.3625,15.0,232.85,0.06778,-0.41092,-0.04765,0.00823,-0.79588
132.59,SYN.ETH-3APR20,1584874741531,open,0.57,0.0,0.496,0.6995,0.591687,157.32,None,0.0,ETH-3APR20-210-P,133.0,0.0,0.0,0.0,0.0,0.0,0.0,0.03198,-0.21179,-0.06566,0.00355,-0.93038
132.59,SYN.ETH-3APR20,1584874741531,open,0.41,1.0,0.359,0.4385,0.402629,177.29,0.4535,0.0,ETH-3APR20-80-C,133.0,0.0,0.3785,29.0,0.4315,29.0,288.58,0.02101,-0.1568,0.024,0.00207,0.95905
132.53,SYN.ETH-24APR20,1584874741531,open,0.01,2982.0,0.0005,0.028,0.013441,156.54,0.0115,0.0,ETH-24APR20-70-P,133.0,150.56,0.0115,150.0,0.0155,740.0,162.46,0.04457,-0.10612,-0.00823,0.0018,-0.05552
138.41,SYN.ETH-25SEP20,1584874741535,open,0.13,489.0,0.054,0.169,0.11247,122.04,0.092,0.0,ETH-25SEP20-320-C,133.0,119.21,0.1055,440.0,0.1195,290.0,124.84,0.34457,-0.11251,0.1332,0.00288,0.30043
138.41,SYN.ETH-25SEP20,1584874741535,open,0.07,1116.0,0.02,0.103,0.058579,125.24,0.0715,0.0,ETH-25SEP20-480-C,133.0,121.56,0.052,449.0,0.0655,299.0,128.92,0.25409,-0.08514,0.08158,0.00207,0.1737
132.59,SYN.ETH-3APR20,1584874741531,open,0.23,0.0,0.163,0.33,0.24492,142.67,None,0.0,ETH-3APR20-160-P,133.0,0.0,0.1905,17.0,0.296,17.0,220.45,0.07962,-0.47828,-0.0419,0.00976,-0.72625
132.6,ETH-27MAR20,1584874741535,open,0.0,11029.0,0.0005,0.0155,4e-06,196.14,0.0005,0.0,ETH-27MAR20-320-C,133.0,0.0,0.0,0.0,0.0005,923.0,280.58,5e-05,-0.00055,0.0,1e-05,8e-05
138.41,SYN.ETH-25SEP20,1584874741536,open,0.11,522.0,0.062,0.1475,0.117482,131.77,0.107,0.0,ETH-25SEP20-80-P,133.0,126.59,0.109,432.0,0.126,432.0,136.95,0.22699,-0.08003,-0.18686,0.00176,-0.14621
132.59,SYN.ETH-3APR20,1584874741531,open,0.16,1.0,0.091,0.211,0.15621,149.04,0.153,0.0,ETH-3APR20-120-C,133.0,127.97,0.143,226.0,0.1675,226.0,166.76,0.08397,-0.52689,0.02317,0.00985,0.6934
132.6,ETH-27MAR20,1584874741536,open,0.05,1896.0,0.007,0.066,0.046655,150.24,0.047,0.0,ETH-27MAR20-140-C,133.0,138.73,0.0415,467.0,0.052,467.0,162.1,0.0596,-0.91826,0.00645,0.01689,0.41063
132.94,SYN.ETH-23MAR20,1584874741531,open,0.11,0.0,0.04,0.15,0.102273,178.58,None,0.0,ETH-23MAR20-120-C,133.0,0.0,0.069,22.0,0.142,22.0,456.32,0.01243,-1.10972,0.0025,0.01641,0.88768
132.6,ETH-27MAR20,1584874741537,open,0.0,2695.0,0.0005,0.016,0.001286,196.05,0.0005,0.0,ETH-27MAR20-220-C,133.0,189.66,0.001,500.0,0.0015,100.0,200.23,0.00645,-0.12961,0.00028,0.0014,0.01696
132.94,SYN.ETH-23MAR20,1584874741531,open,0.05,56.0,0.0005,0.0885,0.037654,129.75,0.048,0.0,ETH-23MAR20-130-C,133.0,89.24,0.0305,194.0,0.062,27.0,259.83,0.02414,-1.56577,0.00195,0.04387,0.64931
138.41,SYN.ETH-25SEP20,1584874741538,open,0.02,202.0,0.0035,0.044,0.022009,128.46,0.0285,0.0,ETH-25SEP20-800-C,133.0,124.21,0.018,150.0,0.0265,450.0,132.71,0.13828,-0.04753,0.0366,0.0011,0.07366
132.53,SYN.ETH-24APR20,1584874741531,open,0.67,252.0,0.622,0.7535,0.688027,137.85,0.733,0.0,ETH-24APR20-220-P,133.0,0.0,0.0,0.0,0.0,0.0,0.0,0.09448,-0.19809,-0.18308,0.00433,-0.84572
132.33,ETH-26JUN20,1584874741539,open,0.02,1151.0,0.0015,0.0315,0.016713,137.07,0.0115,0.0,ETH-26JUN20-480-C,133.0,133.69,0.0145,150.0,0.019,150.0,140.31,0.09012,-0.06442,0.0182,0.00143,0.06906
132.53,SYN.ETH-24APR20,1584874741531,open,0.08,705.0,0.0385,0.1145,0.081524,139.79,0.1045,0.0,ETH-24APR20-110-P,133.0,134.06,0.076,473.0,0.087,192.0,145.44,0.12814,-0.27243,-0.04036,0.00579,-0.25661
132.94,SYN.ETH-23MAR20,1584874741531,open,0.01,1.0,0.0005,0.04,0.005487,130.1,0.0275,0.0,ETH-23MAR20-125-P,133.0,121.52,0.0045,295.0,0.0145,295.0,194.94,0.01579,-0.72945,-0.00053,0.02862,-0.15913
132.59,SYN.ETH-3APR20,1584874741531,open,0.22,2.0,0.144,0.2615,0.208298,154.5,0.251,0.0,ETH-3APR20-110-C,133.0,70.46,0.174,27.0,0.245,27.0,220.94,0.06875,-0.44723,0.02513,0.00778,0.7909
132.53,SYN.ETH-24APR20,1584874741531,open,0.19,587.0,0.1365,0.2475,0.196828,136.74,0.2035,0.0,ETH-24APR20-140-P,133.0,130.61,0.1895,222.0,0.2055,150.0,144.01,0.15827,-0.32915,-0.07978,0.00732,-0.47149
132.59,SYN.ETH-3APR20,1584874741532,open,0.18,12.0,0.109,0.2645,0.18589,141.06,0.135,0.0,ETH-3APR20-150-P,133.0,46.09,0.134,20.0,0.2335,20.0,209.24,0.0895,-0.53153,-0.03562,0.01109,-0.63971
132.53,SYN.ETH-24APR20,1584874741531,open,0.04,1588.0,0.0125,0.0705,0.04119,136.7,0.045,0.0,ETH-24APR20-200-C,133.0,131.8,0.037,342.0,0.0445,492.0,140.45,0.11541,-0.23994,0.02044,0.00534,0.21245
132.53,SYN.ETH-24APR20,1584874741532,open,0.29,2158.0,0.235,0.358,0.301287,136.7,0.218,0.0,ETH-24APR20-160-P,133.0,0.0,0.0,0.0,0.0,0.0,0.0,0.15363,-0.31941,-0.10762,0.0071,-0.60027
132.94,SYN.ETH-23MAR20,1584874741531,open,0.0,0.0,0.0005,0.0225,0.005016,179.31,None,0.0,ETH-23MAR20-120-P,133.0,179.14,0.005,3.0,0.0105,300.0,229.47,0.0125,-0.6668,-0.00038,0.01644,-0.11319
132.53,SYN.ETH-24APR20,1584874741531,open,0.18,142.0,0.1165,0.2115,0.169014,135.26,0.1925,0.0,ETH-24APR20-130-C,133.0,129.65,0.1625,308.0,0.1755,308.0,140.85,0.15378,-0.31633,0.05131,0.00719,0.59886
138.41,SYN.ETH-25SEP20,1584874741539,open,0.58,1093.0,0.4485,0.6265,0.543253,117.95,0.6,0.0,ETH-25SEP20-180-P,133.0,115.93,0.5375,132.0,0.656,132.0,158.56,0.39269,-0.12393,-0.70806,0.00339,-0.45592
132.53,SYN.ETH-24APR20,1584874741531,open,0.0,3908.0,0.0005,0.0185,0.003562,163.82,0.0015,0.0,ETH-24APR20-400-C,133.0,147.15,0.0015,88.0,0.007,350.0,180.57,0.02143,-0.05339,0.00228,0.00083,0.02269
132.53,SYN.ETH-24APR20,1584874741532,open,0.43,1.0,0.366,0.452,0.419088,150.23,0.4035,0.0,ETH-24APR20-80-C,133.0,0.0,0.0005,4.0,0.0,0.0,0.0,0.06422,-0.14674,0.05868,0.0027,0.91068
132.59,SYN.ETH-3APR20,1584874741532,open,0.28,0.0,0.2085,0.317,0.26723,159.44,None,0.0,ETH-3APR20-100-C,133.0,0.0,0.2365,27.0,0.3025,27.0,238.38,0.05069,-0.3403,0.02599,0.00556,0.86963
132.53,SYN.ETH-24APR20,1584874741531,open,0.0,3905.0,0.0005,0.017,0.002143,164.21,0.005,0.0,ETH-24APR20-440-C,133.0,150.77,0.001,250.0,0.004,450.0,177.72,0.01447,-0.03614,0.00145,0.00056,0.01432
138.41,SYN.ETH-25SEP20,1584874741540,open,3.38,0.0,3.218,3.524,3.373782,126.6,None,0.0,ETH-25SEP20-600-P,133.0,0.0,0.0,0.0,0.0,0.0,0.0,0.20015,-0.06779,-3.01317,0.00161,-0.87825
132.94,SYN.ETH-23MAR20,1584874741531,open,0.08,0.0,0.03,0.163,0.093299,129.11,None,0.0,ETH-23MAR20-145-P,133.0,0.0,0.05,18.0,0.135,18.0,401.09,0.01056,-0.68165,-0.0032,0.01929,-0.91017
132.6,ETH-27MAR20,1584874741540,open,0.41,37.0,0.3785,0.414,0.399493,238.81,0.29,0.0,ETH-27MAR20-80-C,133.0,0.0,0.075,10.0,0.0,0.0,0.0,0.0088,-0.21561,0.0102,0.00157,0.97551
138.41,SYN.ETH-25SEP20,1584874741540,open,0.93,145.0,0.7975,1.005,0.905455,120.69,0.9705,0.0,ETH-25SEP20-240-P,133.0,0.0,0.0,0.0,1.4485,1.0,342.79,0.38684,-0.12492,-1.05367,0.00327,-0.58143
132.53,SYN.ETH-24APR20,1584874741531,open,0.0,12948.0,0.0005,0.0185,0.0038,152.6,0.0045,0.0,ETH-24APR20-360-C,133.0,144.24,0.0025,350.0,0.0055,350.0,161.03,0.02356,-0.05468,0.00258,0.00098,0.02541
132.53,SYN.ETH-24APR20,1584874741531,open,0.01,3035.0,0.0005,0.021,0.006381,149.52,0.0055,0.0,ETH-24APR20-320-C,133.0,143.88,0.005,10.0,0.008,504.0,155.24,0.03491,-0.07939,0.00412,0.00148,0.04092
132.86,SYN.ETH-24MAR20,1584874741531,open,0.0,0.0155,0.1255,0.073025,129.78,None,0.0,ETH-24MAR20-125-C,133.0,103.72,0.0675,170.0,0.091,170.0,204.14,0.0297,-1.0276,0.00468,0.02523,0.75856
132.94,SYN.ETH-23MAR20,1584874741531,open,0.01,49.0,0.0005,0.0425,0.007338,127.64,0.01,0.0,ETH-23MAR20-140-C,133.0,110.31,0.005,286.0,0.01,8.0,145.57,0.01891,-0.97551,0.00066,0.03495,0.21283
132.94,SYN.ETH-23MAR20,1584874741531,open,0.03,174.0,0.0005,0.0635,0.018555,129.84,0.017,0.0,ETH-23MAR20-135-C,133.0,100.54,0.013,260.0,0.0235,460.0,155.59,0.02541,-1.64962,0.00127,0.04615,0.41676
132.59,SYN.ETH-3APR20,1584874741531,open,0.34,1.0,0.2815,0.3765,0.333382,169.42,0.3125,0.0,ETH-3APR20-90-C,133.0,0.0,0.305,28.0,0.365,28.0,260.4,0.03478,-0.24808,0.02541,0.00359,0.92229
132.53,SYN.ETH-24APR20,1584874741532,open,0.01,2061.0,0.0005,0.023,0.008408,147.8,0.0075,0.0,ETH-24APR20-300-C,133.0,143.19,0.007,18.0,0.01,500.0,152.49,0.04271,-0.09601,0.00528,0.00183,0.05261
132.94,SYN.ETH-23MAR20,1584874741531,open,0.15,0.0,0.08,0.1845,0.136629,179.52,None,0.0,ETH-23MAR20-115-C,133.0,0.0,0.105,22.0,0.176,22.0,500.0,0.0062,-0.55673,0.00261,0.00815,0.95472
132.53,SYN.ETH-24APR20,1584874741531,open,0.21,225.0,0.1535,0.2465,0.209031,138.98,0.22,0.0,ETH-24APR20-120-C,133.0,128.8,0.198,303.0,0.2135,303.0,143.11,0.14361,-0.30357,0.05531,0.00653,0.67242
132.59,SYN.ETH-3APR20,1584874741531,open,0.08,16.0,0.0265,0.129,0.078375,140.92,0.0955,0.0,ETH-3APR20-140-C,133.0,131.32,0.0715,414.0,0.0855,414.0,150.85,0.09505,-0.56398,0.0167,0.01179,0.46539
132.53,SYN.ETH-24APR20,1584874741531,open,0.49,0.0,0.441,0.513,0.485247,156.54,None,0.0,ETH-24APR20-70-C,133.0,0.0,0.0005,4.0,0.0,0.0,0.0,0.04457,-0.10612,0.05482,0.0018,0.94448
132.59,SYN.ETH-3APR20,1584874741531,open,0.02,50.0,0.002,0.0505,0.019108,147.34,0.025,0.0,ETH-3APR20-180-C,133.0,139.83,0.016,450.0,0.0225,450.0,155.0,0.05686,-0.35275,0.00584,0.00675,0.15448
132.59,SYN.ETH-3APR20,1584874741531,open,0.01,1859.0,0.0005,0.0335,0.012222,169.61,0.011,0.0,ETH-3APR20-90-P,133.0,162.84,0.0105,150.0,0.014,2.0,176.18,0.03484,-0.24882,-0.00389,0.00359,-0.07789
132.86,SYN.ETH-24MAR20,1584874741531,open,0.0,0.0135,0.137,0.073225,139.12,None,0.0,ETH-24MAR20-140-P,133.0,0.0,0.032,22.0,0.113,22.0,284.44,0.03394,-1.25852,-0.00516,0.02689,-0.68272
132.94,SYN.ETH-23MAR20,1584874741531,open,0.03,0.0,0.0005,0.0935,0.034141,130.24,None,0.0,ETH-23MAR20-135-P,133.0,81.6,0.025,215.0,0.045,215.0,186.56,0.02541,-1.65499,-0.00197,0.04602,-0.58292
132.86,SYN.ETH-24MAR20,1584874741531,open,0.0,0.0005,0.078,0.027042,130.11,None,0.0,ETH-24MAR20-130-P,133.0,117.2,0.0235,265.0,0.0395,265.0,175.12,0.03654,-1.2673,-0.00285,0.03096,-0.38988
132.94,SYN.ETH-23MAR20,1584874741531,open,0.12,0.0,0.0645,0.2015,0.129044,128.38,None,0.0,ETH-23MAR20-150-P,133.0,0.0,0.0005,5.0,0.0,0.0,0.0,0.00436,-0.28014,-0.00351,0.00802,-0.97054
132.59,SYN.ETH-3APR20,1584874741531,open,0.01,3110.0,0.0005,0.021,0.006042,177.58,0.005,0.0,ETH-3APR20-80-P,133.0,163.31,0.004,1300.0,0.0085,450.0,191.68,0.02109,-0.15768,-0.00204,0.00208,-0.04115
132.86,SYN.ETH-24MAR20,1584874741531,open,0.0,0.0665,0.207,0.136131,148.06,None,0.0,ETH-24MAR20-150-P,133.0,0.0,0.089,17.0,0.18,17.0,339.11,0.02097,-0.82755,-0.00682,0.01561,-0.86223
132.94,SYN.ETH-23MAR20,1584874741531,open,0.0,0.0,0.0005,0.0165,0.0007,128.38,None,0.0,ETH-23MAR20-150-C,133.0,121.64,0.0005,5.0,0.0065,300.0,210.39,0.00436,-0.09308,9e-05,0.00802,0.02946
132.53,SYN.ETH-24APR20,1584874741531,open,0.02,1955.0,0.003,0.0375,0.022739,150.23,0.021,0.0,ETH-24APR20-80-P,133.0,145.52,0.0205,150.0,0.025,240.0,154.81,0.06422,-0.14674,-0.01338,0.0027,-0.08932
132.86,SYN.ETH-24MAR20,1584874741531,open,0.0,0.003,0.106,0.046129,130.16,None,0.0,ETH-24MAR20-135-P,133.0,106.73,0.0395,222.0,0.06,222.0,178.87,0.0377,-1.30803,-0.00407,0.03193,-0.5497
132.53,SYN.ETH-24APR20,1584874741531,open,0.14,336.0,0.087,0.181,0.140359,136.68,0.149,0.0,ETH-24APR20-140-C,133.0,133.03,0.136,10.0,0.145,314.0,140.56,0.15827,-0.32899,0.04632,0.00732,0.52844
132.59,SYN.ETH-3APR20,1584874741531,open,0.06,10.0,0.0175,0.1145,0.061329,149.15,0.0655,0.0,ETH-3APR20-120-P,133.0,138.31,0.0545,420.0,0.068,420.0,159.64,0.08397,-0.52732,-0.01587,0.00984,-0.30666
132.53,SYN.ETH-24APR20,1584874741531,open,0.53,1276.0,0.484,0.614,0.550317,136.7,0.5965,0.0,ETH-24APR20-200-P,133.0,0.0,0.0,0.0,0.0,0.0,0.0,0.11541,-0.23994,-0.1597,0.00534,-0.78755
132.59,SYN.ETH-3APR20,1584874741532,open,0.03,18.0,0.003,0.062,0.026347,143.81,0.031,0.0,ETH-3APR20-170-C,133.0,136.08,0.0225,444.0,0.0305,445.0,151.75,0.0677,-0.40989,0.00765,0.00823,0.20371
132.53,SYN.ETH-24APR20,1584874741531,open,0.41,751.0,0.3535,0.4815,0.420658,136.78,0.313,0.0,ETH-24APR20-180-P,133.0,0.0,0.02,1.0,0.0,0.0,0.0,0.1371,-0.28522,-0.13444,0.00634,-0.7056
132.86,SYN.ETH-24MAR20,1584874741531,open,0.0,0.0005,0.041,0.011847,143.71,None,0.0,ETH-24MAR20-145-C,133.0,129.48,0.009,292.0,0.015,5.0,158.37,0.02765,-1.05905,0.00137,0.02121,0.21258
132.59,SYN.ETH-3APR20,1584874741531,open,0.36,1.0,0.2885,0.472,0.376684,147.34,0.4035,0.0,ETH-3APR20-180-P,133.0,0.0,0.3155,14.0,0.432,14.0,246.3,0.05686,-0.35275,-0.05273,0.00675,-0.84552
132.53,SYN.ETH-24APR20,1584874741531,open,0.35,66.0,0.2925,0.4185,0.359452,136.77,0.3,0.0,ETH-24APR20-170-P,133.0,0.0,0.0,0.0,0.0,0.0,0.0,0.14639,-0.30451,-0.12121,0.00677,-0.65594
132.59,SYN.ETH-3APR20,1584874741531,open,0.43,0.0,0.3565,0.5475,0.447644,152.5,None,0.0,ETH-3APR20-190-P,133.0,0.0,0.0,0.0,0.0,0.0,0.0,0.0481,-0.30886,-0.05723,0.00551,-0.87907
132.53,SYN.ETH-24APR20,1584874741531,open,0.03,1034.0,0.0065,0.0515,0.027862,137.67,0.034,0.0,ETH-24APR20-220-C,133.0,132.82,0.0245,498.0,0.0315,690.0,142.66,0.09431,-0.19746,0.01504,0.00433,0.15384
132.53,SYN.ETH-24APR20,1584874741531,open,0.47,1.0,0.4175,0.547,0.484461,136.8,0.605,0.0,ETH-24APR20-190-P,133.0,0.0,0.0,0.0,0.0,0.0,0.0,0.12659,-0.26337,-0.14727,0.00585,-0.74926
132.53,SYN.ETH-24APR20,1584874741531,open,0.04,327.0,0.008,0.0605,0.036511,145.47,0.038,0.0,ETH-24APR20-90-P,133.0,140.79,0.0335,494.0,0.0395,240.0,150.02,0.0862,-0.19072,-0.02043,0.00375,-0.13465
132.59,SYN.ETH-3APR20,1584874741531,open,0.09,70.0,0.036,0.1555,0.092653,143.72,0.078,0.0,ETH-3APR20-130-P,133.0,132.86,0.085,401.0,0.1,401.0,154.15,0.09341,-0.56524,-0.02205,0.01136,-0.41852
132.86,SYN.ETH-24MAR20,1584874741531,open,1.0,0.0005,0.0355,0.008527,144.83,0.0115,0.0,ETH-24MAR20-120-P,133.0,144.67,0.0085,297.0,0.0185,297.0,197.06,0.0223,-0.8611,-0.00109,0.01698,-0.151
132.59,SYN.ETH-3APR20,1584874741531,open,0.04,266.0,0.0065,0.0795,0.038094,142.52,0.042,0.0,ETH-3APR20-160-C,133.0,133.89,0.033,436.0,0.0435,436.0,151.39,0.07958,-0.47751,0.01015,0.00976,0.27344
132.86,SYN.ETH-24MAR20,1584874741531,open,0.0,0.0005,0.0565,0.019374,138.81,None,0.0,ETH-24MAR20-140-C,133.0,123.37,0.0155,277.0,0.0235,282.0,154.75,0.03392,-1.25495,0.00203,0.02694,0.31682
132.53,SYN.ETH-24APR20,1584874741531,open,0.31,0.0,0.235,0.3455,0.301272,142.06,None,0.0,ETH-24APR20-100-C,133.0,0.0,0.0005,4.0,0.0,0.0,0.0,0.10833,-0.23405,0.06059,0.00482,0.80886
132.59,SYN.ETH-3APR20,1584874741531,open,0.01,651.0,0.0005,0.035,0.010889,155.67,0.011,0.0,ETH-3APR20-200-C,133.0,149.06,0.009,302.0,0.013,151.0,162.4,0.03974,-0.26043,0.00353,0.00446,0.09282
132.53,SYN.ETH-24APR20,1584874741533,open,0.56,1.0,0.519,0.5775,0.554661,164.23,0.5555,0.0,ETH-24APR20-60-C,133.0,0.0,0.536,35.0,0.577,35.0,234.78,0.02844,-0.07103,0.04936,0.00109,0.96815
132.86,SYN.ETH-24MAR20,1584874741531,open,0.0,0.0425,0.155,0.105227,144.43,None,0.0,ETH-24MAR20-120-C,133.0,0.0,0.077,24.0,0.1485,24.0,339.72,0.02224,-0.85638,0.00508,0.01698,0.84961
132.53,SYN.ETH-24APR20,1584874741532,open,0.81,27.0,0.7635,0.897,0.830313,139.21,0.9705,0.0,ETH-24APR20-240-P,133.0,0.0,0.0,0.0,0.0,0.0,0.0,0.07608,-0.16107,-0.20503,0.00345,-0.88734
132.53,SYN.ETH-24APR20,1584874741531,open,0.02,812.0,0.0035,0.038,0.019361,139.21,0.0195,0.0,ETH-24APR20-240-C,133.0,134.03,0.0165,500.0,0.0225,500.0,144.48,0.07608,-0.16107,0.01114,0.00345,0.11266
132.59,SYN.ETH-3APR20,1584874741531,open,0.01,301.0,0.0005,0.0285,0.007848,157.32,0.009,0.0,ETH-3APR20-210-C,133.0,149.09,0.006,450.0,0.01,150.0,165.67,0.03198,-0.21179,0.00266,0.00355,0.06962
132.53,SYN.ETH-24APR20,1584874741533,open,0.36,0.0,0.2965,0.396,0.357403,145.47,None,0.0,ETH-24APR20-90-C,133.0,0.0,0.0005,4.0,0.0,0.0,0.0,0.0862,-0.19072,0.06063,0.00375,0.86535
132.86,SYN.ETH-24MAR20,1584874741531,open,0.0,0.0005,0.0545,0.013964,130.1,None,0.0,ETH-24MAR20-125-P,133.0,128.02,0.0135,284.0,0.026,284.0,180.75,0.02973,-1.03118,-0.00175,0.0252,-0.2419
132.86,SYN.ETH-24MAR20,1584874741531,open,0.0,0.0355,0.171,0.103336,144.11,None,0.0,ETH-24MAR20-145-P,133.0,0.0,0.059,19.0,0.1455,19.0,310.87,0.0277,-1.06405,-0.00608,0.02119,-0.78671
132.94,SYN.ETH-23MAR20,1584874741531,open,0.05,0.0,0.0045,0.1265,0.060539,128.19,None,0.0,ETH-23MAR20-140-P,133.0,0.0,0.0255,21.0,0.1,21.0,350.8,0.01897,-1.21592,-0.0027,0.0349,-0.78608
132.53,SYN.ETH-24APR20,1584874741531,open,0.02,4050.0,0.0005,0.029,0.014365,142.23,0.014,0.0,ETH-24APR20-260-C,133.0,136.97,0.012,150.0,0.017,740.0,147.57,0.06248,-0.13514,0.00856,0.00278,0.08607
132.53,SYN.ETH-24APR20,1584874741531,open,0.05,261.0,0.0175,0.0825,0.050682,136.68,0.0615,0.0,ETH-24APR20-190-C,133.0,131.17,0.0455,339.0,0.054,489.0,140.13,0.12651,-0.263,0.02385,0.00585,0.25045
132.94,SYN.ETH-23MAR20,1584874741531,open,0.01,81.0,0.0005,0.064,0.015626,130.15,0.0285,0.0,ETH-23MAR20-130-P,133.0,104.3,0.011,272.0,0.025,272.0,180.89,0.02414,-1.57126,-0.00117,0.04375,-0.35106
132.94,SYN.ETH-23MAR20,1584874741531,open,0.0,25.0,0.0005,0.0165,0.001693,179.52,0.0035,0.0,ETH-23MAR20-115-P,133.0,162.46,0.001,300.0,0.007,300.0,254.42,0.0062,-0.225,-0.00015,0.00815,-0.04528
132.86,SYN.ETH-24MAR20,1584874741531,open,0.0,0.0005,0.076,0.029915,129.89,None,0.0,ETH-24MAR20-135-C,133.0,114.3,0.0255,258.0,0.041,258.0,168.83,0.0377,-1.30525,0.00287,0.032,0.45012
132.53,SYN.ETH-24APR20,1584874741533,open,0.01,5246.0,0.0005,0.022,0.007434,164.39,0.009,0.0,ETH-24APR20-60-P,133.0,157.34,0.006,150.0,0.009,350.0,171.3,0.02851,-0.07127,-0.0047,0.0011,-0.03195
132.86,SYN.ETH-24MAR20,1584874741531,open,0.0,0.0005,0.029,0.007005,147.52,None,0.0,ETH-24MAR20-150-C,133.0,130.14,0.0045,300.0,0.01,5.0,165.28,0.02087,-0.8206,0.00089,0.01559,0.13681
132.59,SYN.ETH-3APR20,1584874741533,open,0.06,28.0,0.0135,0.1005,0.054491,140.93,0.064,0.0,ETH-3APR20-150-C,133.0,130.48,0.0475,426.0,0.0605,426.0,149.78,0.08948,-0.53095,0.01318,0.0111,0.36008
6255.97,BTC-25SEP20,1584874742201,open,0.18,362.9,0.105,0.244,0.18182993,106.93,0.186,0.0,BTC-25SEP20-9000-C,6263.82,106.29,0.18,1.0,0.184,2.8,107.69,17.78141,-5.08732,9.00731,8e-05,0.46305
6228.66,BTC-26JUN20,1584874742287,open,0.07,290.4,0.024,0.113,0.06782137,114.98,0.0715,0.0,BTC-26JUN20-11000-C,6263.32,113.55,0.0655,19.1,0.0705,30.5,116.61,10.17152,-6.09894,3.00133,9e-05,0.25127
6228.66,BTC-26JUN20,1584874742287,open,1.11,0.1,0.9895,1.282,1.13104989,116.5,1.729,0.0,BTC-26JUN20-13000-P,6263.32,0.0,0.0005,1.1,1.792,0.1,489.6,8.23518,-5.00331,-31.99954,7e-05,-0.82479
6228.66,BTC-26JUN20,1584874742288,open,0.42,380.1,0.323,0.531,0.42939797,114.89,0.535,0.0,BTC-26JUN20-8000-P,6263.32,88.07,0.376,3.9,0.46,3.9,129.92,12.62721,-7.5658,-16.05608,0.00011,-0.55196
6255.63,BTC-25SEP20,1584874742288,open,0.03,239.3,0.0125,0.06,0.03462484,117.03,0.034,0.0,BTC-25SEP20-2500-P,6263.32,115.22,0.033,24.8,0.0365,8.0,119.08,5.67621,-1.7773,-3.19116,2e-05,-0.06501
6255.63,BTC-25SEP20,1584874742288,open,0.14,6.2,0.0795,0.198,0.14009944,108.04,0.14,0.0,BTC-25SEP20-4500-P,6263.32,106.04,0.136,6.4,0.1445,6.4,110.18,12.83547,-3.71019,-11.15579,6e-05,-0.20821
6255.63,BTC-25SEP20,1584874742288,open,0.17,330.8,0.109,0.246,0.1796842,107.45,0.185,0.0,BTC-25SEP20-5000-P,6263.32,105.39,0.175,10.0,0.184,6.4,109.35,14.21121,-4.08564,-13.74836,7e-05,-0.24958
6228.16,BTC-26JUN20,1584874742289,open,0.0,3198.8,0.0005,0.0195,0.00470106,135.72,0.005,0.0,BTC-26JUN20-32000-C,6263.32,133.02,0.004,0.3,0.0055,62.4,138.49,1.70616,-1.20764,0.29086,1e-05,0.02248
6228.16,BTC-26JUN20,1584874742290,open,0.01,611.7,0.0005,0.0205,0.00566956,134.77,0.006,0.0,BTC-26JUN20-30000-C,6263.32,132.56,0.005,1.0,0.006,32.0,135.79,1.97457,-1.38776,0.34495,1e-05,0.02676
6228.16,BTC-26JUN20,1584874742290,open,2.2,0.1,2.0335,2.443,2.22617028,125.01,1.85,0.0,BTC-26JUN20-20000-P,6263.32,0.0,0.0005,1.0,0.0,0.0,0.0,4.13086,-2.69308,-51.6874,3e-05,-0.93326
6228.16,BTC-26JUN20,1584874742291,open,4.1,3.0,3.8475,4.4765,4.14225918,134.24,6.119,0.0,BTC-26JUN20-32000-P,6263.32,0.0,0.0005,1.1,0.0,0.0,0.0,1.6061,-1.12435,-83.78345,1e-05,-0.97907
6248.7,BTC-27MAR20,1584874742291,open,2.5,5.6,2.3215,2.745,2.52042252,0.0,2.888,0.0,BTC-27MAR20-22000-P,6263.32,0.0,0.0,0.0,0.0,0.0,0.0,0.0,0.0,-2.93877,0.0,-1.0
6228.16,BTC-26JUN20,1584874742291,open,3.46,0.0,3.242,3.796,3.50157272,130.74,None,0.0,BTC-26JUN20-28000-P,6263.32,0.0,0.0005,1.0,0.0,0.0,0.0,2.06218,-1.40607,-73.18329,2e-05,-0.97181
6228.16,BTC-26JUN20,1584874742292,open,3.14,0.0,2.9395,3.456,3.18143323,128.47,None,0.0,BTC-26JUN20-26000-P,6263.32,0.0,0.0005,1.0,0.0,0.0,0.0,2.33818,-1.56651,-67.87042,2e-05,-0.9672
6228.16,BTC-26JUN20,1584874742293,open,0.04,929.4,0.0085,0.0705,0.03593106,117.3,0.035,0.0,BTC-26JUN20-14000-C,6263.32,115.65,0.034,20.0,0.038,38.7,119.03,7.36364,-4.5047,1.82732,6e-05,0.14763
6261.2,SYN.BTC-23MAR20,1584874742288,open,0.13,0.1,0.066,0.1755,0.12629124,209.36,0.11,0.0,BTC-23MAR20-5500-C,6263.32,0.0,0.1,5.0,0.147,5.0,382.86,0.51512,-53.92257,0.1171,0.00026,0.9058
6261.2,SYN.BTC-23MAR20,1584874742288,open,0.0,11.7,0.0005,0.0245,0.00471472,209.33,0.006,0.0,BTC-23MAR20-5500-P,6263.32,193.59,0.0035,16.4,0.006,25.9,224.15,0.51503,-29.5198,-0.01486,0.00026,-0.09418
6258.21,SYN.BTC-24MAR20,1584874742288,open,1.0,0.0085,0.1275,0.06355054,142.09,0.0695,0.0,BTC-24MAR20-6500-P,6263.32,75.46,0.0465,5.0,0.079,5.0,197.9,1.69976,-64.37887,-0.22176,0.00059,-0.62599
6261.2,SYN.BTC-23MAR20,1584874742287,open,0.11,0.0,0.0445,0.1585,0.10731521,192.55,None,0.0,BTC-23MAR20-5625-C,6263.32,0.0,0.0805,5.0,0.1285,5.0,354.16,0.60754,-58.49194,0.11632,0.00034,0.88165
6261.2,SYN.BTC-23MAR20,1584874742287,open,0.03,3.2,0.0005,0.0975,0.03771395,140.42,0.032,0.0,BTC-23MAR20-6375-P,6263.32,0.0,0.0155,6.0,0.0665,6.0,289.08,1.19223,-83.7069,-0.09429,0.0009,-0.58998
6261.2,SYN.BTC-23MAR20,1584874742288,open,0.02,11.8,0.0005,0.064,0.01954129,140.43,0.015,0.0,BTC-23MAR20-6375-C,6263.32,127.04,0.017,21.5,0.0225,21.5,155.92,1.19224,-83.71441,0.05866,0.0009,0.41003
6242.91,SYN.BTC-24APR20,1584874742288,open,0.09,120.7,0.0405,0.145,0.09160976,128.23,0.102,0.0,BTC-24APR20-5500-P,6263.32,124.77,0.088,29.4,0.095,21.8,131.47,6.52379,-12.72302,-2.20743,0.00014,-0.30096
6242.91,SYN.BTC-24APR20,1584874742287,open,0.32,87.6,0.2615,0.368,0.32080932,136.87,0.32,0.0,BTC-24APR20-4500-C,6263.32,94.68,0.294,8.0,0.347,8.0,170.98,4.52294,-9.4151,2.93017,9e-05,0.84191
6228.16,BTC-26JUN20,1584874742296,open,3.78,5.5,3.545,4.137,3.82213029,133.57,5.702,0.0,BTC-26JUN20-30000-P,6263.32,0.0,0.0005,1.0,0.0,0.0,0.0,1.88654,-1.31411,-78.47414,1e-05,-0.97466
6261.2,SYN.BTC-23MAR20,1584874742288,open,0.15,0.1,0.087,0.1925,0.14500454,219.05,0.155,0.0,BTC-23MAR20-5375-C,6263.32,0.0,0.1195,5.0,0.169,5.0,435.8,0.41163,-45.08454,0.11792,0.0002,0.93003
6261.2,SYN.BTC-23MAR20,1584874742287,open,0.04,41.1,0.0005,0.092,0.04091552,148.72,0.0465,0.0,BTC-23MAR20-6125-C,6263.32,119.05,0.0355,20.2,0.0455,14.2,173.41,1.15542,-85.92,0.08886,0.00083,0.63245
6261.2,SYN.BTC-23MAR20,1584874742287,open,0.02,40.9,0.0005,0.069,0.01915984,148.71,0.014,0.0,BTC-23MAR20-6125-P,6263.32,134.23,0.0165,29.5,0.0215,21.5,161.35,1.15541,-85.91264,-0.05809,0.00083,-0.36755
6247.66,SYN.BTC-3APR20,1584874742287,open,0.06,47.5,0.016,0.11,0.05902873,135.75,0.0655,0.0,BTC-3APR20-5750-P,6263.32,130.28,0.0555,22.1,0.0625,32.1,141.11,4.04182,-23.10091,-0.77504,0.00023,-0.32225
6258.21,SYN.BTC-24MAR20,1584874742288,open,2.5,0.0005,0.06,0.01958667,144.94,0.018,0.0,BTC-24MAR20-6625-C,6263.32,136.62,0.0175,1.0,0.022,20.0,154.4,1.58245,-61.1415,0.09336,0.00054,0.30988
6261.2,SYN.BTC-23MAR20,1584874742287,open,0.01,31.7,0.0005,0.047,0.01010054,153.37,0.0085,0.0,BTC-23MAR20-6625-C,6263.32,146.0,0.009,0.2,0.0115,20.0,162.47,0.94804,-63.24154,0.03417,0.00066,0.23754
6261.2,SYN.BTC-23MAR20,1584874742287,open,0.01,26.6,0.0005,0.0415,0.00725771,177.91,0.009,0.0,BTC-23MAR20-5750-P,6263.32,162.04,0.0055,31.0,0.009,20.0,192.39,0.72651,-45.44202,-0.02417,0.00043,-0.15363
6261.2,SYN.BTC-23MAR20,1584874742287,open,0.01,12.1,0.0005,0.039,0.00663342,154.55,0.0055,0.0,BTC-23MAR20-6750-C,6263.32,145.1,0.0055,2.0,0.008,20.0,165.24,0.77534,-41.5332,0.0245,0.00053,0.16975
6261.2,SYN.BTC-23MAR20,1584874742287,open,0.01,2.6,0.0005,0.049,0.00977979,166.22,0.008,0.0,BTC-23MAR20-5875-P,6263.32,149.28,0.0075,31.5,0.012,20.0,181.74,0.87221,-61.23328,-0.03231,0.00056,-0.20534
6258.21,SYN.BTC-24MAR20,1584874742287,open,3.0,0.0005,0.074,0.02567335,154.36,0.032,0.0,BTC-24MAR20-6000-P,6263.32,144.03,0.023,20.0,0.028,20.0,163.27,1.6274,-66.96277,-0.11483,0.00052,-0.33138
6261.2,SYN.BTC-23MAR20,1584874742288,open,0.0,10.3,0.0005,0.031,0.00438834,178.07,0.0055,0.0,BTC-23MAR20-7000-C,6263.32,167.82,0.0035,1.0,0.0055,42.9,189.67,0.57053,-27.47631,0.01562,0.00034,0.10837
6261.2,SYN.BTC-23MAR20,1584874742287,open,0.0,60.4,0.0005,0.0185,0.00346384,219.02,0.003,0.0,BTC-23MAR20-5375-P,6263.32,203.17,0.0025,13.0,0.0045,40.0,233.8,0.41152,-21.68779,-0.01103,0.0002,-0.06994
6258.21,SYN.BTC-24MAR20,1584874742287,open,4.0,0.0005,0.0785,0.03224694,141.76,0.034,0.0,BTC-24MAR20-6375-C,6263.32,132.06,0.0295,20.0,0.0355,20.0,153.22,1.77444,-67.05535,0.13366,0.00062,0.44784
6247.66,SYN.BTC-3APR20,1584874742288,open,0.03,23.9,0.0045,0.07,0.03261293,131.22,0.0345,0.0,BTC-3APR20-7500-C,6263.32,125.79,0.0295,36.7,0.0355,33.7,136.13,3.63128,-20.06119,0.45551,0.00022,0.2567
6261.2,SYN.BTC-23MAR20,1584874742287,open,0.01,29.2,0.0005,0.0535,0.01313523,141.64,0.012,0.0,BTC-23MAR20-6500-C,6263.32,129.05,0.011,31.5,0.0155,20.0,155.21,1.07711,-76.28078,0.04412,0.00081,0.30684
6247.66,SYN.BTC-3APR20,1584874742287,open,0.02,127.6,0.0015,0.0475,0.01838366,136.85,0.016,0.0,BTC-3APR20-8250-C,6263.32,131.22,0.016,24.9,0.021,49.9,142.71,2.71922,-15.66752,0.28376,0.00016,0.15798
6261.2,SYN.BTC-23MAR20,1584874742288,open,0.0,32.6,0.0005,0.0325,0.00570285,192.53,0.006,0.0,BTC-23MAR20-5625-P,6263.32,173.73,0.004,32.0,0.0075,20.0,210.08,0.60745,-35.70672,-0.01863,0.00034,-0.11833
6247.66,SYN.BTC-3APR20,1584874742288,open,0.03,7.6,0.003,0.0605,0.02640867,132.25,0.026,0.0,BTC-3APR20-7750-C,6263.32,127.64,0.024,24.2,0.029,34.2,137.08,3.30628,-18.41035,0.38645,0.0002,0.21652
132.86,SYN.ETH-24MAR20,1584874742374,open,0.0,0.0135,0.137,0.073225,139.12,None,0.0,ETH-24MAR20-140-P,133.0,0.0,0.032,23.0,0.113,22.0,284.44,0.03394,-1.25852,-0.00516,0.02689,-0.68272
132.59,SYN.ETH-3APR20,1584874742376,open,0.23,0.0,0.1625,0.33,0.244848,142.67,None,0.0,ETH-3APR20-160-P,133.0,0.0,0.1905,18.0,0.296,17.0,220.45,0.07962,-0.47828,-0.0419,0.00976,-0.72625
132.86,SYN.ETH-24MAR20,1584874742386,open,0.0,0.013,0.137,0.073168,139.12,None,0.0,ETH-24MAR20-140-P,133.0,0.0,0.032,23.0,0.113,23.0,284.44,0.03394,-1.25852,-0.00516,0.02689,-0.68272
132.59,SYN.ETH-3APR20,1584874742388,open,0.23,0.0,0.1625,0.33,0.244848,142.67,None,0.0,ETH-3APR20-160-P,133.0,0.0,0.1905,18.0,0.296,18.0,220.45,0.07962,-0.47828,-0.0419,0.00976,-0.72625
132.53,SYN.ETH-24APR20,1584874742391,open,0.08,759.0,0.034,0.1135,0.076619,136.68,0.084,0.0,ETH-24APR20-170-C,133.0,129.74,0.069,330.0,0.0795,480.0,139.3,0.14636,-0.30425,0.0319,0.00677,0.34386
132.6,ETH-27MAR20,1584874742397,open,0.09,247.0,0.028,0.1015,0.080174,153.46,0.0885,0.0,ETH-27MAR20-130-C,133.0,136.39,0.0725,286.0,0.088,286.0,170.69,0.05993,-0.94308,0.00884,0.01663,0.57939
132.61,ETH-27MAR20,1584874742539,open,3.47,0.0,3.3935,3.665,3.524887,429.66,None,0.0,ETH-27MAR20-600-P,133.03,0.0,0.03,50.0,0.0,0.0,0.0,0.00124,-0.05474,-0.08011,0.00012,-0.99738
132.37,ETH-26JUN20,1584874742539,open,3.48,0.0,3.4025,3.685,3.542625,141.43,None,0.0,ETH-26JUN20-600-P,133.03,0.0,0.01,50.0,0.0,0.0,0.0,0.06139,-0.04528,-1.5647,0.00094,-0.95751
132.64,ETH-27MAR20,1584874742542,open,1.38,981.0,1.3435,1.488,1.413277,291.84,1.452,0.0,ETH-27MAR20-320-P,133.03,0.0,0.0,0.0,0.0,0.0,0.0,0.0031,-0.09275,-0.04263,0.00045,-0.9927
132.64,ETH-27MAR20,1584874742542,open,2.87,1.0,2.808,3.043,2.921569,443.93,3.276,0.0,ETH-27MAR20-520-P,133.03,0.0,0.006,50.0,0.0,0.0,0.0,0.00338,-0.15399,-0.06934,0.00032,-0.99194
132.37,ETH-26JUN20,1584874742542,open,1.44,124.0,1.3615,1.554,1.465449,133.86,1.68,0.0,ETH-26JUN20-320-P,133.03,0.0,0.01,50.0,0.0,0.0,0.0,0.17341,-0.12106,-0.79719,0.00281,-0.82731
132.64,ETH-27MAR20,1584874742542,open,3.17,1.0,3.101,3.354,3.223228,467.39,3.3565,0.0,ETH-27MAR20-560-P,133.03,0.0,0.02,50.0,0.0,0.0,0.0,0.00347,-0.16608,-0.07468,0.00032,-0.99172
132.64,ETH-27MAR20,1584874742542,open,2.28,1.0,2.222,2.421,2.31825,391.31,2.11,0.0,ETH-27MAR20-440-P,133.03,0.0,0.003,50.0,0.0,0.0,0.0,0.00323,-0.1296,-0.05866,0.00035,-0.99235
132.37,ETH-26JUN20,1584874742542,open,2.89,0.0,2.816,3.068,2.942663,139.33,None,0.0,ETH-26JUN20-520-P,133.03,0.0,0.01,50.0,0.0,0.0,0.0,0.08028,-0.05834,-1.35018,0.00125,-0.9405
132.37,ETH-26JUN20,1584874742543,open,1.15,349.0,1.079,1.263,1.182206,133.85,1.33,0.0,ETH-26JUN20-280-P,133.03,0.0,0.01,50.0,0.0,0.0,0.0,0.20444,-0.1427,-0.67986,0.00332,-0.7731
132.64,ETH-27MAR20,1584874742544,open,0.64,2174.0,0.611,0.7105,0.66041,205.12,0.8,0.0,ETH-27MAR20-220-P,133.03,0.0,0.075,2.0,0.0,0.0,0.0,0.00802,-0.16866,-0.02903,0.00166,-0.97809
132.37,ETH-26JUN20,1584874742544,open,2.01,0.0,1.9395,2.1515,2.050565,136.97,None,0.0,ETH-26JUN20-400-P,133.03,0.0,0.01,50.0,0.0,0.0,0.0,0.12792,-0.09138,-1.02229,0.00203,-0.88957
132.37,ETH-26JUN20,1584874742544,open,2.6,0.0,2.524,2.7615,2.644005,138.63,None,0.0,ETH-26JUN20-480-P,133.03,0.0,0.01,50.0,0.0,0.0,0.0,0.09351,-0.06761,-1.24184,0.00147,-0.92756
132.37,ETH-26JUN20,1584874742544,open,1.72,1.0,1.6495,1.8505,1.756824,135.87,1.827,0.0,ETH-26JUN20-360-P,133.03,0.0,0.01,50.0,0.0,0.0,0.0,0.14965,-0.10604,-0.91051,0.00239,-0.86183
132.64,ETH-27MAR20,1584874742544,open,1.98,4.0,1.929,2.11,2.016591,361.41,1.862,0.0,ETH-27MAR20-400-P,133.03,0.0,0.0,0.0,0.0,0.0,0.0,0.00316,-0.11729,-0.05332,0.00037,-0.99253
132.37,ETH-26JUN20,1584874742545,open,3.19,0.0,3.11,3.3765,3.24299,141.56,None,0.0,ETH-26JUN20-560-P,133.03,0.0,0.01,50.0,0.0,0.0,0.0,0.07224,-0.05333,-1.45719,0.00111,-0.94795
132.64,ETH-27MAR20,1584874742545,open,2.57,0.0,2.515,2.732,2.61991,418.67,None,0.0,ETH-27MAR20-480-P,133.03,0.0,0.004,50.0,0.0,0.0,0.0,0.0033,-0.14184,-0.064,0.00034,-0.99215
132.37,ETH-26JUN20,1584874742545,open,0.88,264.0,0.8035,0.981,0.90779,133.67,1.233,0.0,ETH-26JUN20-240-P,133.03,0.0,0.4,3.0,0.0,0.0,0.0,0.23568,-0.1643,-0.55922,0.00383,-0.70056
132.37,ETH-26JUN20,1584874742545,open,4.37,1.0,4.2825,4.6145,4.445881,145.61,4.3,0.0,ETH-26JUN20-720-P,133.03,0.0,0.0,0.0,0.0,0.0,0.0,0.04482,-0.03403,-1.88347,0.00067,-0.97105
132.64,ETH-27MAR20,1584874742545,open,1.68,6.0,1.6365,1.799,1.714933,328.47,1.8335,0.0,ETH-27MAR20-360-P,133.03,0.0,0.0,0.0,0.0,0.0,0.0,0.00311,-0.10491,-0.04797,0.0004,-0.99266
132.37,ETH-26JUN20,1584874742547,open,3.78,0.0,3.6965,3.995,3.843471,142.88,None,0.0,ETH-26JUN20-640-P,133.03,0.0,0.01,50.0,0.0,0.0,0.0,0.05493,-0.04093,-1.67119,0.00084,-0.96294
6255.63,BTC-25SEP20,1584874742554,open,0.18,362.9,0.105,0.244,0.18182993,106.94,0.186,0.0,BTC-25SEP20-9000-C,6263.32,106.29,0.18,1.0,0.184,20.5,107.7,17.7804,-5.08729,9.00646,8e-05,0.46304
132.53,SYN.ETH-24APR20,1584874742538,open,0.24,427.0,0.183,0.301,0.246883,136.7,0.176,0.0,ETH-24APR20-150-P,133.03,130.08,0.239,144.0,0.2575,144.0,145.6,0.15793,-0.32836,-0.09375,0.0073,-0.53853
132.64,ETH-27MAR20,1584874742558,open,0.21,3242.0,0.1725,0.2575,0.223823,163.68,0.22,0.0,ETH-27MAR20-160-P,133.03,0.0,0.206,140.0,0.299,10.0,351.57,0.04091,-0.68674,-0.01841,0.01064,-0.81506
132.64,ETH-27MAR20,1584874742572,open,0.21,3242.0,0.1725,0.2575,0.223823,163.68,0.22,0.0,ETH-27MAR20-160-P,133.03,0.0,0.206,140.0,0.2985,10.0,350.44,0.04091,-0.68674,-0.01841,0.01064,-0.81506
6228.16,BTC-26JUN20,1584874742671,open,0.11,1053.0,0.052,0.165,0.11192172,114.9,0.111,0.0,BTC-26JUN20-9000-C,6263.32,112.87,0.108,0.5,0.1135,1.0,115.71,12.05666,-7.22449,4.22909,0.0001,0.37043
6228.16,BTC-26JUN20,1584874742673,open,0.04,929.4,0.0085,0.0705,0.03593106,117.3,0.035,0.0,BTC-26JUN20-14000-C,6263.32,115.65,0.034,20.0,0.038,32.0,119.03,7.36364,-4.5047,1.82732,6e-05,0.14763
6228.16,BTC-26JUN20,1584874742676,open,0.0,3198.8,0.0005,0.0195,0.00470106,135.72,0.005,0.0,BTC-26JUN20-32000-C,6263.32,133.02,0.004,0.3,0.0055,52.4,138.49,1.70616,-1.20764,0.29086,1e-05,0.02248
6255.63,BTC-25SEP20,1584874742838,open,0.37,215.0,0.272,0.4705,0.37511291,105.72,0.3865,0.0,BTC-25SEP20-7000-P,6263.32,102.11,0.365,4.8,0.3815,4.8,108.04,17.39246,-4.91987,-25.1181,8e-05,-0.40919
6242.38,SYN.BTC-24APR20,1584874742923,open,3.45,2.0,3.2315,3.7735,3.4861502,175.12,4.2765,0.0,BTC-24APR20-28000-P,6263.32,0.0,0.0,0.0,0.0,0.0,0.0,0.25926,-0.69053,-25.19678,0.0,-0.99524
6247.12,SYN.BTC-3APR20,1584874743269,open,0.3,0.0,0.241,0.344,0.29722858,166.29,None,0.0,BTC-3APR20-4500-C,6263.32,0.0,0.005,10.0,0.0,0.0,0.0,2.07462,-14.52525,1.21131,0.0001,0.89318
6247.12,SYN.BTC-3APR20,1584874743269,open,0.01,165.1,0.0005,0.0385,0.01423753,176.24,0.0155,0.0,BTC-3APR20-4250-P,6263.32,169.89,0.0125,25.0,0.016,25.0,182.35,1.75713,-13.03803,-0.20219,8e-05,-0.08524
6247.12,SYN.BTC-3APR20,1584874743269,open,0.27,0.0,0.2025,0.3115,0.26225067,159.19,None,0.0,BTC-3APR20-4750-C,6263.32,0.0,0.0185,0.1,0.0,0.0,0.0,2.46102,-16.49456,1.22277,0.00012,0.86384
6247.12,SYN.BTC-3APR20,1584874743269,open,0.02,56.2,0.0025,0.0545,0.02253476,159.02,0.023,0.0,BTC-3APR20-4750-P,6263.32,155.08,0.021,0.5,0.024,25.0,162.71,2.4587,-16.4616,-0.32219,0.00012,-0.13598
6247.12,SYN.BTC-3APR20,1584874743269,open,0.34,0.0,0.281,0.3785,0.33398335,176.45,None,0.0,BTC-3APR20-4250-C,6263.32,0.0,0.0235,0.1,0.0,0.0,0.0,1.76016,-13.07611,1.18008,8e-05,0.91457
6247.12,SYN.BTC-3APR20,1584874743273,open,0.2,0.0,0.1305,0.2465,0.19473669,143.0,None,0.0,BTC-3APR20-5250-C,6263.32,0.0,0.0005,0.2,0.0,0.0,0.0,3.25617,-19.60405,1.20799,0.00018,0.78905
6247.12,SYN.BTC-3APR20,1584874743273,open,0.07,30.5,0.0245,0.132,0.07535984,133.34,0.075,0.0,BTC-3APR20-6000-P,6263.32,127.02,0.071,21.0,0.0795,30.0,139.33,4.31274,-24.21146,-0.93906,0.00025,-0.38665
6247.12,SYN.BTC-3APR20,1584874743273,open,0.17,0.2,0.1005,0.218,0.16574684,139.65,0.17,0.0,BTC-3APR20-5500-C,6263.32,129.81,0.16,8.0,0.1685,15.7,144.3,3.68256,-21.65235,1.15944,0.00021,0.73618
6247.12,SYN.BTC-3APR20,1584874743273,open,0.14,12.6,0.071,0.211,0.14056626,127.17,0.13,0.0,BTC-3APR20-6750-P,6263.32,120.64,0.136,12.3,0.1515,22.3,142.66,4.38521,-23.47871,-1.48121,0.00027,-0.58817
6247.12,SYN.BTC-3APR20,1584874743273,open,0.23,0.0,0.165,0.278,0.22748309,150.15,None,0.0,BTC-3APR20-5000-C,6263.32,0.0,0.0005,0.2,0.0,0.0,0.0,2.84213,-17.9673,1.22643,0.00015,0.83087
6247.12,SYN.BTC-3APR20,1584874743273,open,0.09,31.5,0.0345,0.139,0.08962995,125.11,0.096,0.0,BTC-3APR20-6250-C,6263.32,121.43,0.087,29.4,0.0925,15.0,129.12,4.46794,-23.53497,0.92376,0.00028,0.54411
6247.12,SYN.BTC-3APR20,1584874743275,open,0.11,179.9,0.0535,0.167,0.11500099,133.46,0.1115,0.0,BTC-3APR20-6000-C,6263.32,121.86,0.107,26.9,0.1165,18.9,135.63,4.31279,-24.23379,1.0129,0.00025,0.61334
6247.12,SYN.BTC-3APR20,1584874743275,open,0.14,0.2,0.0745,0.191,0.13868086,135.82,0.124,0.0,BTC-3APR20-5750-C,6263.32,127.01,0.133,8.0,0.141,17.1,139.4,4.04233,-23.11514,1.09537,0.00023,0.67759
6228.28,BTC-26JUN20,1584874743294,open,0.62,0.0,0.5835,0.6515,0.62035672,141.37,None,0.0,BTC-26JUN20-2500-C,6264.33,0.0,0.001,1.0,0.0,0.0,0.0,3.41682,-2.51909,5.35386,2e-05,0.94761
6248.69,BTC-27MAR20,1584874743294,open,0.51,33.1,0.4345,0.622,0.52292594,186.46,1.108,0.0,BTC-27MAR20-9500-P,6264.33,0.0,0.0005,5.0,0.0,0.0,0.0,0.53396,-10.21038,-1.2435,5e-05,-0.96683
6248.69,BTC-27MAR20,1584874743294,open,0.83,0.1,0.7365,0.958,0.84075567,198.21,0.6,0.0,BTC-27MAR20-11500-P,6264.33,0.0,0.0005,2.0,0.0,0.0,0.0,0.1121,-2.2786,-1.53197,1e-05,-0.99459
6248.69,BTC-27MAR20,1584874743294,open,0.67,0.1,0.5855,0.789,0.68165145,200.41,0.1395,0.0,BTC-27MAR20-10500-P,6264.33,0.0,0.0005,0.1,0.0,0.0,0.0,0.30144,-6.19523,-1.38966,3e-05,-0.9832
6248.69,BTC-27MAR20,1584874743294,open,0.0,749.7,0.0005,0.0175,0.00273135,187.9,0.002,0.0,BTC-27MAR20-9500-C,6264.33,185.19,0.0025,0.1,0.003,0.1,190.86,0.54945,-10.58707,0.02639,6e-05,0.03434
6248.69,BTC-27MAR20,1584874743294,open,0.0,371.4,0.0005,0.0155,0.00052012,205.56,0.0005,0.0,BTC-27MAR20-11500-C,6264.33,0.0,0.0,0.0,0.001,0.1,221.81,0.14376,-3.03049,0.00555,1e-05,0.00717
6255.81,BTC-25SEP20,1584874743294,open,0.42,0.1,0.35,0.4735,0.4207986,108.06,0.3815,0.0,BTC-25SEP20-4500-C,6264.33,105.23,0.415,26.3,0.4275,16.3,111.32,12.83553,-3.71088,11.88265,6e-05,0.7918
6248.69,BTC-27MAR20,1584874743294,open,0.0,435.4,0.0005,0.0155,0.00091167,280.75,0.001,0.0,BTC-27MAR20-3000-P,6264.33,260.35,0.0005,95.4,0.0015,0.3,300.95,0.15281,-4.39945,-0.00718,1e-05,-0.00768
6255.81,BTC-25SEP20,1584874743294,open,0.38,63.5,0.305,0.4365,0.38042346,107.46,0.375,0.0,BTC-25SEP20-5000-C,6264.33,104.41,0.3735,26.3,0.388,16.3,110.79,14.21122,-4.08579,11.85118,7e-05,0.75044
6255.81,BTC-25SEP20,1584874743294,open,0.52,0.0,0.46,0.562,0.51785474,111.26,None,0.0,BTC-25SEP20-3500-C,6264.33,0.0,0.06,2.0,0.0,0.0,0.0,9.45694,-2.81513,11.28669,4e-05,0.87024
6248.69,BTC-27MAR20,1584874743294,open,0.0,583.2,0.0005,0.016,0.00143639,203.16,0.0015,0.0,BTC-27MAR20-10500-C,6264.33,193.65,0.001,0.2,0.002,0.5,212.91,0.3224,-6.71705,0.01397,3e-05,0.01818
6248.69,BTC-27MAR20,1584874743294,open,5.36,0.8,5.039,5.809,5.4008193,0.0,5.8915,0.0,BTC-27MAR20-40000-P,6264.33,0.0,0.0,0.0,0.0,0.0,0.0,0.0,0.0,-5.34323,0.0,-1.0
6248.69,BTC-27MAR20,1584874743294,open,0.0,2105.5,0.0005,0.0195,0.00390981,179.37,0.0035,0.0,BTC-27MAR20-9000-C,6264.33,170.99,0.003,25.1,0.005,25.3,188.04,0.73091,-13.44431,0.0375,8e-05,0.04883
6248.69,BTC-27MAR20,1584874743294,open,0.01,1389.2,0.0005,0.021,0.00600485,249.32,0.006,0.0,BTC-27MAR20-4000-P,6264.33,244.63,0.0055,0.1,0.0065,30.1,253.72,0.68838,-17.60025,-0.04283,5e-05,-0.04531
6228.28,BTC-26JUN20,1584874743294,open,0.49,0.0,0.433,0.5285,0.48638136,126.6,None,0.0,BTC-26JUN20-3500-C,6264.33,0.0,0.0005,2.0,0.0,0.0,0.0,6.1045,-4.03032,6.56025,5e-05,0.88737
6255.81,BTC-25SEP20,1584874743294,open,0.05,5.4,0.0225,0.0865,0.05333194,113.59,0.059,0.0,BTC-25SEP20-3000-P,6264.33,111.65,0.051,21.6,0.0555,8.0,115.37,7.56577,-2.29939,-4.75097,3e-05,-0.095
6228.28,BTC-26JUN20,1584874743294,open,0.55,26.1,0.5065,0.589,0.55190262,133.69,0.502,0.0,BTC-26JUN20-3000-C,6264.33,0.0,0.01,25.0,1.0,0.2,500.0,4.72126,-3.29164,6.03094,3e-05,0.92054
6248.69,BTC-27MAR20,1584874743295,open,0.01,598.9,0.0005,0.045,0.01417632,149.71,0.014,0.0,BTC-27MAR20-7500-C,6264.33,145.57,0.013,3.5,0.0155,34.9,154.23,1.80276,-27.67749,0.12708,0.00023,0.16643
6248.69,BTC-27MAR20,1584874743295,open,2.18,3.0,2.0195,2.4045,2.20041005,0.0,2.2095,0.0,BTC-27MAR20-20000-P,6264.33,0.0,0.0,0.0,0.0,0.0,0.0,0.0,0.0,-2.67161,0.0,-1.0
6228.28,BTC-26JUN20,1584874743295,open,0.05,1022.1,0.018,0.0825,0.04829998,126.56,0.044,0.0,BTC-26JUN20-3500-P,6264.33,124.2,0.046,51.7,0.0505,32.0,128.8,6.10335,-4.02844,-2.63226,5e-05,-0.1126
6248.69,BTC-27MAR20,1584874743295,open,0.0,925.1,0.0005,0.0155,4e-07,225.81,0.001,0.0,BTC-27MAR20-20000-C,6264.33,0.0,0.0,0.0,0.0005,6.0,355.89,0.00025,-0.00247,1e-05,0.0,1e-05
6248.69,BTC-27MAR20,1584874743295,open,0.0,683.6,0.0005,0.018,0.00325461,276.32,0.0035,0.0,BTC-27MAR20-3500-P,6264.33,272.35,0.003,10.2,0.0035,0.1,279.98,0.41015,-11.6225,-0.02288,3e-05,-0.02416
6255.81,BTC-25SEP20,1584874743295,open,4.73,1.2,4.4325,5.1485,4.76828613,118.64,4.76,0.0,BTC-25SEP20-36000-P,6264.33,0.0,0.0,0.0,0.0,0.0,0.0,4.67661,-1.48452,-183.12487,2e-05,-0.94918
6248.69,BTC-27MAR20,1584874743295,open,0.01,1644.1,0.0005,0.033,0.00839657,158.12,0.007,0.0,BTC-27MAR20-8000-C,6264.33,151.13,0.007,41.0,0.01,25.0,165.51,1.3017,-21.10729,0.07958,0.00016,0.10373
6228.28,BTC-26JUN20,1584874743294,open,0.38,0.0,0.3055,0.423,0.37216374,118.73,0.342,0.0,BTC-26JUN20-4500-C,6264.33,99.1,0.3445,9.0,0.405,9.0,141.25,8.96106,-5.54878,6.98452,7e-05,0.79909
6255.81,BTC-25SEP20,1584874743295,open,0.04,349.0,0.011,0.079,0.04143009,110.18,0.0435,0.0,BTC-25SEP20-20000-C,6264.33,109.59,0.0405,4.9,0.0425,0.1,110.85,9.96673,-2.93819,3.15952,5e-05,0.14008
6255.81,BTC-25SEP20,1584874743295,open,0.57,0.0,0.5245,0.612,0.57376393,113.58,None,0.0,BTC-25SEP20-3000-C,6264.33,0.0,0.16,1.0,0.0,0.0,0.0,7.56527,-2.29901,10.60938,3e-05,0.90501
6255.81,BTC-25SEP20,1584874743295,open,0.31,186.8,0.23,0.371,0.31072326,106.16,0.313,0.0,BTC-25SEP20-6000-C,6264.33,103.58,0.304,26.6,0.3175,16.6,108.77,16.24716,-4.61484,11.44755,8e-05,0.66814
6249.7,BTC-27MAR20,1584874743295,open,0.05,545.9,0.006,0.093,0.04688284,138.27,0.042,0.0,BTC-27MAR20-6500-C,6264.33,134.12,0.045,1.0,0.049,21.3,142.92,2.8423,-40.30179,0.3233,0.00039,0.43415
6229.29,BTC-26JUN20,1584874743295,open,0.68,678.9,0.5695,0.815,0.69228989,114.97,0.707,0.0,BTC-26JUN20-10000-P,6264.33,0.0,0.0005,0.1,1.0,0.5,269.81,11.19106,-6.70984,-22.69171,0.0001,-0.69451
6229.29,BTC-26JUN20,1584874743295,open,0.06,789.6,0.017,0.0955,0.0541618,115.63,0.059,0.0,BTC-26JUN20-12000-C,6264.33,114.15,0.052,19.4,0.0565,31.0,117.21,9.17464,-5.53265,2.53312,8e-05,0.20897
6249.7,BTC-27MAR20,1584874743295,open,0.0,2708.4,0.0005,0.0155,0.00071622,225.66,0.0005,0.0,BTC-27MAR20-12000-C,6264.33,216.83,0.0005,199.9,0.001,1.0,234.71,0.17338,-4.01216,0.00681,1e-05,0.00887
6229.29,BTC-26JUN20,1584874743295,open,0.25,255.5,0.168,0.2995,0.24246929,112.97,0.245,0.0,BTC-26JUN20-6000-C,6264.33,112.47,0.2415,16.1,0.2525,35.3,118.21,11.96197,-7.04751,6.47902,0.0001,0.63843
6249.7,BTC-27MAR20,1584874743295,open,0.01,298.3,0.0005,0.0245,0.00950287,217.37,0.01,0.0,BTC-27MAR20-4500-P,6264.33,211.15,0.0085,16.0,0.0105,25.0,223.28,1.03215,-23.00837,-0.07132,9e-05,-0.07593
6229.29,BTC-26JUN20,1584874743295,open,0.02,246.2,0.006,0.0425,0.02175938,141.41,0.0235,0.0,BTC-26JUN20-2500-P,6264.33,138.14,0.02,32.0,0.0235,52.0,144.53,3.4174,-2.52016,-1.2133,2e-05,-0.05239
6229.29,BTC-26JUN20,1584874743295,open,0.01,1592.6,0.0005,0.025,0.00867914,127.28,0.013,0.0,BTC-26JUN20-24000-C,6264.33,124.53,0.0075,30.0,0.01,32.0,130.09,2.79588,-1.85586,0.52561,2e-05,0.0408
6229.29,BTC-26JUN20,1584874743295,open,0.01,1111.8,0.0005,0.022,0.00716547,129.3,0.008,0.0,BTC-26JUN20-26000-C,6264.33,126.11,0.006,31.0,0.0085,32.0,132.56,2.40941,-1.62463,0.43923,2e-05,0.03401
6229.29,BTC-26JUN20,1584874743296,open,1.88,1.0,1.7325,2.106,1.90853267,122.11,0.9,0.0,BTC-26JUN20-18000-P,6264.33,0.0,0.0005,1.0,0.0,0.0,0.0,4.89702,-3.11841,-46.22694,4e-05,-0.91661
6256.82,BTC-25SEP20,1584874743296,open,0.26,132.7,0.1745,0.3185,0.2561209,105.72,0.2585,0.0,BTC-25SEP20-7000-C,6264.33,103.34,0.2495,27.9,0.2635,16.9,108.38,17.39486,-4.92033,10.72433,8e-05,0.5909
6229.29,BTC-26JUN20,1584874743296,open,2.83,0.0,2.637,3.1165,2.86183536,128.14,None,0.0,BTC-26JUN20-24000-P,6264.33,0.0,0.0005,1.0,0.0,0.0,0.0,2.87455,-1.92091,-62.49906,2e-05,-0.95778
6229.29,BTC-26JUN20,1584874743295,open,0.02,588.8,0.003,0.043,0.01843859,121.44,0.0205,0.0,BTC-26JUN20-18000-C,6264.33,119.54,0.017,20.0,0.02,32.0,123.41,4.82284,-3.05444,1.03533,4e-05,0.08171
6229.29,BTC-26JUN20,1584874743296,open,0.96,124.0,0.846,1.1225,0.98089458,115.87,1.2925,0.0,BTC-26JUN20-12000-P,6264.33,0.0,0.0005,1.0,0.0,0.0,0.0,9.19596,-5.55688,-28.97987,8e-05,-0.7902
6229.29,BTC-26JUN20,1584874743296,open,0.03,517.7,0.005,0.054,0.02518028,119.32,0.024,0.0,BTC-26JUN20-16000-C,6264.33,117.53,0.0235,20.0,0.027,32.0,121.2,5.92826,-3.68905,1.35667,5e-05,0.10809
6256.82,BTC-25SEP20,1584874743295,open,0.16,392.0,0.0815,0.214,0.15354043,106.91,0.152,0.0,BTC-25SEP20-10000-C,6264.33,104.19,0.146,30.1,0.156,2.8,107.8,17.39251,-4.97528,8.1794,8e-05,0.40887
6229.29,BTC-26JUN20,1584874743295,open,2.2,0.1,2.034,2.4435,2.22641427,126.22,1.85,0.0,BTC-26JUN20-20000-P,6264.33,0.0,0.0005,1.0,0.0,0.0,0.0,4.26218,-2.80565,-51.65586,3e-05,-0.93052
6256.82,BTC-25SEP20,1584874743296,open,0.13,332.5,0.064,0.1885,0.13036613,106.92,0.1205,0.0,BTC-25SEP20-11000-C,6264.33,104.91,0.125,1.0,0.1325,2.9,107.71,16.76969,-4.79717,7.3974,8e-05,0.36129
6256.82,BTC-25SEP20,1584874743295,open,0.64,0.0,0.5945,0.6675,0.63499233,116.97,None,0.0,BTC-25SEP20-2500-C,6264.33,0.0,0.2005,0.5,0.0,0.0,0.0,5.67262,-1.77535,9.61234,2e-05,0.93506
6249.7,BTC-27MAR20,1584874743295,open,0.22,153.0,0.1525,0.2625,0.21540882,188.5,0.2035,0.0,BTC-27MAR20-5000-C,6264.33,0.0,0.19,7.0,0.2275,7.0,233.54,1.51674,-29.31927,0.54763,0.00015,0.87138
6229.29,BTC-26JUN20,1584874743295,open,0.09,934.8,0.035,0.136,0.08679061,114.87,0.087,0.0,BTC-26JUN20-10000-C,6264.33,112.75,0.083,18.6,0.0885,4.4,115.82,11.18561,-6.70073,3.57306,0.0001,0.30516
6229.29,BTC-26JUN20,1584874743295,open,0.2,413.1,0.128,0.2795,0.20583568,113.06,0.2225,0.0,BTC-26JUN20-6000-P,6264.33,110.81,0.2015,18.1,0.21,1.8,115.23,11.9612,-7.05274,-9.28312,0.0001,-0.3615
6249.7,BTC-27MAR20,1584874743296,open,0.0,522.4,0.0005,0.0155,0.0,225.78,0.0005,0.0,BTC-27MAR20-26000-C,6264.33,0.0,0.0,0.0,0.001,44.0,452.08,0.0,-1e-05,0.0,0.0,0.0
6249.7,BTC-27MAR20,1584874743296,open,0.0,413.4,0.0005,0.0155,0.0,225.85,0.005,0.0,BTC-27MAR20-36000-C,6264.33,0.0,0.0,0.0,0.0005,0.2,500.0,0.0,0.0,0.0,0.0,0.0
6249.7,BTC-27MAR20,1584874743296,open,0.59,601.7,0.51,0.705,0.60215541,197.51,0.6825,0.0,BTC-27MAR20-10000-P,6264.33,0.0,0.5075,5.0,1.5,0.9,500.0,0.43467,-8.80388,-1.31593,4e-05,-0.97411
6229.29,BTC-26JUN20,1584874743296,open,0.03,523.4,0.011,0.061,0.03354714,133.67,0.0365,0.0,BTC-26JUN20-3000-P,6264.33,132.95,0.033,0.8,0.034,1.0,134.27,4.71993,-3.29035,-1.84831,3e-05,-0.07941
6256.82,BTC-25SEP20,1584874743296,open,2.22,1.4,2.033,2.4645,2.23855013,110.55,2.526,0.0,BTC-25SEP20-20000-P,6264.33,0.0,0.0,0.0,0.0,0.0,0.0,10.038,-2.96915,-99.2108,5e-05,-0.85848
6249.7,BTC-27MAR20,1584874743296,open,0.0,154.0,0.0005,0.0155,0.0,225.8,0.0015,0.0,BTC-27MAR20-30000-C,6264.33,0.0,0.0,0.0,0.001,44.0,489.55,0.0,0.0,0.0,0.0,0.0
6249.7,BTC-27MAR20,1584874743296,open,2.82,0.0,2.6235,3.0855,2.84049159,385.82,None,0.0,BTC-27MAR20-24000-P,6264.33,0.0,0.0005,1.1,0.0,0.0,0.0,0.05807,-2.29739,-3.20402,0.0,-0.9974
6256.82,BTC-25SEP20,1584874743297,open,0.02,356.5,0.0015,0.0395,0.01619231,115.87,0.0165,0.0,BTC-25SEP20-32000-C,6264.33,114.44,0.015,9.2,0.0175,8.0,117.37,5.34034,-1.65565,1.40668,2e-05,0.0601
6256.82,BTC-25SEP20,1584874743297,open,0.47,718.2,0.4015,0.5155,0.46677317,109.35,0.45,0.0,BTC-25SEP20-4000-C,6264.33,96.79,0.4445,10.0,0.495,10.0,124.93,11.23366,-3.28669,11.70693,5e-05,0.83222
6229.29,BTC-26JUN20,1584874743296,open,0.09,184.6,0.0455,0.1445,0.09463053,118.74,0.11,0.0,BTC-26JUN20-4500-P,6264.33,116.91,0.092,23.5,0.097,25.6,120.38,8.96055,-5.54859,-4.83463,7e-05,-0.20084
6249.7,BTC-27MAR20,1584874743297,open,3.45,0.0,3.227,3.7665,3.48057351,429.05,None,0.0,BTC-27MAR20-28000-P,6264.33,0.0,0.0,0.0,0.0,0.0,0.0,0.06109,-2.68775,-3.73826,0.0,-0.99725
6249.7,BTC-27MAR20,1584874743297,open,3.14,0.0,2.9255,3.426,3.16053255,408.24,None,0.0,BTC-27MAR20-26000-P,6264.33,0.0,0.0,0.0,0.0,0.0,0.0,0.05955,-2.49296,-3.47114,0.0,-0.99733
6229.29,BTC-26JUN20,1584874743296,open,0.33,82.2,0.2525,0.377,0.32335949,116.16,0.327,0.0,BTC-26JUN20-5000-C,6264.33,97.5,0.293,9.0,0.3495,9.0,132.1,10.19708,-6.17732,6.94147,9e-05,0.74759
6256.82,BTC-25SEP20,1584874743296,open,0.74,257.4,0.617,0.883,0.75210045,107.02,0.7035,0.0,BTC-25SEP20-10000-P,6264.33,83.85,0.69,3.3,0.8015,2.8,124.55,17.39659,-4.98154,-43.01649,8e-05,-0.59073
6249.7,BTC-27MAR20,1584874743297,open,0.0,377.3,0.0005,0.0155,7e-08,225.79,0.0005,0.0,BTC-27MAR20-22000-C,6264.33,0.0,0.0,0.0,0.001,44.0,407.41,5e-05,-0.00041,0.0,0.0,0.0
6256.82,BTC-25SEP20,1584874743297,open,0.02,262.6,0.004,0.047,0.02067146,113.64,0.023,0.0,BTC-25SEP20-28000-C,6264.33,111.96,0.019,7.6,0.0225,8.0,115.39,6.36639,-1.93571,1.75481,3e-05,0.07545
6256.82,BTC-25SEP20,1584874743297,open,0.88,193.1,0.7455,1.03,0.88878215,107.04,0.86,0.0,BTC-25SEP20-11000-P,6264.33,85.9,0.835,0.5,0.945,0.5,127.41,16.77745,-4.80499,-48.91634,8e-05,-0.63822
6249.7,BTC-27MAR20,1584874743297,open,0.0,705.4,0.0005,0.0155,2.47e-06,225.78,0.0005,0.0,BTC-27MAR20-18000-C,6264.33,0.0,0.0,0.0,0.001,44.0,352.28,0.00131,-0.01544,3e-05,0.0,4e-05
6249.7,BTC-27MAR20,1584874743297,open,4.73,0.1,4.435,5.1285,4.76073737,500.0,5.7275,0.0,BTC-27MAR20-36000-P,6264.33,0.0,0.0,0.0,0.0,0.0,0.0,0.06732,-3.45181,-4.80673,0.0,-0.99694
6229.29,BTC-26JUN20,1584874743297,open,0.43,28.6,0.3655,0.473,0.42635739,121.87,0.46,0.0,BTC-26JUN20-4000-C,6264.33,101.35,0.4025,9.0,0.456,9.0,145.55,7.55905,-4.80412,6.87455,6e-05,0.84649
6249.7,BTC-27MAR20,1584874743297,open,0.29,57.9,0.2345,0.328,0.2894107,217.03,0.3055,0.0,BTC-27MAR20-4500-C,6264.33,0.0,0.2685,7.0,0.3015,7.0,277.76,1.02934,-22.90883,0.53006,9e-05,0.92434
6229.29,BTC-26JUN20,1584874743297,open,4.1,3.0,3.8485,4.4765,4.14265395,138.9,6.119,0.0,BTC-26JUN20-32000-P,6264.33,0.0,0.0005,1.1,0.0,0.0,0.0,1.92959,-1.39779,-83.72177,1e-05,-0.97398
6249.7,BTC-27MAR20,1584874743297,open,0.37,43.0,0.3195,0.3985,0.36592292,248.93,0.36,0.0,BTC-27MAR20-4000-C,6264.33,0.0,0.3465,7.0,0.376,7.0,319.09,0.68527,-17.49338,0.49174,5e-05,0.95495
6249.7,BTC-27MAR20,1584874743297,open,2.5,5.6,2.322,2.7455,2.52073238,384.86,2.888,0.0,BTC-27MAR20-22000-P,6264.33,0.0,0.0,0.0,0.0,0.0,0.0,0.09637,-3.80338,-2.93543,0.0,-0.99543
6256.82,BTC-25SEP20,1584874743297,open,0.09,547.7,0.033,0.136,0.08463609,107.99,0.0855,0.0,BTC-25SEP20-14000-C,6264.33,107.49,0.0835,1.0,0.086,7.4,108.58,14.40321,-4.16155,5.48711,7e-05,0.25593
6256.82,BTC-25SEP20,1584874743297,open,1.02,247.6,0.8795,1.1805,1.02953191,107.06,1.05,0.0,BTC-25SEP20-12000-P,6264.33,88.53,0.985,0.5,1.12,0.5,140.32,16.0147,-4.58739,-54.75644,7e-05,-0.67978
6249.7,BTC-27MAR20,1584874743297,open,0.0,877.9,0.0005,0.0155,0.0,225.88,0.001,0.0,BTC-27MAR20-40000-C,6264.33,0.0,0.0,0.0,0.0005,9.0,500.0,0.0,0.0,0.0,0.0,0.0
6229.29,BTC-26JUN20,1584874743297,open,0.01,1087.3,0.0005,0.03,0.01114575,125.93,0.0115,0.0,BTC-26JUN20-22000-C,6264.33,122.73,0.0095,30.0,0.013,10.0,129.21,3.36113,-2.20737,0.65716,3e-05,0.05131
6249.7,BTC-27MAR20,1584874743297,open,0.0,185.5,0.0005,0.0155,0.0,225.83,0.001,0.0,BTC-27MAR20-34000-C,6264.33,0.0,0.0,0.0,0.0005,19.0,489.7,0.0,0.0,0.0,0.0,0.0
6256.82,BTC-25SEP20,1584874743297,open,0.11,548.1,0.05,0.167,0.11125989,106.92,0.12,0.0,BTC-25SEP20-12000-C,6264.33,105.64,0.108,2.0,0.1145,9.5,108.18,16.00238,-4.57776,6.675,7e-05,0.31963
6256.82,BTC-25SEP20,1584874743297,open,0.03,145.1,0.006,0.0595,0.02818312,111.71,0.03,0.0,BTC-25SEP20-24000-C,6264.33,110.35,0.0265,6.2,0.03,8.0,113.13,7.85005,-2.34629,2.29672,4e-05,0.09988
6256.82,BTC-25SEP20,1584874743297,open,3.47,0.0,3.229,3.7985,3.49663951,114.47,None,0.0,BTC-25SEP20-28000-P,6264.33,0.0,0.0,0.0,0.0,0.0,0.0,6.51609,-1.99564,-141.55417,3e-05,-0.92221
6229.29,BTC-26JUN20,1584874743297,open,3.78,5.5,3.5455,4.137,3.8224962,137.36,5.702,0.0,BTC-26JUN20-30000-P,6264.33,0.0,0.0005,1.0,0.0,0.0,0.0,2.1722,-1.55608,-78.41807,2e-05,-0.97
6249.7,BTC-27MAR20,1584874743297,open,0.75,251.7,0.661,0.8735,0.76112765,209.2,1.07,0.0,BTC-27MAR20-11000-P,6264.33,0.0,0.5635,5.0,0.0,0.0,0.0,0.2466,-5.29053,-1.45916,2e-05,-0.9867
6256.82,BTC-25SEP20,1584874743298,open,0.01,389.4,0.0005,0.0345,0.01347007,118.41,0.013,0.0,BTC-25SEP20-36000-C,6264.33,117.77,0.013,11.5,0.014,0.8,119.12,4.64189,-1.47064,1.1809,2e-05,0.05033
6249.7,BTC-27MAR20,1584874743297,open,0.0,2288.6,0.0005,0.0155,0.000107,225.76,0.0015,0.0,BTC-27MAR20-14000-C,6264.33,0.0,0.0,0.0,0.0005,0.3,260.12,0.036,-0.66874,0.00119,0.0,0.00154
6249.7,BTC-27MAR20,1584874743298,open,0.0,1410.6,0.0005,0.0155,0.00027727,225.72,0.0005,0.0,BTC-27MAR20-13000-C,6264.33,0.0,0.0,0.0,0.0005,0.2,239.48,0.08007,-1.73283,0.00287,1e-05,0.00371
6257.7,SYN.BTC-24MAR20,1584874743294,open,1.5,0.0005,0.0525,0.01537051,148.02,0.015,0.0,BTC-24MAR20-6750-C,6264.33,141.99,0.014,1.0,0.017,20.0,155.02,1.43873,-56.76659,0.07687,0.00048,0.25441
6249.7,BTC-27MAR20,1584874743298,open,0.0,817.0,0.0005,0.0155,4.129e-05,225.75,0.0005,0.0,BTC-27MAR20-15000-C,6264.33,0.0,0.0,0.0,0.001,25.0,300.57,0.01589,-0.25807,0.00049,0.0,0.00063
6229.29,BTC-26JUN20,1584874743298,open,3.46,0.0,3.2425,3.796,3.50191759,134.03,None,0.0,BTC-26JUN20-28000-P,6264.33,0.0,0.0005,1.0,0.0,0.0,0.0,2.32422,-1.62455,-73.13072,2e-05,-0.96745
6249.7,BTC-27MAR20,1584874743298,open,3.77,0.0,3.529,4.107,3.80061448,448.49,None,0.0,BTC-27MAR20-30000-P,6264.33,0.0,0.0,0.0,0.0,0.0,0.0,0.06266,-2.88179,-4.00538,0.0,-0.99717
6249.7,BTC-27MAR20,1584874743298,open,0.0,914.1,0.0005,0.0155,0.00090147,205.43,0.001,0.0,BTC-27MAR20-11000-C,6264.33,191.75,0.0005,94.0,0.0015,0.1,219.38,0.22289,-4.69552,0.00913,2e-05,0.01183
6229.29,BTC-26JUN20,1584874743298,open,0.02,1675.0,0.0005,0.0375,0.01519298,125.36,0.015,0.0,BTC-26JUN20-20000-C,6264.33,123.54,0.014,10.0,0.0165,10.0,127.27,4.17074,-2.72674,0.85678,3e-05,0.06756
6249.7,BTC-27MAR20,1584874743298,open,0.01,805.8,0.0005,0.0265,0.00587118,170.72,0.0055,0.0,BTC-27MAR20-8500-C,6264.33,161.47,0.0045,52.1,0.0075,25.0,180.33,0.99263,-17.37787,0.05533,0.00011,0.07215
6257.7,SYN.BTC-24MAR20,1584874743295,open,0.0,0.01,0.1195,0.06692959,154.54,None,0.0,BTC-24MAR20-6000-C,6264.33,129.48,0.0605,20.1,0.071,14.1,170.08,1.62806,-67.06664,0.19336,0.00052,0.66822
6229.29,BTC-26JUN20,1584874743299,open,0.15,593.2,0.0775,0.2015,0.14498763,114.86,0.1405,0.0,BTC-26JUN20-8000-C,6264.33,112.4,0.14,18.5,0.147,3.9,115.86,12.62849,-7.56476,4.95868,0.00011,0.44804
6249.7,BTC-27MAR20,1584874743298,open,0.0,327.5,0.0005,0.0155,1e-08,225.78,0.0005,0.0,BTC-27MAR20-24000-C,6264.33,0.0,0.0,0.0,0.001,44.0,430.81,1e-05,-7e-05,0.0,0.0,0.0
6249.7,BTC-27MAR20,1584874743299,open,0.0,241.9,0.0005,0.0155,0.0,225.8,0.0025,0.0,BTC-27MAR20-28000-C,6264.33,0.0,0.0,0.0,0.001,44.0,471.57,0.0,0.0,0.0,0.0,0.0
6256.82,BTC-25SEP20,1584874743299,open,4.1,1.0,3.83,4.4725,4.13158437,116.99,7.779,0.0,BTC-25SEP20-32000-P,6264.33,0.0,0.0,0.0,0.0,0.0,0.0,5.53189,-1.73161,-162.37185,2e-05,-0.93712
6229.29,BTC-26JUN20,1584874743299,open,3.14,0.0,2.94,3.456,3.18175315,131.19,None,0.0,BTC-26JUN20-26000-P,6264.33,0.0,0.0005,1.0,0.0,0.0,0.0,2.57131,-1.7592,-67.82225,2e-05,-0.96318
6247.12,SYN.BTC-3APR20,1584874743294,open,0.29,0.0,0.2185,0.391,0.30313211,135.75,None,0.0,BTC-3APR20-8000-P,6264.33,0.0,0.0,0.0,0.0,0.0,0.0,3.03183,-17.32867,-2.26784,0.00018,-0.81262
6249.7,BTC-27MAR20,1584874743300,open,0.0,255.7,0.0005,0.0155,0.0,225.81,0.0015,0.0,BTC-27MAR20-32000-C,6264.33,0.0,0.0,0.0,0.001,44.0,500.0,0.0,0.0,0.0,0.0,0.0
6256.82,BTC-25SEP20,1584874743300,open,2.84,16.1,2.629,3.128,2.86472716,112.29,3.1855,0.0,BTC-25SEP20-24000-P,6264.33,0.0,0.0,0.0,0.0,0.0,0.0,7.95823,-2.39092,-120.54321,4e-05,-0.89823
6242.38,SYN.BTC-24APR20,1584874743294,open,0.39,0.0,0.3335,0.4295,0.38629425,144.47,None,0.0,BTC-24APR20-4000-C,6264.33,0.0,0.1,0.1,0.0,0.0,0.0,3.45054,-7.58144,2.84965,7e-05,0.89312
6242.38,SYN.BTC-24APR20,1584874743294,open,0.46,0.0,0.412,0.4955,0.45736014,156.28,0.395,0.0,BTC-24APR20-3500-C,6264.33,0.0,0.0005,0.5,0.0,0.0,0.0,2.54403,-6.04688,2.6516,5e-05,0.92896
6242.38,SYN.BTC-24APR20,1584874743295,open,0.0,364.6,0.0005,0.017,0.00245977,162.94,0.0015,0.0,BTC-24APR20-20000-C,6264.33,158.91,0.002,25.0,0.003,0.9,167.07,0.76267,-1.89003,0.07792,1e-05,0.01632
6247.12,SYN.BTC-3APR20,1584874743294,open,0.33,0.0,0.2535,0.4295,0.33887927,136.62,None,0.0,BTC-3APR20-8250-P,6264.33,0.0,0.0,0.0,0.0,0.0,0.0,2.71224,-15.6008,-2.40148,0.00016,-0.84262
6257.7,SYN.BTC-24MAR20,1584874743294,open,0.0,0.004,0.111,0.05091327,141.61,None,0.0,BTC-24MAR20-6375-P,6264.33,129.55,0.0475,17.6,0.0565,23.6,161.28,1.77404,-66.96556,-0.19407,0.00062,-0.55259
6242.38,SYN.BTC-24APR20,1584874743294,open,0.08,184.4,0.0325,0.128,0.08164857,124.72,0.083,0.0,BTC-24APR20-7500-C,6264.33,121.96,0.0785,22.6,0.085,29.6,127.64,7.13816,-13.53954,1.68234,0.00016,0.38086
6242.38,SYN.BTC-24APR20,1584874743294,open,0.01,838.2,0.0005,0.02,0.00520512,152.39,0.0075,0.0,BTC-24APR20-16000-C,6264.33,149.1,0.0045,25.1,0.006,10.0,155.77,1.40231,-3.25004,0.16006,3e-05,0.03367
6260.69,SYN.BTC-23MAR20,1584874743295,open,0.12,0.0,0.055,0.1955,0.12238532,177.17,None,0.0,BTC-23MAR20-7000-P,6264.33,0.0,0.0005,0.2,0.0,0.0,0.0,0.56511,-50.05961,-0.15252,0.00034,-0.89304
6242.38,SYN.BTC-24APR20,1584874743294,open,0.62,14.5,0.5235,0.74,0.62822123,129.09,0.9535,0.0,BTC-24APR20-10000-P,6264.33,86.71,0.6065,5.0,0.0,0.0,0.0,4.43085,-8.69922,-8.29306,0.0001,-0.84675
6242.38,SYN.BTC-24APR20,1584874743294,open,0.06,536.6,0.022,0.107,0.06393005,124.81,0.065,0.0,BTC-24APR20-8000-C,6264.33,122.53,0.0615,23.2,0.0665,7.5,127.21,6.6767,-12.67421,1.42515,0.00015,0.3174
6257.7,SYN.BTC-24MAR20,1584874743294,open,31.0,0.001,0.0855,0.03292858,150.97,0.034,0.0,BTC-24MAR20-6125-P,6264.33,138.58,0.0295,20.1,0.036,27.0,162.05,1.73361,-69.76842,-0.13937,0.00057,-0.40046
6242.38,SYN.BTC-24APR20,1584874743295,open,0.17,220.0,0.101,0.218,0.1657588,124.69,0.164,0.0,BTC-24APR20-6000-C,6264.33,121.41,0.162,20.4,0.17,20.4,128.39,7.16008,-13.57803,2.52708,0.00016,0.61521
6242.38,SYN.BTC-24APR20,1584874743294,open,2.82,0.0,2.627,3.0945,2.84598663,170.62,None,0.0,BTC-24APR20-24000-P,6264.33,0.0,0.0005,0.1,0.0,0.0,0.0,0.44648,-1.15858,-21.57472,1e-05,-0.9912
6242.38,SYN.BTC-24APR20,1584874743294,open,0.06,255.0,0.023,0.1065,0.06233422,131.13,0.0675,0.0,BTC-24APR20-5000-P,6264.33,127.4,0.059,32.1,0.0655,23.2,134.65,5.59635,-11.16125,-1.6067,0.00012,-0.22343
6247.12,SYN.BTC-3APR20,1584874743294,open,0.04,31.0,0.007,0.081,0.04082081,131.16,0.0425,0.0,BTC-3APR20-7250-C,6264.33,129.06,0.0395,50.3,0.0425,10.0,133.81,3.9452,-21.78608,0.5363,0.00024,0.30467
6260.69,SYN.BTC-23MAR20,1584874743294,open,0.01,54.5,0.0005,0.0585,0.01384768,157.96,0.0115,0.0,BTC-23MAR20-6000-P,6264.33,143.46,0.0115,21.5,0.016,21.5,170.91,1.02893,-81.26654,-0.04386,0.00069,-0.27814
6242.38,SYN.BTC-24APR20,1584874743294,open,0.01,368.1,0.0005,0.029,0.01045265,141.89,0.0115,0.0,BTC-24APR20-13000-C,6264.33,139.34,0.0095,25.0,0.0115,10.0,144.55,2.39116,-5.16019,0.30982,5e-05,0.06556
6242.38,SYN.BTC-24APR20,1584874743294,open,0.26,207.8,0.1975,0.312,0.26142547,131.21,0.227,0.0,BTC-24APR20-5000-C,6264.33,96.66,0.232,8.0,0.2905,8.0,162.81,5.59725,-11.16948,2.89609,0.00012,0.77651
6242.38,SYN.BTC-24APR20,1584874743294,open,0.02,232.5,0.003,0.04,0.01799626,156.17,0.02,0.0,BTC-24APR20-3500-P,6264.33,152.43,0.0165,1.0,0.0195,25.0,159.8,2.54125,-6.03576,-0.50002,5e-05,-0.07094
6257.7,SYN.BTC-24MAR20,1584874743294,open,0.0,0.0005,0.065,0.02035509,160.26,None,0.0,BTC-24MAR20-5875-P,6264.33,150.27,0.018,20.0,0.0225,20.0,169.21,1.48875,-63.60115,-0.09402,0.00046,-0.27201
6242.38,SYN.BTC-24APR20,1584874743294,open,0.01,283.8,0.0005,0.0275,0.01123153,168.37,0.011,0.0,BTC-24APR20-3000-P,6264.33,163.86,0.01,5.0,0.0125,25.0,172.77,1.75364,-4.49046,-0.31225,3e-05,-0.0443
6242.38,SYN.BTC-24APR20,1584874743294,open,0.0,396.8,0.0005,0.0165,0.00162464,174.81,0.0025,0.0,BTC-24APR20-24000-C,6264.33,166.03,0.001,25.1,0.0025,25.0,183.67,0.52504,-1.39586,0.05042,1e-05,0.01059
6247.12,SYN.BTC-3APR20,1584874743294,open,0.02,50.5,0.0005,0.0425,0.01541354,139.04,0.016,0.0,BTC-3APR20-8500-C,6264.33,134.02,0.0135,25.0,0.0175,50.0,144.22,2.44817,-14.33148,0.24333,0.00014,0.13513
6242.38,SYN.BTC-24APR20,1584874743294,open,0.02,465.1,0.0025,0.043,0.01817576,132.68,0.0195,0.0,BTC-24APR20-11000-C,6264.33,129.66,0.0165,25.0,0.02,36.0,135.83,3.53538,-7.13427,0.51938,8e-05,0.11055
6242.38,SYN.BTC-24APR20,1584874743295,open,0.01,383.3,0.0005,0.035,0.01369374,137.7,0.0135,0.0,BTC-24APR20-12000-C,6264.33,135.07,0.0125,25.0,0.015,27.0,140.44,2.90474,-6.08315,0.39863,6e-05,0.08459
6242.38,SYN.BTC-24APR20,1584874743294,open,0.13,324.8,0.0695,0.181,0.13014807,123.37,0.136,0.0,BTC-24APR20-6500-C,6264.33,121.57,0.128,21.1,0.1325,7.8,125.34,7.45247,-13.98299,2.24959,0.00017,0.53025
6242.38,SYN.BTC-24APR20,1584874743295,open,0.03,865.4,0.005,0.056,0.02640373,129.28,0.024,0.0,BTC-24APR20-10000-C,6264.33,125.84,0.024,24.9,0.029,49.9,132.86,4.44028,-8.73062,0.71599,0.0001,0.15375
6257.7,SYN.BTC-24MAR20,1584874743294,open,0.0,0.0015,0.0965,0.04025604,143.05,None,0.0,BTC-24MAR20-6250-P,6264.33,133.4,0.0375,20.0,0.045,26.0,159.68,1.78603,-68.10733,-0.16562,0.00062,-0.47477
6257.7,SYN.BTC-24MAR20,1584874743295,open,0.6,0.0005,0.0575,0.01657027,168.77,0.017,0.0,BTC-24MAR20-5750-P,6264.33,158.96,0.0145,20.0,0.0185,20.0,177.66,1.34085,-60.32189,-0.07725,0.00039,-0.22367
6242.38,SYN.BTC-24APR20,1584874743294,open,0.04,773.7,0.01,0.0765,0.04041343,126.71,0.04,0.0,BTC-24APR20-9000-C,6264.33,123.97,0.038,24.2,0.043,47.3,129.6,5.54836,-10.69267,1.0102,0.00012,0.22008
6242.38,SYN.BTC-24APR20,1584874743295,open,0.22,1056.5,0.145,0.303,0.22481165,124.25,0.312,0.0,BTC-24APR20-7000-P,6264.33,119.77,0.2195,11.0,0.235,11.0,132.8,7.41968,-14.02058,-4.34548,0.00017,-0.54806
6247.12,SYN.BTC-3APR20,1584874743294,open,0.02,55.1,0.002,0.055,0.02265365,135.98,0.0205,0.0,BTC-3APR20-8000-C,6264.33,131.48,0.0205,14.0,0.025,48.6,140.73,3.03698,-17.38749,0.33587,0.00018,0.1879
6242.38,SYN.BTC-24APR20,1584874743296,open,0.53,0.0,0.493,0.5635,0.53068628,168.51,None,0.0,BTC-24APR20-3000-C,6264.33,0.0,0.002,10.0,0.0,0.0,0.0,1.75671,-4.50218,2.38909,3e-05,0.9556
6247.12,SYN.BTC-3APR20,1584874743295,open,0.19,0.0,0.123,0.28,0.20125442,131.0,None,0.0,BTC-3APR20-7250-P,6264.33,120.11,0.1945,6.1,0.2165,6.1,154.46,3.94336,-21.7493,-1.82302,0.00024,-0.69565
6242.38,SYN.BTC-24APR20,1584874743294,open,0.0,1507.0,0.0005,0.016,0.00106121,182.8,0.001,0.0,BTC-24APR20-28000-C,6264.33,170.23,0.0005,41.1,0.002,25.0,195.45,0.36145,-1.00491,0.03295,1e-05,0.00692
6242.38,SYN.BTC-24APR20,1584874743332,open,0.62,14.5,0.5235,0.74,0.62822123,129.09,0.9535,0.0,BTC-24APR20-10000-P,6264.33,89.94,0.6075,5.0,0.0,0.0,0.0,4.43085,-8.69922,-8.29306,0.0001,-0.84675
6242.38,SYN.BTC-24APR20,1584874743335,open,0.21,166.6,0.1445,0.263,0.21060553,128.27,0.2105,0.0,BTC-24APR20-5500-C,6264.33,122.89,0.205,19.3,0.2135,34.3,131.03,6.52412,-12.72714,2.74574,0.00014,0.69895
132.64,ETH-27MAR20,1584874743435,open,3.47,0.0,3.3925,3.664,3.524546,475.18,None,0.0,ETH-27MAR20-600-P,133.03,0.0,0.03,50.0,0.0,0.0,0.0,0.00287,-0.13983,-0.08005,0.00026,-0.99331
132.55,SYN.ETH-24APR20,1584874743579,open,1.24,0.0,1.1985,1.3455,1.272099,149.18,None,0.0,ETH-24APR20-300-P,133.03,0.0,0.0,0.0,0.0,0.0,0.0,0.04409,-0.10002,-0.26473,0.00187,-0.94526
132.55,SYN.ETH-24APR20,1584874743579,open,0.95,4.0,0.9075,1.0445,0.976231,143.04,1.122,0.0,ETH-24APR20-260-P,133.03,0.0,0.0,0.0,0.0,0.0,0.0,0.0634,-0.13792,-0.22547,0.0028,-0.91224
132.36,ETH-26JUN20,1584874743593,open,4.08,0.0,3.989,4.3045,4.144142,141.98,None,0.0,ETH-26JUN20-680-P,133.03,0.0,0.0,0.0,0.0,0.0,0.0,0.04578,-0.0339,-1.77816,0.0007,-0.9703
132.64,ETH-27MAR20,1584874743702,open,1.98,4.0,1.927,2.108,2.015682,196.14,1.862,0.0,ETH-27MAR20-400-P,133.03,0.0,0.0,0.0,0.0,0.0,0.0,0.0,-2e-05,-0.05343,0.0,-1.0
132.36,ETH-26JUN20,1584874743708,open,2.3,0.0,2.231,2.455,2.346586,137.67,None,0.0,ETH-26JUN20-440-P,133.03,0.0,0.01,50.0,0.0,0.0,0.0,0.10885,-0.07815,-1.13273,0.00172,-0.91144
132.64,ETH-27MAR20,1584874743713,open,3.77,0.0,3.6855,3.975,3.826182,495.16,None,0.0,ETH-27MAR20-640-P,133.03,0.0,0.01,50.0,0.0,0.0,0.0,0.00294,-0.14924,-0.08539,0.00025,-0.99313
132.36,ETH-26JUN20,1584874743768,open,3.48,0.0,3.4005,3.683,3.541605,138.36,None,0.0,ETH-26JUN20-600-P,133.03,0.0,0.01,50.0,0.0,0.0,0.0,0.05582,-0.04028,-1.56586,0.00088,-0.9622
6243.42,SYN.BTC-24APR20,1584874744074,open,2.18,0.0,2.023,2.4145,2.20636492,166.99,2.4195,0.0,BTC-24APR20-20000-P,6264.33,0.0,0.0,0.0,0.0,0.0,0.0,0.87305,-2.21732,-17.92341,1e-05,-0.98088
6229.34,BTC-26JUN20,1584874744193,open,2.2,0.1,2.0325,2.443,2.2258416,125.42,1.85,0.0,BTC-26JUN20-20000-P,6264.33,0.0,0.0005,1.0,0.0,0.0,0.0,4.17644,-2.73161,-51.67648,3e-05,-0.93233
6256.93,BTC-25SEP20,1584874744225,open,2.84,16.1,2.628,3.128,2.8640116,111.77,3.1855,0.0,BTC-25SEP20-24000-P,6264.33,0.0,0.0,0.0,0.0,0.0,0.0,7.86241,-2.35133,-120.5762,4e-05,-0.89991
6229.34,BTC-26JUN20,1584874744228,open,3.78,5.5,3.5435,4.137,3.82162257,134.86,5.702,0.0,BTC-26JUN20-30000-P,6264.33,0.0,0.0005,1.0,0.0,0.0,0.0,1.98288,-1.39456,-78.45536,1e-05,-0.97312
6256.82,BTC-25SEP20,1584874744266,open,0.49,181.5,0.378,0.602,0.49381456,106.51,0.469,0.0,BTC-25SEP20-8000-P,6264.33,101.43,0.4795,4.8,0.498,4.8,107.92,17.82988,-5.08114,-31.09369,8e-05,-0.47664
6229.29,BTC-26JUN20,1584874744269,open,0.3,347.4,0.218,0.401,0.31241337,114.93,0.311,0.0,BTC-26JUN20-7000-P,6264.33,109.04,0.3005,19.2,0.313,19.2,115.18,12.67754,-7.59848,-12.66568,0.00011,-0.46157
6256.82,BTC-25SEP20,1584874744270,open,0.16,392.0,0.0815,0.214,0.1535915,106.91,0.152,0.0,BTC-25SEP20-10000-C,6264.33,104.19,0.146,30.1,0.156,7.6,107.8,17.39251,-4.97528,8.1794,8e-05,0.40887
6229.34,BTC-26JUN20,1584874744301,open,0.82,0.5,0.705,0.9665,0.83395425,115.14,1.05,0.0,BTC-26JUN20-11000-P,6263.81,0.0,0.0005,1.0,0.0,0.0,0.0,10.18647,-6.11687,-25.88663,9e-05,-0.74809
6229.34,BTC-26JUN20,1584874744301,open,0.04,220.0,0.012,0.0815,0.04392104,116.49,0.048,0.0,BTC-26JUN20-13000-C,6263.81,115.02,0.042,19.7,0.046,31.6,118.04,8.23619,-5.00337,2.14831,7e-05,0.17521
6249.62,BTC-27MAR20,1584874744301,open,5.36,0.8,5.04,5.81,5.40134172,500.0,5.8915,0.0,BTC-27MAR20-40000-P,6263.81,0.0,0.0,0.0,0.0,0.0,0.0,0.04017,-2.05948,-5.34199,0.0,-0.99827
6256.41,BTC-25SEP20,1584874744302,open,4.73,1.2,4.432,5.149,4.76812194,119.15,4.76,0.0,BTC-25SEP20-36000-P,6263.81,0.0,0.0,0.0,0.0,0.0,0.0,4.75979,-1.51741,-183.10089,2e-05,-0.94805
6256.41,BTC-25SEP20,1584874744302,open,0.22,175.7,0.135,0.278,0.21520977,106.45,0.2105,0.0,BTC-25SEP20-8000-C,6263.81,105.5,0.2125,0.4,0.218,0.2,107.43,17.8292,-5.0782,9.86467,8e-05,0.52317
6249.62,BTC-27MAR20,1584874744302,open,0.21,1075.1,0.137,0.2955,0.21441677,150.21,0.259,0.0,BTC-27MAR20-7500-P,6263.81,0.0,0.2,10.0,0.253,4.0,256.04,1.81117,-27.89954,-0.87392,0.00023,-0.83241
6249.62,BTC-27MAR20,1584874744302,open,0.45,4.6,0.4045,0.472,0.44322314,276.43,0.3605,0.0,BTC-27MAR20-3500-C,6263.81,0.0,0.005,20.0,0.0,0.0,0.0,0.41033,-11.63176,0.44464,3e-05,0.97583
6229.34,BTC-26JUN20,1584874744302,open,0.01,386.2,0.0005,0.021,0.00620846,131.75,0.0075,0.0,BTC-26JUN20-28000-C,6263.81,129.61,0.0055,0.5,0.007,32.0,133.96,2.14272,-1.47228,0.38124,2e-05,0.02951
6249.62,BTC-27MAR20,1584874744304,open,0.44,766.9,0.359,0.5395,0.44398294,179.19,0.388,0.0,BTC-27MAR20-9000-P,6263.81,0.0,0.04,0.2,0.471,1.6,299.48,0.72961,-13.40699,-1.16481,8e-05,-0.95129
6256.41,BTC-25SEP20,1584874744304,open,1.61,3.4,1.4445,1.8105,1.62177437,108.24,2.028,0.0,BTC-25SEP20-16000-P,6263.81,0.0,0.0,0.0,0.0,0.0,0.0,12.70617,-3.67972,-77.42577,6e-05,-0.79536
6249.62,BTC-27MAR20,1584874744302,open,4.09,0.0,3.8305,4.4465,4.12024577,0.0,None,0.0,BTC-27MAR20-32000-P,6263.81,0.0,0.0,0.0,0.0,0.0,0.0,0.0,0.0,-4.27458,0.0,-1.0
6256.41,BTC-25SEP20,1584874744303,open,2.22,1.4,2.032,2.464,2.23796204,110.06,2.526,0.0,BTC-25SEP20-20000-P,6263.81,0.0,0.0,0.0,0.0,0.0,0.0,9.94616,-2.9288,-99.24599,5e-05,-0.86037
6249.62,BTC-27MAR20,1584874744303,open,0.52,0.1,0.4895,0.547,0.52081168,277.83,0.391,0.0,BTC-27MAR20-3000-C,6263.81,0.0,0.05,7.0,0.0,0.0,0.0,0.14466,-4.12149,0.39401,1e-05,0.99278
6229.34,BTC-26JUN20,1584874744304,open,1.88,1.0,1.7315,2.1055,1.90802031,121.48,0.9,0.0,BTC-26JUN20-18000-P,6263.81,0.0,0.0005,1.0,0.0,0.0,0.0,4.82722,-3.05817,-46.24472,4e-05,-0.91819
6228.82,BTC-26JUN20,1584874744304,open,2.51,0.0,2.334,2.7785,2.54285596,125.45,None,0.0,BTC-26JUN20-22000-P,6263.81,0.0,0.0005,0.1,0.0,0.0,0.0,3.31289,-2.16743,-57.14177,3e-05,-0.94961
6256.41,BTC-25SEP20,1584874744305,open,0.1,889.8,0.0555,0.156,0.10614208,109.38,0.1175,0.0,BTC-25SEP20-4000-P,6263.81,107.35,0.1025,22.8,0.1095,6.4,111.24,11.23431,-3.2877,-8.77519,5e-05,-0.16781
6249.62,BTC-27MAR20,1584874744306,open,2.5,5.6,2.3205,2.744,2.52016903,0.0,2.888,0.0,BTC-27MAR20-22000-P,6263.81,0.0,0.0,0.0,0.0,0.0,0.0,0.0,0.0,-2.93877,0.0,-1.0
6256.41,BTC-25SEP20,1584874744306,open,0.05,255.7,0.015,0.0925,0.05093214,109.1,0.051,0.0,BTC-25SEP20-18000-C,6263.81,108.01,0.049,4.4,0.053,6.4,110.24,11.22837,-3.27756,3.73936,5e-05,0.16767
6256.41,BTC-25SEP20,1584874744306,open,4.1,1.0,3.8285,4.472,4.13062021,115.49,7.779,0.0,BTC-25SEP20-32000-P,6263.81,0.0,0.0,0.0,0.0,0.0,0.0,5.2743,-1.62979,-162.44935,2e-05,-0.94084
6228.82,BTC-26JUN20,1584874744306,open,4.1,3.0,3.8465,4.477,4.14172526,134.27,6.119,0.0,BTC-26JUN20-32000-P,6263.81,0.0,0.0005,1.1,0.0,0.0,0.0,1.60901,-1.12667,-83.7829,1e-05,-0.97903
6228.82,BTC-26JUN20,1584874744306,open,1.26,12.5,1.1355,1.4435,1.28339189,117.16,1.427,0.0,BTC-26JUN20-14000-P,6263.81,0.0,0.0005,0.1,0.0,0.0,0.0,7.35039,-4.49116,-34.95103,6e-05,-0.85279
6256.41,BTC-25SEP20,1584874744306,open,1.31,103.4,1.158,1.4925,1.3222286,107.94,1.7,0.0,BTC-25SEP20-14000-P,6263.81,0.0,0.0005,0.1,0.0,0.0,0.0,14.39595,-4.15775,-66.19487,7e-05,-0.74429
6256.41,BTC-25SEP20,1584874744306,open,3.47,0.0,3.2275,3.798,3.49579914,113.36,None,0.0,BTC-25SEP20-28000-P,6263.81,0.0,0.0,0.0,0.0,0.0,0.0,6.31546,-1.91558,-141.61808,3e-05,-0.92533
6256.41,BTC-25SEP20,1584874744307,open,1.91,0.9,1.7365,2.135,1.92779291,108.99,2.2055,0.0,BTC-25SEP20-18000-P,6263.81,0.0,0.0,0.0,0.0,0.0,0.0,11.21017,-3.26909,-88.42598,5e-05,-0.83275
