underlying_price,underlying_index,timestamp,state,settlement_price,open_interest,min_price,max_price,mark_price,mark_iv,last_price,interest_rate,instrument_name,index_price,bid_iv,best_bid_price,best_bid_amount,best_ask_price,best_ask_amount,ask_iv,vega,theta,rho,gamma,delta
8115.93,SYN.BTC-17JAN20,1578913140015,open,0.0,214.6,0.0005,0.012,0.00170549,76.57,0.0025,0.0,BTC-17JAN20-9250-C,8107.01,69.25,0.001,78.3,0.0025,58.1,82.99,0.90079,-8.89815,0.04404,0.00017,0.0528
144.2,SYN.ETH-24JAN20,1578913140015,open,0.3,0.0,0.286,0.328,0.307111,94.37,None,0.0,ETH-24JAN20-100-C,143.81,0.0,0.306,1.0,0.316,35.0,158.35,0.0066,-0.02864,0.02934,0.00113,0.99006
8115.93,SYN.BTC-17JAN20,1578913140017,open,0.0,253.2,0.0005,0.011,0.00109521,81.81,0.002,0.0,BTC-17JAN20-9500-C,8107.01,72.26,0.0005,62.3,0.0015,12.7,86.55,0.63034,-6.65313,0.02832,0.00011,0.03396
8115.93,SYN.BTC-17JAN20,1578913140017,open,0.0,236.4,0.0005,0.0105,0.00075421,87.33,0.001,0.0,BTC-17JAN20-9750-C,8107.01,82.21,0.0005,111.5,0.001,0.1,91.3,0.45739,-5.1529,0.01926,7e-05,0.0231
8115.93,SYN.BTC-17JAN20,1578913140021,open,0.0,408.6,0.0005,0.0105,0.00075223,97.24,0.001,0.0,BTC-17JAN20-10000-C,8107.01,91.73,0.0005,39.9,0.001,103.8,101.57,0.42216,-5.29578,0.01746,6e-05,0.02101
8115.93,SYN.BTC-17JAN20,1578913140032,open,0.0,393.5,0.0005,0.015,0.00278328,71.26,0.0025,0.0,BTC-17JAN20-9000-C,8107.01,69.44,0.0025,8.9,0.003,50.0,72.58,1.3027,-11.97529,0.07095,0.00026,0.08512
8557.77,SYN.BTC-25SEP20,1578913140154,open,0.02,67.7,0.0115,0.046,0.024193,76.35,0.023,0.0,BTC-25SEP20-4000-P,8107.01,74.74,0.0225,10.0,0.026,15.8,78.01,9.14986,-1.36503,-5.3868,2e-05,-0.0656
8557.77,SYN.BTC-25SEP20,1578913140154,open,0.23,51.7,0.177,0.282,0.22464229,74.04,0.252,0.0,BTC-25SEP20-9000-C,8107.01,74.3,0.2255,22.0,0.2335,17.2,76.76,27.84744,-4.02871,21.94466,7e-05,0.59043
8557.77,SYN.BTC-25SEP20,1578913140154,open,0.39,2.0,0.3515,0.4315,0.38807067,74.04,0.361,0.0,BTC-25SEP20-6000-C,8107.01,60.83,0.359,6.0,0.42,6.0,87.92,19.36088,-2.801,25.39152,5e-05,0.81132
8557.77,SYN.BTC-25SEP20,1578913140154,open,0.32,5.3,0.281,0.3735,0.32336883,74.04,0.338,0.0,BTC-25SEP20-7000-C,8107.01,63.81,0.2955,7.0,0.3605,7.0,87.64,23.37935,-3.38234,24.81393,6e-05,0.73699
8557.77,SYN.BTC-25SEP20,1578913140158,open,0.05,134.7,0.0285,0.0825,0.05010239,74.64,0.0535,0.0,BTC-25SEP20-5000-P,8107.01,73.08,0.0475,9.7,0.0525,12.5,76.06,14.37676,-2.09682,-10.23586,4e-05,-0.12052
8557.77,SYN.BTC-25SEP20,1578913140158,open,0.19,65.8,0.143,0.2505,0.19139478,75.16,0.195,0.0,BTC-25SEP20-10000-C,8107.01,74.89,0.1905,13.2,0.1985,5.0,77.29,28.52063,-4.18883,20.12024,7e-05,0.52677
8557.77,SYN.BTC-25SEP20,1578913140158,open,0.46,0.0,0.4375,0.501,0.46584899,74.64,None,0.0,BTC-25SEP20-5000-C,8107.01,60.26,0.4435,7.0,0.491,7.0,88.89,14.37758,-2.09713,24.81436,4e-05,0.87947
8557.77,SYN.BTC-25SEP20,1578913140158,open,0.56,0.0,0.537,0.5825,0.55679028,76.35,None,0.0,BTC-25SEP20-4000-C,8107.01,59.11,0.5415,7.0,0.575,7.0,91.63,9.15116,-1.36538,22.65312,2e-05,0.93439
145.47,SYN.ETH-28FEB20,1578913140179,open,0.06,480.0,0.028,0.088,0.055392,74.72,0.054,0.0,ETH-28FEB20-130-P,143.81,72.74,0.053,212.0,0.058,942.0,76.87,0.17619,-0.14349,-0.06293,0.00887,-0.28882
145.47,SYN.ETH-28FEB20,1578913140179,open,0.26,5.0,0.233,0.296,0.264801,79.99,0.229,0.0,ETH-28FEB20-110-C,143.81,53.65,0.249,39.0,0.281,38.0,99.66,0.10898,-0.095,0.11069,0.00512,0.8702
145.47,SYN.ETH-28FEB20,1578913140179,open,0.32,21.0,0.298,0.353,0.325348,85.14,0.267,0.0,ETH-28FEB20-100-C,143.81,45.25,0.313,40.0,0.337,39.0,104.03,0.07803,-0.07241,0.10838,0.00345,0.91812
145.47,SYN.ETH-28FEB20,1578913140179,open,0.16,30.0,0.124,0.197,0.161725,74.72,0.154,0.0,ETH-28FEB20-130-C,143.81,72.46,0.159,48.0,0.164,670.0,76.59,0.17619,-0.14349,0.10046,0.00887,0.71118
145.47,SYN.ETH-28FEB20,1578913140182,open,0.04,468.0,0.016,0.068,0.03867,77.94,0.04,0.0,ETH-28FEB20-180-C,143.81,76.49,0.037,867.0,0.04,20.0,79.09,0.16842,-0.14307,0.0411,0.00812,0.26347
145.47,SYN.ETH-28FEB20,1578913140182,open,0.03,205.0,0.011,0.057,0.029963,80.01,0.028,0.0,ETH-28FEB20-190-C,143.81,79.07,0.029,650.0,0.031,225.0,81.01,0.14943,-0.13031,0.03327,0.00702,0.21194
151.76,SYN.ETH-25SEP20,1578913140392,open,0.63,1.0,0.606,0.654,0.629249,90.95,0.645,0.0,ETH-25SEP20-60-C,143.81,71.26,0.614,57.0,0.641,57.0,102.66,0.14109,-0.02507,0.33605,0.00096,0.94513
151.75,SYN.ETH-25SEP20,1578913140433,open,0.63,0.0,0.536,0.713,0.622649,89.33,None,0.0,ETH-25SEP20-220-P,143.81,0.0,0.0,0.0,0.659,1.0,100.25,0.50308,-0.08782,-1.24615,0.00349,-0.54878
151.76,SYN.ETH-25SEP20,1578913140435,open,0.63,1.0,0.606,0.654,0.629249,90.95,0.645,0.0,ETH-25SEP20-60-C,143.81,69.54,0.613,57.0,0.641,57.0,102.66,0.14109,-0.02507,0.33605,0.00096,0.94513
8431.6,BTC-26JUN20,1578913140485,open,0.09,454.1,0.053,0.138,0.08889658,76.85,0.0865,0.0,BTC-26JUN20-12000-C,8107.18,75.87,0.0865,24.7,0.09,1.0,77.3,20.65547,-4.81415,9.38961,8e-05,0.33543
8431.77,BTC-26JUN20,1578913140485,open,0.33,137.1,0.272,0.3865,0.32369107,75.44,0.38,0.0,BTC-26JUN20-10000-P,8107.18,66.53,0.3,0.3,0.3515,7.4,85.82,22.53029,-5.15415,-32.63124,9e-05,-0.53305
8277.17,BTC-27MAR20,1578913140485,open,0.27,149.5,0.228,0.317,0.2683871,71.4,0.264,0.0,BTC-27MAR20-10000-P,8107.18,65.9,0.2595,12.4,0.283,8.2,80.17,13.55544,-6.55065,-15.64842,0.00014,-0.66568
8277.0,BTC-27MAR20,1578913140485,open,0.01,306.9,0.0005,0.0235,0.00943085,78.62,0.0105,0.0,BTC-27MAR20-5000-P,8107.18,77.74,0.009,5.6,0.01,37.0,79.75,4.11771,-2.19104,-1.07246,4e-05,-0.05459
8431.77,BTC-26JUN20,1578913140485,open,0.02,90.1,0.005,0.0455,0.01681132,94.94,0.016,0.0,BTC-26JUN20-26000-C,8107.18,93.52,0.0155,36.6,0.018,9.3,96.18,7.95126,-2.28936,2.18335,3e-05,0.07414
8431.77,BTC-26JUN20,1578913140485,open,0.14,520.5,0.0965,0.1895,0.13767655,75.43,0.1345,0.0,BTC-26JUN20-10000-C,8107.18,73.49,0.1325,24.5,0.1395,17.7,76.11,22.53016,-5.1535,12.54004,9e-05,0.46692
8431.77,BTC-26JUN20,1578913140486,open,0.02,29.5,0.006,0.0505,0.01974401,92.92,0.021,0.0,BTC-26JUN20-24000-C,8107.18,91.23,0.018,35.6,0.021,25.9,94.09,8.93367,-2.51744,2.54215,3e-05,0.08649
8277.17,BTC-27MAR20,1578913140485,open,3.13,0.0,3.0275,3.1955,3.10836607,111.04,None,0.0,BTC-27MAR20-34000-P,8107.18,0.0,0.0,0.0,0.0,0.0,0.0,0.53465,-0.40179,-68.74404,0.0,-0.99504
8431.77,BTC-26JUN20,1578913140485,open,0.65,17.9,0.639,0.6625,0.64892969,85.39,0.643,0.0,BTC-26JUN20-3000-C,8107.18,0.0,0.641,10.0,0.658,10.0,106.92,2.55774,-0.6623,12.67005,1e-05,0.98159
8277.17,BTC-27MAR20,1578913140486,open,1.43,5.2,1.3705,1.4835,1.42209935,98.33,2.035,0.0,BTC-27MAR20-20000-P,8107.18,0.0,0.0,0.0,0.0,0.0,0.0,3.08428,-2.05257,-39.93896,2e-05,-0.9619
8277.17,BTC-27MAR20,1578913140485,open,0.0,866.2,0.0005,0.0105,0.00020863,110.0,0.001,0.0,BTC-27MAR20-40000-C,8107.18,118.32,0.0005,28.8,0.001,35.0,126.21,0.19958,-0.14858,0.02436,0.0,0.00166
8277.17,BTC-27MAR20,1578913140486,open,2.88,0.0,2.7905,2.95,2.86701971,110.72,None,0.0,BTC-27MAR20-32000-P,8107.18,0.0,0.001,1.0,0.0,0.0,0.0,0.71098,-0.5328,-64.66929,0.0,-0.99316
8431.77,BTC-26JUN20,1578913140487,open,0.06,382.6,0.0345,0.0945,0.05941254,73.36,0.06,0.0,BTC-26JUN20-6000-P,8107.18,72.83,0.0585,0.7,0.0595,0.1,73.41,14.58066,-3.2439,-8.90853,6e-05,-0.17448
8277.17,BTC-27MAR20,1578913140487,open,0.4,1.1,0.388,0.427,0.40535017,78.6,0.4155,0.0,BTC-27MAR20-5000-C,8107.18,48.2,0.3965,15.1,0.4185,15.0,99.88,4.11569,-2.18951,9.04823,4e-05,0.94545
8431.77,BTC-26JUN20,1578913140487,open,1.64,0.0,1.5675,1.7135,1.6325457,90.54,None,0.0,BTC-26JUN20-22000-P,8107.18,0.0,0.11,1.0,2.22,0.1,339.97,10.07146,-2.76544,-96.392,3e-05,-0.89826
8431.77,BTC-26JUN20,1578913140487,open,0.0,165.8,0.0005,0.0145,0.00473404,85.41,0.007,0.0,BTC-26JUN20-3000-P,8107.18,82.87,0.004,32.0,0.0055,28.3,87.82,2.55997,-0.66306,-0.88237,1e-05,-0.01843
8132.04,SYN.BTC-24JAN20,1578913140485,open,0.07,7.5,0.0435,0.098,0.06574508,55.44,0.0585,0.0,BTC-24JAN20-8500-P,8107.18,0.0,0.04,7.0,0.0855,7.0,85.56,5.13878,-13.09676,-1.76044,0.00047,-0.66079
8277.17,BTC-27MAR20,1578913140486,open,0.0,156.6,0.0005,0.0105,0.00090332,110.0,0.001,0.0,BTC-27MAR20-32000-C,8107.18,111.14,0.001,23.0,0.0015,16.4,115.99,0.67749,-0.50438,0.09337,0.0,0.00648
8277.17,BTC-27MAR20,1578913140487,open,0.18,125.9,0.141,0.225,0.17924111,70.25,0.173,0.0,BTC-27MAR20-9000-P,8107.18,68.43,0.176,10.4,0.1845,24.6,73.2,14.77121,-7.02329,-12.09222,0.00015,-0.54256
8212.57,SYN.BTC-28FEB20,1578913140485,open,0.04,106.4,0.0195,0.067,0.03925001,64.77,0.0415,0.0,BTC-28FEB20-9500-C,8107.18,63.35,0.0375,28.8,0.0405,31.8,65.78,10.14996,-7.16543,2.70965,0.00018,0.30176
8115.93,SYN.BTC-17JAN20,1578913140485,open,0.0,187.8,0.0005,0.0105,0.00023912,104.6,0.0005,0.0,BTC-17JAN20-6250-P,8107.18,0.0,0.0,0.0,0.0005,1.6,114.97,0.15494,-1.94067,-0.0059,2e-05,-0.00661
8431.77,BTC-26JUN20,1578913140488,open,0.54,0.5,0.522,0.5585,0.53781907,77.88,0.589,0.0,BTC-26JUN20-4000-C,8107.18,58.24,0.5285,9.0,0.5525,9.0,96.6,5.4538,-1.28804,15.85668,2e-05,0.95414
8148.14,SYN.BTC-31JAN20,1578913140486,open,0.13,14.0,0.0945,0.153,0.12178699,58.45,0.1165,0.0,BTC-31JAN20-9000-P,8107.18,55.82,0.12,2.0,0.1325,17.3,73.1,5.61459,-9.17929,-3.51598,0.0003,-0.7593
8277.17,BTC-27MAR20,1578913140488,open,0.0,296.9,0.0005,0.0105,0.00042614,110.0,0.001,0.0,BTC-27MAR20-36000-C,8107.18,111.57,0.0005,23.6,0.001,18.4,119.15,0.36453,-0.27139,0.04704,0.0,0.00323
8115.93,SYN.BTC-17JAN20,1578913140485,open,0.0,364.6,0.0005,0.0115,0.00171575,69.94,0.0015,0.0,BTC-17JAN20-7250-P,8107.18,67.98,0.0015,13.4,0.002,16.0,72.33,0.92537,-8.34964,-0.04856,0.00019,-0.05463
8557.73,SYN.BTC-25SEP20,1578913140485,open,0.03,49.5,0.0135,0.078,0.03497099,91.76,0.034,0.0,BTC-25SEP20-28000-C,8107.18,90.28,0.0325,9.0,0.0375,18.8,93.21,14.60613,-2.61885,5.29688,3e-05,0.12326
8277.17,BTC-27MAR20,1578913140488,open,3.85,1.0,3.738,3.9325,3.83285412,112.77,4.54,0.0,BTC-27MAR20-40000-P,8107.18,0.0,0.0005,2.0,0.0,0.0,0.0,0.2549,-0.19455,-80.92797,0.0,-0.99782
8148.14,SYN.BTC-31JAN20,1578913140485,open,0.0,633.0,0.0005,0.0115,0.00152169,83.96,0.0015,0.0,BTC-31JAN20-12000-C,8107.18,79.08,0.001,78.0,0.002,30.5,87.55,0.99225,-2.33033,0.08679,4e-05,0.02327
8212.57,SYN.BTC-28FEB20,1578913140485,open,0.05,186.3,0.0275,0.078,0.04892835,63.29,0.0505,0.0,BTC-28FEB20-7500-P,8107.18,61.73,0.047,37.3,0.0505,27.5,64.56,10.16386,-7.01081,-3.62935,0.00019,-0.30268
8212.57,SYN.BTC-28FEB20,1578913140485,open,0.01,138.2,0.0005,0.0175,0.00634608,75.33,0.006,0.0,BTC-28FEB20-5500-P,8107.18,72.97,0.0055,63.5,0.0065,13.5,75.74,3.05298,-2.50655,-0.59245,5e-05,-0.05105
8148.14,SYN.BTC-31JAN20,1578913140485,open,0.48,0.0,0.4445,0.5085,0.47424824,83.95,None,0.0,BTC-31JAN20-12000-P,8107.18,0.0,0.0,0.0,0.0,0.0,0.0,0.99152,-2.32821,-5.79023,4e-05,-0.97675
8212.57,SYN.BTC-28FEB20,1578913140485,open,0.02,352.5,0.007,0.0375,0.01807493,67.03,0.0195,0.0,BTC-28FEB20-6500-P,8107.18,65.62,0.017,37.8,0.019,43.0,68.23,6.32267,-4.61933,-1.58043,0.00011,-0.13504
8212.57,SYN.BTC-28FEB20,1578913140485,open,0.13,73.2,0.108,0.167,0.13571133,63.3,0.141,0.0,BTC-28FEB20-7500-C,8107.18,53.71,0.124,22.4,0.139,30.4,65.95,10.16419,-7.01256,5.79676,0.00019,0.6973
8148.14,SYN.BTC-31JAN20,1578913140487,open,0.36,0.0,0.3245,0.386,0.35292273,76.13,None,0.0,BTC-31JAN20-11000-P,8107.18,0.0,0.0025,1.0,0.0,0.0,0.0,1.7047,-3.63023,-5.21987,7e-05,-0.95515
8132.04,SYN.BTC-24JAN20,1578913140485,open,0.15,0.0,0.118,0.173,0.14355409,61.23,None,0.0,BTC-24JAN20-9250-P,8107.18,0.0,0.0,0.0,0.0,0.0,0.0,2.83774,-7.98761,-2.47574,0.00024,-0.87819
8148.14,SYN.BTC-31JAN20,1578913140487,open,0.26,51.3,0.2495,0.2845,0.26579379,77.36,0.2615,0.0,BTC-31JAN20-6000-C,8107.18,0.0,0.2505,8.0,0.276,8.0,115.66,1.2447,-2.69338,2.80805,5e-05,0.96947
8115.93,SYN.BTC-17JAN20,1578913140485,open,0.0,268.1,0.0005,0.0105,0.00072073,89.57,0.0005,0.0,BTC-17JAN20-6750-P,8107.18,84.74,0.0005,18.8,0.001,78.0,94.5,0.41419,-4.78627,-0.01832,7e-05,-0.02054
8115.93,SYN.BTC-17JAN20,1578913140485,open,0.02,320.1,0.0035,0.04,0.01541016,53.45,0.0155,0.0,BTC-17JAN20-8000-P,8107.18,52.41,0.015,0.1,0.016,26.2,54.94,3.20015,-22.06596,-0.34626,0.00086,-0.38638
8132.04,SYN.BTC-24JAN20,1578913140485,open,0.24,0.0,0.2065,0.2625,0.23216936,70.47,None,0.0,BTC-24JAN20-10000-P,8107.18,0.0,0.0,0.0,0.0,0.0,0.0,1.46183,-4.73623,-2.86298,0.00011,-0.94939
8557.73,SYN.BTC-25SEP20,1578913140484,open,0.36,3.1,0.302,0.4295,0.35991751,75.16,0.35,0.0,BTC-25SEP20-10000-P,8107.18,63.65,0.3215,4.0,0.393,4.0,85.12,28.52055,-4.18865,-49.9828,7e-05,-0.47324
8212.57,SYN.BTC-28FEB20,1578913140485,open,0.17,32.1,0.152,0.207,0.17778698,64.52,0.1795,0.0,BTC-28FEB20-7000-C,8107.18,51.14,0.165,21.3,0.185,29.3,71.45,8.34775,-5.86987,6.33833,0.00015,0.79184
8148.14,SYN.BTC-31JAN20,1578913140485,open,0.1,551.8,0.075,0.1245,0.09882686,58.05,0.1025,0.0,BTC-31JAN20-7500-C,8107.18,0.0,0.0755,15.0,0.1035,20.0,64.72,5.59331,-9.08227,2.64228,0.0003,0.76097
8557.73,SYN.BTC-25SEP20,1578913140485,open,1.86,0.0,1.771,1.9465,1.84909213,88.73,None,0.0,BTC-25SEP20-24000-P,8107.18,0.0,0.0,0.0,0.0,0.0,0.0,17.0495,-2.95612,-161.64441,4e-05,-0.84533
8557.73,SYN.BTC-25SEP20,1578913140485,open,0.04,13.0,0.019,0.0915,0.04462259,88.74,0.0465,0.0,BTC-25SEP20-24000-C,8107.18,87.4,0.042,9.6,0.0475,10.0,90.16,17.0518,-2.95674,6.60371,4e-05,0.1547
8115.93,SYN.BTC-17JAN20,1578913140485,open,0.15,0.0,0.118,0.169,0.14143862,76.56,None,0.0,BTC-17JAN20-9250-P,8107.18,0.0,0.0,0.0,0.0,0.0,0.0,0.90051,-8.89434,-0.93818,0.00017,-0.94722
8212.57,SYN.BTC-28FEB20,1578913140484,open,0.36,0.0,0.322,0.3975,0.35649992,70.38,None,0.0,BTC-28FEB20-11000-P,8107.18,0.0,0.0,0.0,0.0,0.0,0.0,6.7178,-5.15284,-12.47771,0.00011,-0.85233
8132.04,SYN.BTC-24JAN20,1578913140485,open,0.18,0.0,0.147,0.202,0.17252284,64.0,None,0.0,BTC-24JAN20-9500-P,8107.18,0.0,0.0,0.0,0.0,0.0,0.0,2.24496,-6.60569,-2.62744,0.00018,-0.91183
8132.04,SYN.BTC-24JAN20,1578913140485,open,0.0,150.5,0.0005,0.012,0.0024831,70.57,0.0035,0.0,BTC-24JAN20-10000-C,8107.18,67.73,0.002,100.0,0.003,80.1,73.29,1.46788,-4.76264,0.11726,0.00011,0.05087
8115.93,SYN.BTC-17JAN20,1578913140485,open,0.29,7.1,0.2775,0.3055,0.2915581,112.62,0.28,0.0,BTC-17JAN20-5750-C,8107.18,0.0,0.2805,8.0,0.2995,8.0,242.15,0.03409,-0.49523,0.60946,0.0,0.99877
8212.57,SYN.BTC-28FEB20,1578913140485,open,0.15,0.5,0.117,0.188,0.14970975,63.67,0.1545,0.0,BTC-28FEB20-9000-P,8107.18,42.81,0.1225,2.2,0.19,1.6,92.74,11.12811,-7.72205,-7.89499,0.00021,-0.61515
8557.73,SYN.BTC-25SEP20,1578913140485,open,0.28,5.0,0.223,0.341,0.27631173,74.03,0.275,0.0,BTC-25SEP20-9000-P,8107.18,67.66,0.2555,4.0,0.2885,9.0,77.79,27.84746,-4.02854,-41.14793,7e-05,-0.40958
8557.73,SYN.BTC-25SEP20,1578913140485,open,0.45,15.6,0.388,0.5225,0.44893276,75.98,0.45,0.0,BTC-25SEP20-11000-P,8107.18,64.05,0.4095,3.0,0.482,3.0,85.89,28.50118,-4.23145,-58.75984,7e-05,-0.53053
8212.57,SYN.BTC-28FEB20,1578913140484,open,0.02,249.3,0.006,0.0385,0.01711495,70.41,0.018,0.0,BTC-28FEB20-11000-C,8107.18,69.65,0.0165,2.0,0.0175,36.5,70.88,6.72176,-5.15812,1.34892,0.00011,0.1478
8212.57,SYN.BTC-28FEB20,1578913140485,open,0.39,0.0,0.38,0.413,0.39509447,81.49,None,0.0,BTC-28FEB20-5000-C,8107.18,0.0,0.391,9.2,0.405,9.0,108.59,2.05152,-1.82205,5.9209,3e-05,0.96871
151.75,SYN.ETH-25SEP20,1578913140489,open,0.41,0.0,0.326,0.478,0.401009,83.7,0.58,0.0,ETH-25SEP20-180-P,143.81,19.63,0.2,1.0,0.488,1.0,110.27,0.50399,-0.08243,-0.91327,0.00373,-0.4575
8212.57,SYN.BTC-28FEB20,1578913140485,open,0.01,120.2,0.001,0.0255,0.01052837,70.34,0.0115,0.0,BTC-28FEB20-6000-P,8107.18,69.35,0.01,24.0,0.011,14.5,71.2,4.46051,-3.41945,-0.96802,7e-05,-0.08325
8557.73,SYN.BTC-25SEP20,1578913140485,open,2.78,0.0,2.6775,2.8795,2.76799364,94.56,None,0.0,BTC-25SEP20-32000-P,8107.18,0.0,0.0,0.0,0.0,0.0,0.0,12.76027,-2.35771,-219.92917,3e-05,-0.89797
8557.73,SYN.BTC-25SEP20,1578913140484,open,0.55,0.5,0.483,0.624,0.54678741,77.93,0.6,0.0,BTC-25SEP20-12000-P,8107.18,0.0,0.05,0.5,0.618,0.1,99.37,28.06346,-4.27351,-67.36353,7e-05,-0.57608
8115.93,SYN.BTC-17JAN20,1578913140485,open,0.01,354.8,0.0005,0.026,0.00747475,57.28,0.008,0.0,BTC-17JAN20-8500-C,8107.18,55.73,0.007,17.6,0.008,0.5,58.96,2.51117,-18.55693,0.18787,0.00063,0.22547
8115.93,SYN.BTC-17JAN20,1578913140485,open,0.32,7.0,0.309,0.3355,0.32233687,117.01,0.3285,0.0,BTC-17JAN20-5500-C,8107.18,0.0,0.312,8.0,0.33,8.0,264.42,0.01502,-0.22677,0.58356,0.0,0.99949
8115.93,SYN.BTC-17JAN20,1578913140485,open,0.0,104.4,0.0005,0.0105,7.11e-06,110.0,0.0005,0.0,BTC-17JAN20-5500-P,8107.18,0.0,0.0,0.0,0.0005,21.6,163.81,0.00758,-0.05769,-0.00021,0.0,-0.00024
8148.14,SYN.BTC-31JAN20,1578913140485,open,0.42,0.0,0.3845,0.447,0.41337885,79.75,None,0.0,BTC-31JAN20-11500-P,8107.18,0.0,0.0,0.0,0.0,0.0,0.0,1.26572,-2.82325,-5.51581,5e-05,-0.96885
8115.93,SYN.BTC-17JAN20,1578913140485,open,0.26,0.1,0.246,0.2765,0.26083898,110.99,0.26,0.0,BTC-17JAN20-6000-C,8107.18,0.0,0.2505,7.0,0.269,7.0,220.31,0.08752,-1.25317,0.63399,1e-05,0.99652
8132.04,SYN.BTC-24JAN20,1578913140485,open,0.2,0.1,0.185,0.2225,0.20265231,74.99,0.16,0.0,BTC-24JAN20-6500-C,8107.18,0.0,0.1865,7.0,0.214,7.0,120.51,1.11753,-3.85255,1.84406,8e-05,0.9637
8148.14,SYN.BTC-31JAN20,1578913140486,open,0.32,27.4,0.3115,0.342,0.32598606,84.52,0.291,0.0,BTC-31JAN20-5500-C,8107.18,0.0,0.3135,8.0,0.3345,8.0,130.83,0.64679,-1.529,2.63346,2e-05,0.98592
8148.14,SYN.BTC-31JAN20,1578913140487,open,0.2,51.2,0.1875,0.2275,0.20651215,69.25,0.17,0.0,BTC-31JAN20-6500-C,8107.18,0.0,0.202,18.0,0.2195,7.0,103.12,2.15973,-4.18329,2.92532,0.0001,0.93958
8115.93,SYN.BTC-17JAN20,1578913140485,open,0.16,97.8,0.1515,0.1885,0.16903453,89.8,0.161,0.0,BTC-17JAN20-6750-C,8107.18,0.0,0.1545,6.8,0.1795,5.4,166.15,0.41838,-4.84696,0.69819,7e-05,0.97921
8212.57,SYN.BTC-28FEB20,1578913140485,open,0.22,11.5,0.2035,0.253,0.22662018,67.05,0.2235,0.0,BTC-28FEB20-6500-C,8107.18,0.0,0.202,12.0,0.2465,11.0,89.9,6.3244,-4.62192,6.5885,0.00011,0.86491
151.75,SYN.ETH-25SEP20,1578913140490,open,0.26,178.0,0.195,0.313,0.255053,83.72,0.267,0.0,ETH-25SEP20-160-C,143.81,84.64,0.258,621.0,0.271,120.0,88.7,0.48807,-0.07985,0.3758,0.00361,0.60831
8115.93,SYN.BTC-17JAN20,1578913140485,open,0.24,0.0,0.2085,0.262,0.23289661,97.22,None,0.0,BTC-17JAN20-10000-P,8107.18,0.0,0.0,0.0,0.0,0.0,0.0,0.42194,-5.29241,-1.04439,6e-05,-0.979
8212.57,SYN.BTC-28FEB20,1578913140485,open,0.03,170.1,0.013,0.055,0.02935414,66.59,0.03,0.0,BTC-28FEB20-10000-C,8107.18,65.35,0.028,37.0,0.03,34.4,67.18,8.98862,-6.52383,2.1431,0.00016,0.23698
8115.93,SYN.BTC-17JAN20,1578913140485,open,0.03,349.5,0.012,0.056,0.02970799,53.48,0.0295,0.0,BTC-17JAN20-8000-C,8107.18,51.69,0.029,0.2,0.0305,1.3,55.49,3.20029,-22.08141,0.50315,0.00086,0.61356
8557.73,SYN.BTC-25SEP20,1578913140484,open,0.06,148.0,0.029,0.1115,0.06024087,85.37,0.064,0.0,BTC-25SEP20-20000-C,8107.18,84.42,0.058,1.0,0.0625,9.9,86.32,20.25136,-3.3783,8.57637,5e-05,0.2032
8115.93,SYN.BTC-17JAN20,1578913140485,open,0.18,0.0,0.148,0.1995,0.17163213,81.8,None,0.0,BTC-17JAN20-9500-P,8107.18,0.0,0.0045,0.1,0.0,0.0,0.0,0.63006,-6.64933,-0.98044,0.00011,-0.96606
8132.04,SYN.BTC-24JAN20,1578913140485,open,0.0,79.7,0.0005,0.011,0.00122365,79.05,0.001,0.0,BTC-24JAN20-6250-P,8107.18,76.51,0.001,25.0,0.0015,0.6,81.82,0.76202,-2.76941,-0.05845,5e-05,-0.0229
8115.93,SYN.BTC-17JAN20,1578913140485,open,0.06,68.5,0.032,0.082,0.0547833,57.23,0.078,0.0,BTC-17JAN20-8500-P,8107.18,45.78,0.0515,10.1,0.059,9.3,70.12,2.5099,-18.53214,-0.71486,0.00063,-0.77473
8148.14,SYN.BTC-31JAN20,1578913140488,open,0.0,1060.3,0.0005,0.012,0.00215707,77.36,0.0022,0.0,BTC-31JAN20-6000-P,8107.18,76.3,0.002,1.7,0.0025,11.0,79.51,1.2444,-2.69254,-0.13038,5e-05,-0.03052
8212.57,SYN.BTC-28FEB20,1578913140485,open,0.33,0.0,0.3195,0.357,0.3366536,75.36,None,0.0,BTC-28FEB20-5500-C,8107.18,0.0,0.33,9.1,0.3495,9.0,101.12,3.05603,-2.51017,6.31954,5e-05,0.94889
8132.04,SYN.BTC-24JAN20,1578913140485,open,0.23,0.0,0.216,0.251,0.23265892,79.06,None,0.0,BTC-24JAN20-6250-C,8107.18,0.0,0.2225,7.0,0.243,7.0,129.84,0.76223,-2.7704,1.80381,5e-05,0.97709
8115.93,SYN.BTC-17JAN20,1578913140485,open,0.09,3.2,0.0585,0.109,0.08221013,62.87,0.077,0.0,BTC-17JAN20-8750-P,8107.18,0.0,0.0465,3.0,0.139,1.4,222.67,1.76447,-14.31139,-0.82102,0.0004,-0.8705
8115.93,SYN.BTC-17JAN20,1578913140485,open,0.1,98.8,0.089,0.1295,0.10842316,70.05,0.1085,0.0,BTC-17JAN20-7250-C,8107.18,0.0,0.091,6.8,0.1115,1.0,90.3,0.92892,-8.39481,0.72103,0.00019,0.94511
8557.73,SYN.BTC-25SEP20,1578913140485,open,2.32,0.0,2.223,2.411,2.30685213,91.75,None,0.0,BTC-25SEP20-28000-P,8107.18,0.0,0.0,0.0,0.0,0.0,0.0,14.60288,-2.61801,-190.99274,3e-05,-0.87678
8212.57,SYN.BTC-28FEB20,1578913140485,open,0.25,0.0,0.2125,0.2875,0.24697684,66.57,None,0.0,BTC-28FEB20-10000-P,8107.18,0.0,0.0,0.0,0.0,0.0,0.0,8.9867,-6.5204,-10.42629,0.00016,-0.76312
8212.57,SYN.BTC-28FEB20,1578913140485,open,0.11,63.2,0.079,0.146,0.10930719,63.19,0.1415,0.0,BTC-28FEB20-8500-P,8107.18,58.01,0.102,21.9,0.1185,24.2,69.69,11.60538,-7.99256,-6.46039,0.00022,-0.51657
8132.04,SYN.BTC-24JAN20,1578913140486,open,0.17,0.1,0.154,0.1935,0.17264203,68.74,0.13,0.0,BTC-24JAN20-6750-C,8107.18,0.0,0.1695,0.1,0.1855,7.0,111.67,1.48519,-4.69324,1.87963,0.00011,0.94837
8557.73,SYN.BTC-25SEP20,1578913140484,open,0.96,1.0,0.8885,1.0425,0.95722478,81.48,0.99,0.0,BTC-25SEP20-16000-P,8107.18,65.1,0.915,0.1,1.35,0.1,204.36,24.21358,-3.85525,-100.48463,6e-05,-0.71774
8115.93,SYN.BTC-17JAN20,1578913140486,open,0.0,180.7,0.0005,0.0105,3.153e-05,110.0,0.001,0.0,BTC-17JAN20-5750-P,8107.18,0.0,0.0,0.0,0.0005,22.6,146.97,0.02756,-0.2559,-0.00087,0.0,-0.00098
8115.93,SYN.BTC-17JAN20,1578913140486,open,0.12,0.0,0.088,0.1395,0.11171231,71.25,None,0.0,BTC-17JAN20-9000-P,8107.18,0.0,0.067,1.0,0.0,0.0,0.0,1.30238,-11.97081,-0.88472,0.00026,-0.91491
8557.73,SYN.BTC-25SEP20,1578913140485,open,0.27,33.6,0.2235,0.324,0.26938947,74.03,0.276,0.0,BTC-25SEP20-8000-C,8107.18,73.91,0.269,8.3,0.2795,22.9,77.34,26.18645,-3.78834,23.56952,7e-05,0.66227
8115.93,SYN.BTC-17JAN20,1578913140486,open,0.2,6.4,0.183,0.218,0.19959302,99.31,0.185,0.0,BTC-17JAN20-6500-C,8107.18,0.0,0.186,6.2,0.209,5.6,183.05,0.28335,-3.63022,0.67841,4e-05,0.98682
8115.93,SYN.BTC-17JAN20,1578913140485,open,0.13,116.7,0.12,0.158,0.13827167,75.14,0.142,0.0,BTC-17JAN20-7000-C,8107.18,0.0,0.123,6.8,0.15,5.4,148.14,0.49923,-4.83931,0.72052,9e-05,0.97436
8557.73,SYN.BTC-25SEP20,1578913140485,open,1.18,0.8,1.104,1.263,1.17473024,83.31,1.135,0.0,BTC-25SEP20-18000-P,8107.18,47.31,1.11,0.1,1.37,0.1,145.89,22.10386,-3.59855,-116.26953,5e-05,-0.76335
8212.57,SYN.BTC-28FEB20,1578913140485,open,0.28,0.3,0.26,0.303,0.27995475,70.36,0.1885,0.0,BTC-28FEB20-6000-C,8107.18,46.75,0.271,13.0,0.296,12.0,94.44,4.46301,-3.42259,6.57241,7e-05,0.91669
8115.93,SYN.BTC-17JAN20,1578913140485,open,0.23,7.1,0.2145,0.247,0.2301593,105.15,0.205,0.0,BTC-17JAN20-6250-C,8107.18,0.0,0.2205,7.0,0.239,7.0,201.89,0.15982,-2.16803,0.65753,2e-05,0.99315
8148.14,SYN.BTC-31JAN20,1578913140486,open,0.15,336.3,0.1285,0.174,0.15002597,63.17,0.152,0.0,BTC-31JAN20-7000-C,8107.18,37.98,0.142,15.0,0.1645,15.0,89.94,3.68637,-6.51347,2.89793,0.00018,0.87623
8115.93,SYN.BTC-17JAN20,1578913140485,open,0.0,497.3,0.0005,0.0105,0.00047603,98.99,0.0005,0.0,BTC-17JAN20-6500-P,8107.18,0.0,0.0,0.0,0.001,70.9,110.73,0.27901,-3.56302,-0.01157,4e-05,-0.01295
8557.73,SYN.BTC-25SEP20,1578913140484,open,0.07,23.1,0.037,0.125,0.071418,83.33,0.074,0.0,BTC-25SEP20-18000-C,8107.18,82.0,0.068,20.3,0.075,9.7,84.71,22.10906,-3.60023,9.91882,5e-05,0.23675
8557.73,SYN.BTC-25SEP20,1578913140485,open,1.41,0.7,1.324,1.489,1.39725447,85.35,1.45,0.0,BTC-25SEP20-20000-P,8107.18,59.03,1.35,0.1,1.55,0.1,136.97,20.24423,-3.37618,-131.63335,5e-05,-0.79692
8115.93,SYN.BTC-17JAN20,1578913140485,open,0.21,0.0,0.178,0.23,0.20209494,87.32,None,0.0,BTC-17JAN20-9750-P,8107.18,0.0,0.0,0.0,0.0,0.0,0.0,0.45715,-5.14953,-1.01604,7e-05,-0.97691
8557.73,SYN.BTC-25SEP20,1578913140485,open,0.75,1.0,0.68,0.8285,0.74663248,79.67,0.7215,0.0,BTC-25SEP20-14000-P,8107.18,69.03,0.715,0.1,1.05,0.1,172.8,26.34081,-4.10077,-84.20882,6e-05,-0.65703
8115.93,SYN.BTC-17JAN20,1578913140487,open,0.0,174.0,0.0005,0.0105,0.00011561,110.0,0.0005,0.0,BTC-17JAN20-6000-P,8107.18,0.0,0.0,0.0,0.0005,26.1,130.71,0.08217,-0.93828,-0.0029,1e-05,-0.00325
8132.04,SYN.BTC-24JAN20,1578913140485,open,0.09,17.9,0.067,0.115,0.08908329,57.95,0.0775,0.0,BTC-24JAN20-7500-C,8107.18,36.26,0.0805,15.0,0.0995,15.0,78.05,3.87284,-10.31836,1.73417,0.00034,0.80478
8148.14,SYN.BTC-31JAN20,1578913140487,open,0.3,0.0,0.2645,0.3255,0.29267188,71.12,None,0.0,BTC-31JAN20-10500-P,8107.18,0.0,0.0,0.0,0.0,0.0,0.0,2.22307,-4.42225,-4.90823,0.0001,-0.9373
8148.14,SYN.BTC-31JAN20,1578913140495,open,0.38,18.4,0.374,0.4015,0.38710244,98.49,0.295,0.0,BTC-31JAN20-5000-C,8107.18,0.0,0.376,9.0,0.394,9.0,148.16,0.45516,-1.25386,2.40828,1e-05,0.9906
8132.04,SYN.BTC-24JAN20,1578913140485,open,0.21,0.0,0.1765,0.232,0.20220721,67.38,None,0.0,BTC-24JAN20-9750-P,8107.18,0.0,0.0,0.0,0.0,0.0,0.0,1.8126,-5.61479,-2.75177,0.00014,-0.93345
8557.73,SYN.BTC-25SEP20,1578913140486,open,0.03,0.0,0.01,0.0685,0.02877187,94.62,None,0.0,BTC-25SEP20-32000-C,8107.18,93.06,0.0265,8.8,0.031,20.5,96.08,12.78129,-2.36308,4.40874,3e-05,0.10226
145.47,SYN.ETH-28FEB20,1578913140634,open,0.45,0.0,0.435,0.476,0.454839,99.51,None,0.0,ETH-28FEB20-80-C,143.81,0.0,0.45,1.0,0.461,43.0,119.21,0.03572,-0.03874,0.09407,0.00135,0.96935
151.75,SYN.ETH-25SEP20,1578913141081,open,0.05,0.0,0.019,0.098,0.050522,102.52,None,0.0,ETH-25SEP20-520-C,143.81,100.75,0.047,845.0,0.055,950.0,104.7,0.30571,-0.06125,0.1136,0.00185,0.15731
151.75,SYN.ETH-25SEP20,1578913141081,open,2.5,0.0,2.349,2.621,2.477061,102.41,None,0.0,ETH-25SEP20-520-P,143.81,0.0,0.0,0.0,0.0,0.0,0.0,0.30508,-0.06105,-3.53204,0.00185,-0.84319
146.48,ETH-27MAR20,1578913141226,open,0.01,1012.0,0.002,0.026,0.011298,95.57,0.015,0.0,ETH-27MAR20-80-P,143.81,92.81,0.01,560.0,0.013,645.0,99.0,0.07058,-0.04566,-0.01889,0.0017,-0.05243
149.52,ETH-26JUN20,1578913141232,open,0.39,1.0,0.358,0.438,0.398598,86.59,0.38,0.0,ETH-26JUN20-100-C,143.81,64.84,0.365,48.0,0.426,48.0,102.67,0.2475,-0.06499,0.29609,0.00283,0.83699
149.52,ETH-26JUN20,1578913141630,open,0.31,321.0,0.265,0.359,0.312804,83.63,0.314,0.0,ETH-26JUN20-120-C,143.81,68.13,0.28,48.0,0.319,180.0,86.53,0.3198,-0.08111,0.29482,0.00379,0.74931
151.75,SYN.ETH-25SEP20,1578913141761,open,1.73,0.0,1.598,1.833,1.709363,97.99,None,0.0,ETH-25SEP20-400-P,143.81,0.0,0.0,0.0,0.0,0.0,0.0,0.3765,-0.07209,-2.64782,0.00238,-0.77969
151.75,SYN.ETH-25SEP20,1578913141761,open,1.22,0.0,1.108,1.321,1.210233,94.47,None,0.0,ETH-25SEP20-320-P,143.81,0.0,0.0,0.0,0.0,0.0,0.0,0.43626,-0.08054,-2.04067,0.00286,-0.70807
151.75,SYN.ETH-25SEP20,1578913141761,open,1.98,0.0,1.847,2.095,1.963825,99.71,None,0.0,ETH-25SEP20-440-P,143.81,0.0,0.0,0.0,0.0,0.0,0.0,0.35084,-0.06835,-2.94491,0.00218,-0.8045
151.75,SYN.ETH-25SEP20,1578913141763,open,1.47,0.0,1.351,1.575,1.457409,96.12,None,0.0,ETH-25SEP20-360-P,143.81,0.0,0.0,0.0,0.0,0.0,0.0,0.40466,-0.076,-2.34707,0.00261,-0.74893
144.2,SYN.ETH-24JAN20,1578913141897,open,0.03,892.0,0.009,0.057,0.030484,68.28,0.034,0.0,ETH-24JAN20-150-C,143.81,66.03,0.029,650.0,0.032,265.0,70.56,0.0956,-0.3001,0.01551,0.0226,0.39144
149.52,ETH-26JUN20,1578913141941,open,0.31,321.0,0.265,0.359,0.312804,83.63,0.314,0.0,ETH-26JUN20-120-C,143.81,67.65,0.279,48.0,0.319,180.0,86.53,0.3198,-0.08111,0.29482,0.00379,0.74931
146.48,ETH-27MAR20,1578913142107,open,0.55,30.0,0.48,0.607,0.540907,88.8,0.554,0.0,ETH-27MAR20-220-P,143.81,0.0,0.498,18.0,0.582,18.0,117.24,0.18809,-0.11304,-0.39557,0.00488,-0.79343
146.47,ETH-27MAR20,1578913142145,open,2.3,0.0,2.183,2.39,2.280954,116.86,None,0.0,ETH-27MAR20-480-P,143.81,0.0,0.004,50.0,0.0,0.0,0.0,0.03595,-0.02843,-0.96582,0.00071,-0.97697
146.47,ETH-27MAR20,1578913142156,open,0.46,20.0,0.442,0.489,0.465149,95.65,0.613,0.0,ETH-27MAR20-80-C,143.81,50.14,0.454,44.0,0.473,44.0,109.97,0.07071,-0.04578,0.14298,0.0017,0.94745
146.47,ETH-27MAR20,1578913142158,open,1.48,7.0,1.389,1.555,1.466789,107.19,1.702,0.0,ETH-27MAR20-360-P,143.81,0.0,0.01,30.0,0.0,0.0,0.0,0.07034,-0.05103,-0.71581,0.00151,-0.94779
146.47,ETH-27MAR20,1578913142162,open,0.16,682.0,0.12,0.205,0.163582,80.44,0.163,0.0,ETH-27MAR20-140-C,143.81,78.93,0.161,20.0,0.167,700.0,82.43,0.25088,-0.13658,0.13534,0.00718,0.62012
149.51,ETH-26JUN20,1578913142162,open,0.16,3191.0,0.113,0.222,0.167123,88.26,0.164,0.0,ETH-26JUN20-180-C,143.81,83.74,0.155,452.0,0.164,650.0,87.1,0.40083,-0.10729,0.22043,0.0045,0.49352
146.47,ETH-27MAR20,1578913142162,open,0.01,1666.0,0.002,0.031,0.0118,101.55,0.012,0.0,ETH-27MAR20-320-C,143.81,100.19,0.011,240.0,0.013,675.0,103.5,0.08764,-0.06024,0.017,0.00199,0.06915
149.51,ETH-26JUN20,1578913142175,open,0.12,2035.0,0.073,0.162,0.115372,83.62,0.114,0.0,ETH-26JUN20-120-P,143.81,82.51,0.113,5.0,0.119,650.0,85.32,0.31981,-0.0811,-0.24724,0.00379,-0.25072
146.47,ETH-27MAR20,1578913142175,open,0.03,1621.0,0.011,0.051,0.027591,86.65,0.034,0.0,ETH-27MAR20-100-P,143.81,84.86,0.026,560.0,0.03,324.0,89.28,0.13198,-0.0774,-0.04381,0.00351,-0.1202
146.47,ETH-27MAR20,1578913142177,open,2.85,0.0,2.713,2.949,2.825204,118.24,None,0.0,ETH-27MAR20-560-P,143.81,0.0,0.02,50.0,0.0,0.0,0.0,0.02067,-0.01654,-1.13042,0.0004,-0.98794
146.47,ETH-27MAR20,1578913142177,open,0.43,1147.0,0.359,0.481,0.417871,85.42,0.645,0.0,ETH-27MAR20-200-P,143.81,0.0,0.365,1.0,1.063,1.0,500.0,0.21713,-0.12552,-0.34084,0.00585,-0.73186
149.51,ETH-26JUN20,1578913142234,open,1.21,0.0,1.105,1.291,1.193076,95.68,1.06,0.0,ETH-26JUN20-320-P,143.81,0.0,0.015,2.0,0.0,0.0,0.0,0.27652,-0.08023,-1.34983,0.00286,-0.80561
144.45,SYN.ETH-31JAN20,1578913142232,open,0.54,1.0,0.479,0.577,0.525557,97.52,0.739,0.0,ETH-31JAN20-220-P,143.81,0.0,0.011,3.0,0.0,0.0,0.0,0.02341,-0.06387,-0.10561,0.00235,-0.96721
146.47,ETH-27MAR20,1578913142236,open,1.76,5.0,1.653,1.831,1.736908,109.23,2.004,0.0,ETH-27MAR20-400-P,143.81,0.0,0.046,50.0,0.0,0.0,0.0,0.05215,-0.03855,-0.80068,0.0011,-0.96396
146.47,ETH-27MAR20,1578913142240,open,3.13,0.0,2.977,3.229,3.097616,117.4,None,0.0,ETH-27MAR20-600-P,143.81,0.0,0.03,50.0,0.0,0.0,0.0,0.01456,-0.01157,-1.21236,0.00029,-0.99193
149.51,ETH-26JUN20,1578913142243,open,0.19,1310.0,0.13,0.24,0.183696,83.55,0.182,0.0,ETH-26JUN20-140-P,143.81,81.25,0.178,423.0,0.189,650.0,85.69,0.37038,-0.09384,-0.35732,0.00439,-0.34539
146.47,ETH-27MAR20,1578913142243,open,3.4,0.0,3.243,3.509,3.370243,116.13,None,0.0,ETH-27MAR20-640-P,143.81,0.0,0.01,50.0,0.0,0.0,0.0,0.00989,-0.00777,-1.29403,0.0002,-0.99479
8431.74,BTC-26JUN20,1578913142499,open,0.01,52.0,0.004,0.041,0.01448852,96.78,0.019,0.0,BTC-26JUN20-28000-C,8107.47,94.96,0.013,46.7,0.0155,9.1,97.95,7.12166,-2.09013,1.89563,2e-05,0.06426
8277.09,BTC-27MAR20,1578913142499,open,0.09,1562.9,0.061,0.1305,0.09189417,70.24,0.0975,0.0,BTC-27MAR20-9000-C,8107.47,68.9,0.0895,1.0,0.0925,28.0,70.58,14.77093,-7.02231,6.12342,0.00015,0.45741
8432.03,BTC-26JUN20,1578913142500,open,0.01,503.9,0.0025,0.0275,0.01222373,77.89,0.014,0.0,BTC-26JUN20-4000-P,8107.47,76.76,0.0115,29.7,0.013,10.4,79.08,5.45559,-1.28872,-2.21292,2e-05,-0.04588
8277.09,BTC-27MAR20,1578913142500,open,0.02,706.8,0.01,0.045,0.02295605,71.86,0.0225,0.0,BTC-27MAR20-6000-P,8107.47,70.82,0.022,24.0,0.0245,78.4,73.52,7.60876,-3.70074,-2.45654,8e-05,-0.12368
8277.09,BTC-27MAR20,1578913142500,open,2.16,0.0,2.08,2.216,2.1436817,107.32,None,0.0,BTC-27MAR20-26000-P,8107.47,0.0,0.0,0.0,0.0,0.0,0.0,1.53919,-1.11795,-52.38706,1e-05,-0.98339
8432.03,BTC-26JUN20,1578913142500,open,0.35,25.9,0.316,0.3855,0.34781339,73.35,0.3185,0.0,BTC-26JUN20-6000-C,8107.47,62.04,0.329,19.4,0.3755,11.0,88.82,14.57933,-3.2431,18.19635,6e-05,0.82555
8432.03,BTC-26JUN20,1578913142500,open,0.04,311.5,0.0145,0.074,0.03559952,85.49,0.038,0.0,BTC-26JUN20-18000-C,8107.47,84.13,0.0335,18.2,0.0375,26.9,86.68,13.2662,-3.43923,4.39164,5e-05,0.1509
8277.09,BTC-27MAR20,1578913142500,open,2.4,0.0,2.317,2.461,2.38479394,109.79,None,0.0,BTC-27MAR20-28000-P,8107.47,0.0,0.0,0.0,0.0,0.0,0.0,1.26244,-0.93805,-56.48364,1e-05,-0.98681
8277.09,BTC-27MAR20,1578913142501,open,0.06,1535.7,0.034,0.096,0.06022978,71.39,0.0595,0.0,BTC-27MAR20-10000-C,8107.47,70.03,0.058,42.7,0.062,37.2,72.47,13.55468,-6.54959,4.59104,0.00014,0.33428
8277.38,BTC-27MAR20,1578913142501,open,2.64,0.0,2.5535,2.7055,2.62576261,110.8,None,0.0,BTC-27MAR20-30000-P,8107.47,0.0,0.0,0.0,0.0,0.0,0.0,0.97488,-0.73106,-60.57953,1e-05,-0.9902
8432.03,BTC-26JUN20,1578913142501,open,0.01,113.0,0.003,0.0385,0.01298269,98.93,0.013,0.0,BTC-26JUN20-30000-C,8107.47,96.94,0.0115,29.8,0.014,8.9,100.22,6.52694,-1.95818,1.69469,2e-05,0.05748
8432.03,BTC-26JUN20,1578913142501,open,0.03,1012.5,0.0105,0.064,0.02873021,88.31,0.0285,0.0,BTC-26JUN20-20000-C,8107.47,87.03,0.027,30.6,0.03,27.5,89.23,11.55826,-3.09545,3.60406,4e-05,0.12335
8432.03,BTC-26JUN20,1578913142502,open,0.02,27.1,0.008,0.056,0.02331527,90.5,0.0235,0.0,BTC-26JUN20-22000-C,8107.47,88.95,0.0215,35.6,0.025,40.8,91.89,10.06049,-2.76106,2.98121,3e-05,0.10159
8277.38,BTC-27MAR20,1578913142502,open,0.3,25.1,0.274,0.3265,0.2980676,71.85,0.3,0.0,BTC-27MAR20-6000-C,8107.47,44.47,0.279,16.0,0.3175,16.9,90.95,7.60626,-3.69862,9.68875,8e-05,0.87638
8132.19,SYN.BTC-24JAN20,1578913142499,open,0.05,43.9,0.0265,0.077,0.04538334,54.37,0.046,0.0,BTC-24JAN20-8250-P,8107.47,50.89,0.043,51.8,0.0465,35.7,56.0,5.56859,-13.91928,-1.42411,0.00052,-0.54234
8432.03,BTC-26JUN20,1578913142503,open,0.01,223.6,0.002,0.036,0.01173091,100.92,0.012,0.0,BTC-26JUN20-32000-C,8107.47,98.37,0.01,47.6,0.013,39.6,102.64,6.01554,-1.84096,1.52774,2e-05,0.05184
8557.87,SYN.BTC-25SEP20,1578913142498,open,0.09,80.9,0.049,0.144,0.08760943,81.49,0.0865,0.0,BTC-25SEP20-16000-C,8107.47,80.21,0.084,20.0,0.0915,9.5,82.86,24.21712,-3.85643,11.68241,6e-05,0.28234
8132.19,SYN.BTC-24JAN20,1578913142499,open,0.01,113.2,0.0005,0.021,0.00690851,60.9,0.0065,0.0,BTC-24JAN20-7250-P,8107.47,58.29,0.006,39.8,0.0075,28.7,62.53,2.9078,-8.14123,-0.32235,0.00024,-0.12613
8116.09,SYN.BTC-17JAN20,1578913142499,open,0.0,321.2,0.0005,0.018,0.00409651,62.92,0.0045,0.0,BTC-17JAN20-8750-C,8107.47,60.09,0.0035,35.3,0.0045,30.0,64.74,1.76698,-14.34299,0.1083,0.0004,0.12976
8212.69,SYN.BTC-28FEB20,1578913142499,open,0.2,0.0,0.1625,0.2355,0.1959922,64.77,None,0.0,BTC-28FEB20-9500-P,8107.47,44.95,0.1735,2.8,0.244,1.4,101.05,10.15006,-7.16479,-9.23056,0.00018,-0.69824
8116.09,SYN.BTC-17JAN20,1578913142499,open,0.01,1463.3,0.0035,0.039,0.01504527,53.89,0.0145,0.0,BTC-17JAN20-8250-C,8107.47,51.25,0.014,10.9,0.016,26.2,56.29,3.21968,-22.38269,0.32723,0.00085,0.39476
8557.87,SYN.BTC-25SEP20,1578913142499,open,0.09,101.6,0.0575,0.1315,0.089182,74.04,0.0865,0.0,BTC-25SEP20-6000-P,8107.47,72.4,0.0855,9.0,0.088,0.3,73.51,19.36071,-2.80093,-16.66969,5e-05,-0.18868
8148.29,SYN.BTC-31JAN20,1578913142503,open,0.04,357.5,0.0205,0.0665,0.0405088,56.13,0.043,0.0,BTC-31JAN20-8000-P,8107.47,54.96,0.0395,18.3,0.042,40.5,57.86,7.03701,-11.04837,-1.82511,0.00039,-0.41685
8132.19,SYN.BTC-24JAN20,1578913142499,open,0.0,82.8,0.0005,0.014,0.00324619,67.38,0.0035,0.0,BTC-24JAN20-9750-C,8107.47,63.8,0.0025,89.5,0.004,30.1,70.58,1.81297,-5.6158,0.15342,0.00014,0.06656
8132.19,SYN.BTC-24JAN20,1578913142499,open,0.06,21.1,0.0445,0.0935,0.06525936,55.24,0.0575,0.0,BTC-24JAN20-7750-C,8107.47,53.1,0.064,27.0,0.067,24.4,58.16,4.80737,-12.20842,1.56156,0.00044,0.70971
8212.69,SYN.BTC-28FEB20,1578913142499,open,0.08,134.8,0.048,0.1075,0.07440294,62.26,0.073,0.0,BTC-28FEB20-8000-P,8107.47,61.24,0.073,30.0,0.0775,46.0,64.51,11.31434,-7.67775,-4.99334,0.00021,-0.40934
8148.29,SYN.BTC-31JAN20,1578913142501,open,0.02,758.7,0.0055,0.037,0.01724154,58.45,0.0165,0.0,BTC-31JAN20-9000-C,8107.47,56.63,0.016,66.4,0.018,36.6,59.54,5.61499,-9.17917,0.89183,0.0003,0.24073
8132.19,SYN.BTC-24JAN20,1578913142499,open,0.0,69.1,0.0005,0.0165,0.00430433,64.0,0.0045,0.0,BTC-24JAN20-9500-C,8107.47,60.94,0.0035,92.7,0.005,34.0,66.43,2.24531,-6.60638,0.20326,0.00018,0.08819
8148.29,SYN.BTC-31JAN20,1578913142502,open,0.01,829.3,0.0005,0.0185,0.00563249,65.27,0.006,0.0,BTC-31JAN20-10000-C,8107.47,63.45,0.005,62.8,0.006,30.0,66.28,2.90988,-5.31253,0.33364,0.00014,0.08924
8132.19,SYN.BTC-24JAN20,1578913142499,open,0.14,0.1,0.1235,0.166,0.14369817,65.35,0.13,0.0,BTC-24JAN20-7000-C,8107.47,0.0,0.139,9.1,0.1585,6.0,105.13,2.14516,-6.44538,1.87385,0.00017,0.91703
8116.09,SYN.BTC-17JAN20,1578913142499,open,0.04,175.6,0.013,0.0595,0.03156487,53.94,0.0305,0.0,BTC-17JAN20-8250-P,8107.47,51.25,0.0305,0.1,0.032,19.1,55.03,3.21994,-22.4063,-0.54869,0.00085,-0.60512
8148.29,SYN.BTC-31JAN20,1578913142501,open,0.08,93.1,0.05,0.105,0.07541424,56.54,0.072,0.0,BTC-31JAN20-8500-P,8107.47,48.33,0.0685,21.2,0.0795,29.3,61.32,6.92655,-10.9534,-2.72888,0.00038,-0.60842
8132.19,SYN.BTC-24JAN20,1578913142499,open,0.01,96.4,0.0005,0.026,0.00888817,58.76,0.0085,0.0,BTC-24JAN20-9000-C,8107.47,56.7,0.008,47.1,0.0095,24.0,60.14,3.56988,-9.64357,0.39359,0.00031,0.17132
8212.69,SYN.BTC-28FEB20,1578913142499,open,0.05,220.0,0.031,0.084,0.05384888,63.68,0.057,0.0,BTC-28FEB20-9000-C,8107.47,62.31,0.052,33.8,0.0555,47.5,64.9,11.12878,-7.72387,3.41729,0.00021,0.38491
8116.09,SYN.BTC-17JAN20,1578913142499,open,0.05,295.6,0.031,0.0765,0.05190336,56.06,0.0565,0.0,BTC-17JAN20-7750-C,8107.47,51.1,0.0505,0.6,0.0535,0.6,61.38,2.36842,-17.12939,0.64137,0.0006,0.79613
8132.19,SYN.BTC-24JAN20,1578913142499,open,0.01,88.4,0.0015,0.0305,0.01136099,57.96,0.0115,0.0,BTC-24JAN20-7500-P,8107.47,56.13,0.0105,27.6,0.012,12.7,59.29,3.87258,-10.31892,-0.5005,0.00034,-0.19519
8116.09,SYN.BTC-17JAN20,1578913142712,open,0.01,1463.3,0.0035,0.039,0.01504527,53.89,0.0145,0.0,BTC-17JAN20-8250-C,8107.47,51.25,0.014,10.9,0.016,16.0,56.29,3.21968,-22.38269,0.32723,0.00085,0.39476
8116.09,SYN.BTC-17JAN20,1578913142718,open,0.01,1463.3,0.0035,0.039,0.01504527,53.89,0.0145,0.0,BTC-17JAN20-8250-C,8107.47,51.25,0.014,18.0,0.016,16.0,56.29,3.21968,-22.38269,0.32723,0.00085,0.39476
145.47,SYN.ETH-28FEB20,1578913142750,open,0.04,147.0,0.014,0.061,0.034049,76.1,0.035,0.0,ETH-28FEB20-120-P,143.81,75.03,0.033,217.0,0.036,964.0,78.07,0.14357,-0.11908,-0.04245,0.00709,-0.19814
144.2,SYN.ETH-24JAN20,1578913142753,open,0.11,10.0,0.079,0.141,0.110923,70.05,0.114,0.0,ETH-24JAN20-130-C,143.81,67.97,0.11,650.0,0.114,650.0,76.64,0.06517,-0.20988,0.03049,0.01501,0.82065
149.51,ETH-26JUN20,1578913142755,open,0.39,1.0,0.358,0.438,0.398567,86.61,0.38,0.0,ETH-26JUN20-100-C,143.81,64.87,0.365,47.0,0.426,48.0,102.69,0.24753,-0.06501,0.29604,0.00283,0.83694
144.2,SYN.ETH-24JAN20,1578913142762,open,0.01,154.0,0.001,0.023,0.007225,76.29,0.007,0.0,ETH-24JAN20-170-C,143.81,75.63,0.007,638.0,0.008,337.0,78.51,0.04927,-0.17282,0.00477,0.01042,0.11822
149.51,ETH-26JUN20,1578913142771,open,0.39,1.0,0.358,0.438,0.398567,86.61,0.38,0.0,ETH-26JUN20-100-C,143.81,64.87,0.365,47.0,0.426,47.0,102.69,0.24753,-0.06501,0.29604,0.00283,0.83694
151.75,SYN.ETH-25SEP20,1578913142776,open,0.52,0.0,0.491,0.56,0.525772,86.97,None,0.0,ETH-25SEP20-80-C,143.81,71.82,0.504,53.0,0.545,53.0,98.97,0.23403,-0.03977,0.39074,0.00167,0.89311
145.47,SYN.ETH-28FEB20,1578913142783,open,0.02,153.0,0.007,0.048,0.023401,81.94,0.022,0.0,ETH-28FEB20-200-C,143.81,80.37,0.022,842.0,0.024,225.0,82.6,0.13094,-0.11694,0.02697,0.00601,0.17089
145.47,SYN.ETH-28FEB20,1578913142787,open,0.16,30.0,0.124,0.197,0.161725,74.72,0.154,0.0,ETH-28FEB20-130-C,143.81,72.46,0.159,48.0,0.163,650.0,75.77,0.17619,-0.14349,0.10046,0.00887,0.71118
144.45,SYN.ETH-31JAN20,1578913142788,open,0.14,742.0,0.094,0.174,0.132738,70.3,0.158,0.0,ETH-31JAN20-160-P,143.81,63.83,0.128,260.0,0.134,80.0,72.0,0.10784,-0.21204,-0.06024,0.01501,-0.71878
145.47,SYN.ETH-28FEB20,1578913142789,open,0.06,480.0,0.028,0.088,0.055392,74.72,0.054,0.0,ETH-28FEB20-130-P,143.81,72.74,0.053,862.0,0.058,942.0,76.87,0.17619,-0.14349,-0.06293,0.00887,-0.28882
146.47,ETH-27MAR20,1578913142790,open,0.01,35.0,0.001,0.018,0.007365,102.84,0.009,0.0,ETH-27MAR20-70-P,143.81,98.59,0.006,240.0,0.009,325.0,107.43,0.04953,-0.03448,-0.01222,0.00111,-0.03384
145.47,SYN.ETH-28FEB20,1578913142793,open,0.02,153.0,0.007,0.042,0.020981,79.99,0.024,0.0,ETH-28FEB20-110-P,143.81,77.3,0.019,500.0,0.023,824.0,82.64,0.10898,-0.095,-0.02757,0.00512,-0.1298
143.95,SYN.ETH-17JAN20,1578913142795,open,0.06,268.0,0.023,0.088,0.054151,67.46,0.059,0.0,ETH-17JAN20-150-P,143.81,48.8,0.048,80.0,0.055,80.0,69.87,0.05066,-0.4409,-0.0117,0.03413,-0.71141
145.47,SYN.ETH-28FEB20,1578913142796,open,0.03,205.0,0.011,0.057,0.029963,80.01,0.028,0.0,ETH-28FEB20-190-C,143.81,78.08,0.028,842.0,0.031,225.0,81.01,0.14943,-0.13031,0.03327,0.00702,0.21194
145.47,SYN.ETH-28FEB20,1578913142798,open,0.17,0.0,0.123,0.214,0.167406,74.57,None,0.0,ETH-28FEB20-160-P,143.81,72.1,0.164,164.0,0.172,144.0,77.9,0.20046,-0.16293,-0.13851,0.01011,-0.59016
146.47,ETH-27MAR20,1578913142803,open,0.21,4580.0,0.151,0.256,0.202348,81.27,0.199,0.0,ETH-27MAR20-160-P,143.81,79.43,0.199,164.0,0.212,144.0,86.68,0.26243,-0.14435,-0.21515,0.00744,-0.52346
144.45,SYN.ETH-31JAN20,1578913142805,open,0.01,1591.0,0.001,0.027,0.010214,75.48,0.008,0.0,ETH-31JAN20-120-P,143.81,74.99,0.01,645.0,0.011,300.0,77.27,0.06254,-0.13203,-0.00895,0.00811,-0.11627
144.2,SYN.ETH-24JAN20,1578913142805,open,0.13,0.0,0.086,0.162,0.122804,69.02,None,0.0,ETH-24JAN20-160-P,143.81,58.67,0.118,80.0,0.124,60.0,71.43,0.07136,-0.22643,-0.0393,0.01669,-0.79189
149.51,ETH-26JUN20,1578913142816,open,0.39,1.0,0.358,0.438,0.398567,86.61,0.38,0.0,ETH-26JUN20-100-C,143.81,64.87,0.365,48.0,0.426,47.0,102.69,0.24753,-0.06501,0.29604,0.00283,0.83694
145.47,SYN.ETH-28FEB20,1578913142818,open,0.13,120.0,0.082,0.166,0.12249,74.15,0.126,0.0,ETH-28FEB20-150-P,143.81,71.68,0.119,164.0,0.127,144.0,77.33,0.20572,-0.16624,-0.11274,0.01043,-0.49413
144.45,SYN.ETH-31JAN20,1578913142820,open,0.05,811.0,0.02,0.078,0.045112,68.23,0.037,0.0,ETH-31JAN20-140-P,143.81,65.75,0.043,675.0,0.046,240.0,69.28,0.12253,-0.23384,-0.03068,0.01757,-0.38863
144.46,SYN.ETH-31JAN20,1578913142822,open,0.01,1306.0,0.001,0.016,0.004962,83.39,0.004,0.0,ETH-31JAN20-110-P,143.81,79.46,0.004,1210.0,0.006,330.0,87.23,0.03725,-0.08689,-0.00448,0.00437,-0.05834
144.45,SYN.ETH-31JAN20,1578913142824,open,0.01,1591.0,0.001,0.027,0.010214,75.48,0.008,0.0,ETH-31JAN20-120-P,143.81,74.99,0.01,645.0,0.011,330.0,77.27,0.06254,-0.13203,-0.00895,0.00811,-0.11627
143.95,SYN.ETH-17JAN20,1578913142826,open,0.0,2278.0,0.001,0.018,0.003754,78.12,0.003,0.0,ETH-17JAN20-160-C,143.81,73.78,0.003,680.0,0.004,200.0,79.44,0.02632,-0.26526,0.00149,0.01531,0.10152
144.45,SYN.ETH-31JAN20,1578913142840,open,0.14,742.0,0.094,0.174,0.132738,70.3,0.158,0.0,ETH-31JAN20-160-P,143.81,63.83,0.128,260.0,0.134,60.0,72.0,0.10784,-0.21204,-0.06024,0.01501,-0.71878
146.47,ETH-27MAR20,1578913142842,open,0.55,30.0,0.48,0.607,0.540997,88.8,0.554,0.0,ETH-27MAR20-220-P,143.81,0.0,0.497,18.0,0.582,18.0,117.18,0.18805,-0.11302,-0.39558,0.00488,-0.79348
145.47,SYN.ETH-28FEB20,1578913142844,open,0.17,0.0,0.123,0.214,0.167406,74.57,None,0.0,ETH-28FEB20-160-P,143.81,72.1,0.164,164.0,0.172,164.0,77.9,0.20046,-0.16293,-0.13851,0.01011,-0.59016
151.75,SYN.ETH-25SEP20,1578913142845,open,0.44,0.0,0.393,0.482,0.438537,85.55,None,0.0,ETH-25SEP20-100-C,143.81,71.45,0.409,51.0,0.466,51.0,98.18,0.32574,-0.05445,0.41267,0.00236,0.82649
144.2,SYN.ETH-24JAN20,1578913142846,open,0.06,715.0,0.031,0.092,0.061332,66.77,0.067,0.0,ETH-24JAN20-140-C,143.81,64.73,0.06,650.0,0.064,650.0,70.83,0.09452,-0.29017,0.02415,0.02285,0.62331
149.51,ETH-26JUN20,1578913142847,open,0.39,1.0,0.358,0.438,0.398567,86.61,0.38,0.0,ETH-26JUN20-100-C,143.81,64.87,0.365,48.0,0.423,47.0,100.96,0.24753,-0.06501,0.29604,0.00283,0.83694
149.51,ETH-26JUN20,1578913142849,open,0.39,1.0,0.358,0.438,0.398567,86.61,0.38,0.0,ETH-26JUN20-100-C,143.81,64.87,0.365,47.0,0.423,47.0,100.96,0.24753,-0.06501,0.29604,0.00283,0.83694
146.47,ETH-27MAR20,1578913142849,open,0.21,4580.0,0.151,0.256,0.202348,81.27,0.199,0.0,ETH-27MAR20-160-P,143.81,79.43,0.199,164.0,0.212,164.0,86.68,0.26243,-0.14435,-0.21515,0.00744,-0.52346
145.47,SYN.ETH-28FEB20,1578913142851,open,0.13,120.0,0.082,0.166,0.12249,74.15,0.126,0.0,ETH-28FEB20-150-P,143.81,71.68,0.119,164.0,0.127,164.0,77.33,0.20572,-0.16624,-0.11274,0.01043,-0.49413
143.95,SYN.ETH-17JAN20,1578913142855,open,0.0,2278.0,0.001,0.018,0.003754,78.12,0.003,0.0,ETH-17JAN20-160-C,143.81,73.78,0.003,650.0,0.004,200.0,79.44,0.02632,-0.26526,0.00149,0.01531,0.10152
151.75,SYN.ETH-25SEP20,1578913142857,open,0.52,0.0,0.491,0.56,0.525772,86.97,None,0.0,ETH-25SEP20-80-C,143.81,71.06,0.503,53.0,0.545,53.0,98.97,0.23403,-0.03977,0.39074,0.00167,0.89311
146.47,ETH-27MAR20,1578913142861,open,0.55,30.0,0.48,0.607,0.540997,88.8,0.554,0.0,ETH-27MAR20-220-P,143.81,0.0,0.499,18.0,0.582,18.0,117.18,0.18805,-0.11302,-0.39558,0.00488,-0.79348
151.75,SYN.ETH-25SEP20,1578913142863,open,0.44,0.0,0.393,0.482,0.438537,85.55,None,0.0,ETH-25SEP20-100-C,143.81,72.43,0.411,51.0,0.466,51.0,98.18,0.32574,-0.05445,0.41267,0.00236,0.82649
149.51,ETH-26JUN20,1578913142867,open,0.49,0.0,0.467,0.527,0.496487,88.2,None,0.0,ETH-26JUN20-80-C,143.81,64.02,0.475,49.0,0.516,49.0,104.9,0.16088,-0.04303,0.2804,0.00181,0.9117
151.75,SYN.ETH-25SEP20,1578913142870,open,0.52,0.0,0.491,0.56,0.525772,86.97,None,0.0,ETH-25SEP20-80-C,143.81,72.58,0.505,53.0,0.545,53.0,98.97,0.23403,-0.03977,0.39074,0.00167,0.89311
149.51,ETH-26JUN20,1578913142872,open,0.39,1.0,0.358,0.438,0.398567,86.61,0.38,0.0,ETH-26JUN20-100-C,143.81,64.87,0.365,47.0,0.424,47.0,101.54,0.24753,-0.06501,0.29604,0.00283,0.83694
144.2,SYN.ETH-24JAN20,1578913142873,open,0.06,715.0,0.031,0.092,0.061332,66.77,0.067,0.0,ETH-24JAN20-140-C,143.81,64.73,0.06,650.0,0.064,675.0,70.83,0.09452,-0.29017,0.02415,0.02285,0.62331
149.51,ETH-26JUN20,1578913142878,open,0.49,0.0,0.467,0.527,0.496487,88.2,None,0.0,ETH-26JUN20-80-C,143.81,64.02,0.475,49.0,0.517,49.0,105.71,0.16088,-0.04303,0.2804,0.00181,0.9117
149.51,ETH-26JUN20,1578913142907,open,0.49,0.0,0.467,0.527,0.496487,88.2,None,0.0,ETH-26JUN20-80-C,143.81,62.48,0.474,49.0,0.517,49.0,105.71,0.16088,-0.04303,0.2804,0.00181,0.9117
144.2,SYN.ETH-24JAN20,1578913143015,open,0.0,26.0,0.001,0.011,0.000578,94.37,0.001,0.0,ETH-24JAN20-100-P,143.81,0.0,0.0,0.0,0.001,50.0,101.97,0.0066,-0.02864,-0.00045,0.00113,-0.00994
143.95,SYN.ETH-17JAN20,1578913143015,open,0.0,754.0,0.001,0.012,0.001601,91.53,0.001,0.0,ETH-17JAN20-170-C,143.81,84.25,0.001,650.0,0.002,600.0,95.49,0.01356,-0.16016,0.00063,0.00674,0.04304
143.95,SYN.ETH-17JAN20,1578913143015,open,0.19,0.0,0.147,0.222,0.182566,91.48,None,0.0,ETH-17JAN20-170-P,143.81,0.0,0.0,0.0,0.0,0.0,0.0,0.01354,-0.15983,-0.01742,0.00673,-0.95704
143.95,SYN.ETH-17JAN20,1578913143017,open,0.26,0.0,0.215,0.291,0.250968,97.96,None,0.0,ETH-17JAN20-180-P,143.81,0.0,0.0,0.0,0.0,0.0,0.0,0.0057,-0.07201,-0.01889,0.00264,-0.98475
143.95,SYN.ETH-17JAN20,1578913143017,open,0.0,644.0,0.001,0.011,0.000534,98.08,0.001,0.0,ETH-17JAN20-180-C,143.81,0.0,0.0,0.0,0.001,117.0,107.47,0.00573,-0.07251,0.00023,0.00266,0.01535
143.95,SYN.ETH-17JAN20,1578913143019,open,0.0,1019.0,0.001,0.017,0.003397,76.13,0.004,0.0,ETH-17JAN20-130-P,143.81,73.7,0.003,650.0,0.004,300.0,79.59,0.02416,-0.23725,-0.00143,0.01442,-0.09035
143.95,SYN.ETH-17JAN20,1578913143033,open,0.02,666.0,0.002,0.04,0.015143,65.73,0.014,0.0,ETH-17JAN20-140-P,143.81,62.65,0.014,650.0,0.015,240.0,65.35,0.05361,-0.45457,-0.00525,0.03707,-0.3283
144.2,SYN.ETH-24JAN20,1578913143038,open,0.01,154.0,0.001,0.023,0.007225,76.29,0.007,0.0,ETH-24JAN20-170-C,143.81,75.63,0.007,640.0,0.008,337.0,78.51,0.04927,-0.17282,0.00477,0.01042,0.11822
8148.29,SYN.BTC-31JAN20,1578913143056,open,0.06,790.4,0.036,0.0845,0.05868993,56.11,0.056,0.0,BTC-31JAN20-8000-C,8107.47,53.57,0.0565,43.8,0.0605,54.7,58.21,7.03697,-11.04416,2.09297,0.00039,0.58317
144.45,SYN.ETH-31JAN20,1578913143162,open,0.0,789.0,0.001,0.011,0.00144,105.4,0.001,0.0,ETH-31JAN20-90-P,143.81,99.83,0.001,650.0,0.002,355.0,111.09,0.01278,-0.03767,-0.00123,0.00119,-0.01597
144.45,SYN.ETH-31JAN20,1578913143162,open,0.09,432.0,0.049,0.121,0.082896,68.77,0.086,0.0,ETH-31JAN20-150-P,143.81,63.12,0.078,260.0,0.083,180.0,68.89,0.12567,-0.24172,-0.04605,0.01788,-0.56808
144.45,SYN.ETH-31JAN20,1578913143162,open,0.37,0.0,0.358,0.399,0.378413,105.52,None,0.0,ETH-31JAN20-90-C,143.81,0.0,0.376,1.0,0.386,38.0,150.17,0.01283,-0.03788,0.04284,0.00119,0.98394
144.45,SYN.ETH-31JAN20,1578913143162,open,0.12,137.0,0.089,0.153,0.121368,69.47,0.119,0.0,ETH-31JAN20-130-C,143.81,68.91,0.121,650.0,0.125,650.0,74.88,0.09535,-0.18529,0.04639,0.01343,0.77715
144.45,SYN.ETH-31JAN20,1578913143164,open,0.01,577.0,0.003,0.035,0.014997,74.12,0.016,0.0,ETH-31JAN20-170-C,143.81,72.39,0.014,680.0,0.016,280.0,75.82,0.08423,-0.17462,0.01176,0.01112,0.1812
144.45,SYN.ETH-31JAN20,1578913143164,open,0.04,715.0,0.02,0.075,0.044518,68.79,0.048,0.0,ETH-31JAN20-150-C,143.81,65.89,0.042,675.0,0.046,420.0,70.49,0.12567,-0.2418,0.02741,0.01788,0.43196
144.45,SYN.ETH-31JAN20,1578913143164,open,0.02,327.0,0.006,0.045,0.021296,69.45,0.019,0.0,ETH-31JAN20-130-P,143.81,69.0,0.021,680.0,0.022,240.0,70.51,0.09534,-0.1852,-0.01727,0.01343,-0.22279
144.45,SYN.ETH-31JAN20,1578913143164,open,0.2,1.0,0.151,0.235,0.191825,74.08,0.244,0.0,ETH-31JAN20-170-P,143.81,56.54,0.183,245.0,0.213,245.0,105.43,0.0842,-0.17447,-0.07151,0.01112,-0.81893
145.46,SYN.ETH-28FEB20,1578913143176,open,0.2,60.0,0.174,0.243,0.209126,76.13,0.177,0.0,ETH-28FEB20-120-C,143.81,66.55,0.2,260.0,0.212,20.0,79.01,0.14361,-0.11915,0.10835,0.00709,0.80176
145.46,SYN.ETH-28FEB20,1578913143176,open,0.01,432.0,0.003,0.029,0.012784,85.13,0.017,0.0,ETH-28FEB20-100-P,143.81,81.7,0.011,500.0,0.014,825.0,87.36,0.07803,-0.0724,-0.01731,0.00345,-0.08188
145.46,SYN.ETH-28FEB20,1578913143176,open,0.07,134.0,0.036,0.101,0.067508,74.58,0.056,0.0,ETH-28FEB20-160-C,143.81,73.49,0.066,144.0,0.069,20.0,75.67,0.20045,-0.16295,0.06258,0.01011,0.4098
145.46,SYN.ETH-28FEB20,1578913143179,open,0.38,20.0,0.366,0.413,0.389095,91.67,0.328,0.0,ETH-28FEB20-90-C,143.81,0.0,0.381,3.0,0.397,40.0,109.58,0.05363,-0.05359,0.10245,0.0022,0.94947
145.46,SYN.ETH-28FEB20,1578913143179,open,0.12,74.0,0.085,0.159,0.122519,74.19,0.131,0.0,ETH-28FEB20-140-C,143.81,72.34,0.12,144.0,0.124,40.0,75.28,0.19799,-0.1601,0.08896,0.01003,0.60912
145.46,SYN.ETH-28FEB20,1578913143179,open,0.09,14.0,0.05,0.123,0.084929,74.16,0.12,0.0,ETH-28FEB20-140-P,143.81,72.01,0.082,670.0,0.088,1116.0,76.42,0.19799,-0.16003,-0.08699,0.01004,-0.39088
145.46,SYN.ETH-28FEB20,1578913143179,open,0.05,22.0,0.024,0.083,0.050925,76.24,0.06,0.0,ETH-28FEB20-170-C,143.81,74.73,0.049,867.0,0.053,125.0,77.85,0.18662,-0.15506,0.05091,0.0092,0.32938
145.46,SYN.ETH-28FEB20,1578913143182,open,0.28,0.0,0.227,0.328,0.276055,77.9,None,0.0,ETH-28FEB20-180-P,143.81,0.0,0.001,5.0,0.0,0.0,0.0,0.16835,-0.14294,-0.18516,0.00813,-0.73672
145.46,SYN.ETH-28FEB20,1578913143182,open,0.09,316.0,0.056,0.127,0.091336,74.16,0.1,0.0,ETH-28FEB20-150-C,143.81,72.51,0.089,144.0,0.093,40.0,75.33,0.20571,-0.16627,0.07578,0.01043,0.50582
145.46,SYN.ETH-28FEB20,1578913143181,open,0.23,0.0,0.172,0.269,0.219567,76.2,None,0.0,ETH-28FEB20-170-P,143.81,0.0,0.001,5.0,0.0,0.0,0.0,0.18659,-0.15496,-0.16277,0.00921,-0.67075
145.46,SYN.ETH-28FEB20,1578913143182,open,0.34,0.0,0.286,0.39,0.336092,79.96,None,0.0,ETH-28FEB20-190-P,143.81,0.0,0.001,5.0,0.0,0.0,0.0,0.14933,-0.13014,-0.20557,0.00702,-0.78829
146.47,ETH-27MAR20,1578913143310,open,0.34,1148.0,0.313,0.377,0.344867,86.7,0.346,0.0,ETH-27MAR20-100-C,143.81,47.94,0.32,41.0,0.359,41.0,101.33,0.13205,-0.07748,0.15854,0.00351,0.8797
144.2,SYN.ETH-24JAN20,1578913143311,open,0.01,602.0,0.002,0.032,0.012439,70.03,0.013,0.0,ETH-24JAN20-130-P,143.81,69.06,0.012,650.0,0.014,533.0,73.43,0.06515,-0.20977,-0.00824,0.01502,-0.17929
143.95,SYN.ETH-17JAN20,1578913143326,open,0.06,268.0,0.023,0.088,0.054151,67.46,0.059,0.0,ETH-17JAN20-150-P,143.81,48.8,0.048,80.0,0.055,60.0,69.87,0.05066,-0.4409,-0.0117,0.03413,-0.71141
144.2,SYN.ETH-24JAN20,1578913143354,open,0.01,154.0,0.001,0.023,0.007225,76.29,0.007,0.0,ETH-24JAN20-170-C,143.81,75.63,0.007,604.0,0.008,337.0,78.51,0.04927,-0.17282,0.00477,0.01042,0.11822
145.46,SYN.ETH-28FEB20,1578913143381,open,0.04,147.0,0.014,0.061,0.034049,76.09,0.035,0.0,ETH-28FEB20-120-P,143.81,75.02,0.033,217.0,0.036,314.0,78.06,0.14358,-0.11907,-0.04246,0.0071,-0.19817
144.45,SYN.ETH-31JAN20,1578913143391,open,0.01,1591.0,0.001,0.027,0.010214,75.48,0.008,0.0,ETH-31JAN20-120-P,143.81,74.99,0.01,647.0,0.011,330.0,77.27,0.06254,-0.13203,-0.00895,0.00811,-0.11627
144.45,SYN.ETH-31JAN20,1578913143393,open,0.12,137.0,0.089,0.153,0.121368,69.47,0.119,0.0,ETH-31JAN20-130-C,143.81,67.38,0.12,650.0,0.125,650.0,74.88,0.09535,-0.18529,0.04639,0.01343,0.77715
145.46,SYN.ETH-28FEB20,1578913143405,open,0.17,0.0,0.123,0.214,0.167406,74.55,None,0.0,ETH-28FEB20-160-P,143.81,72.07,0.164,164.0,0.172,144.0,77.88,0.20044,-0.16286,-0.13853,0.01011,-0.59028
145.46,SYN.ETH-28FEB20,1578913143419,open,0.16,30.0,0.124,0.197,0.161702,74.74,0.154,0.0,ETH-28FEB20-130-C,143.81,72.48,0.159,48.0,0.163,670.0,75.79,0.17621,-0.14354,0.10044,0.00887,0.7111
144.45,SYN.ETH-31JAN20,1578913143419,open,0.24,1.0,0.217,0.27,0.243473,83.43,0.246,0.0,ETH-31JAN20-110-C,143.81,0.0,0.238,1.0,0.26,34.0,126.95,0.0373,-0.08705,0.04939,0.00437,0.94156
149.51,ETH-26JUN20,1578913143422,open,0.39,1.0,0.358,0.438,0.398567,86.61,0.38,0.0,ETH-26JUN20-100-C,143.81,66.28,0.367,47.0,0.424,47.0,101.54,0.24753,-0.06501,0.29604,0.00283,0.83694
149.51,ETH-26JUN20,1578913143483,open,0.39,1.0,0.358,0.438,0.398567,86.61,0.38,0.0,ETH-26JUN20-100-C,143.81,65.58,0.366,47.0,0.424,47.0,101.54,0.24753,-0.06501,0.29604,0.00283,0.83694
151.75,SYN.ETH-25SEP20,1578913143487,open,0.02,812.0,0.011,0.045,0.024624,90.95,0.028,0.0,ETH-25SEP20-60-P,143.81,86.93,0.021,820.0,0.028,470.0,94.49,0.1411,-0.02508,-0.08458,0.00096,-0.05488
151.75,SYN.ETH-25SEP20,1578913143487,open,0.22,180.0,0.155,0.274,0.214878,83.71,0.234,0.0,ETH-25SEP20-180-C,143.81,85.56,0.221,391.0,0.234,391.0,89.48,0.50399,-0.08244,0.34857,0.00373,0.54255
151.75,SYN.ETH-25SEP20,1578913143487,open,0.32,0.0,0.241,0.38,0.309419,83.71,None,0.0,ETH-25SEP20-160-P,143.81,19.96,0.099,1.0,0.362,1.0,100.27,0.48808,-0.07984,-0.74584,0.00361,-0.3917
151.75,SYN.ETH-25SEP20,1578913143487,open,0.31,23.0,0.249,0.363,0.307343,84.91,0.297,0.0,ETH-25SEP20-140-C,143.81,84.12,0.305,422.0,0.317,160.0,88.14,0.45413,-0.07535,0.39684,0.00331,0.68039
151.75,SYN.ETH-25SEP20,1578913143487,open,0.24,166.0,0.169,0.293,0.229934,84.91,0.259,0.0,ETH-25SEP20-140-P,143.81,82.93,0.224,160.0,0.237,972.0,87.27,0.45413,-0.07535,-0.5846,0.00331,-0.31961
151.75,SYN.ETH-25SEP20,1578913143487,open,0.1,188.0,0.059,0.141,0.097531,85.54,0.116,0.0,ETH-25SEP20-100-P,143.81,83.42,0.093,650.0,0.103,452.0,88.08,0.32573,-0.05444,-0.28832,0.00236,-0.1735
151.75,SYN.ETH-25SEP20,1578913143489,open,0.37,0.0,0.313,0.417,0.366102,84.91,0.359,0.0,ETH-25SEP20-120-C,143.81,76.54,0.344,160.0,0.385,160.0,92.07,0.4007,-0.06648,0.41214,0.00292,0.75352
151.75,SYN.ETH-25SEP20,1578913143489,open,0.16,636.0,0.106,0.211,0.156894,84.91,0.156,0.0,ETH-25SEP20-120-P,143.81,82.67,0.151,810.0,0.163,1056.0,87.22,0.4007,-0.06648,-0.4291,0.00292,-0.24648
151.75,SYN.ETH-25SEP20,1578913143489,open,0.52,40.0,0.427,0.591,0.507465,86.03,0.5,0.0,ETH-25SEP20-200-P,143.81,0.0,0.0,0.0,0.555,1.0,100.28,0.50673,-0.08519,-1.08155,0.00365,-0.50923
8277.32,BTC-27MAR20,1578913143506,open,1.92,0.0,1.8435,1.9705,1.90248276,103.67,None,0.0,BTC-27MAR20-24000-P,8107.21,0.0,0.0005,5.0,0.0,0.0,0.0,1.81958,-1.27669,-48.28726,1e-05,-0.97978
8431.73,BTC-26JUN20,1578913143506,open,0.27,136.6,0.2375,0.32,0.27535484,73.37,0.2755,0.0,BTC-26JUN20-7000-C,8107.21,66.38,0.26,21.1,0.276,0.1,73.66,18.60896,-4.14032,17.4559,8e-05,0.73367
8277.32,BTC-27MAR20,1578913143507,open,1.67,5.6,1.6065,1.726,1.66186538,100.75,1.545,0.0,BTC-27MAR20-22000-P,8107.21,0.0,0.0,0.0,0.0,0.0,0.0,2.30748,-1.57352,-44.14568,2e-05,-0.97319
8116.38,SYN.BTC-17JAN20,1578913143506,open,0.0,374.8,0.0005,0.0105,0.00076088,74.96,0.001,0.0,BTC-17JAN20-7000-P,8107.21,70.11,0.0005,116.7,0.001,0.2,78.57,0.49428,-4.7801,-0.02249,9e-05,-0.02533
8212.94,SYN.BTC-28FEB20,1578913143506,open,0.1,148.9,0.0725,0.132,0.10030261,62.25,0.101,0.0,BTC-28FEB20-8000-C,8107.21,60.58,0.098,15.0,0.102,31.9,63.48,11.31432,-7.67654,5.06231,0.00021,0.59071
8132.47,SYN.BTC-24JAN20,1578913143506,open,0.01,91.1,0.0035,0.035,0.01326595,56.53,0.0125,0.0,BTC-24JAN20-8750-C,8107.21,55.1,0.0125,20.0,0.0135,0.7,56.96,4.37956,-11.38193,0.55323,0.00039,0.24157
8558.12,SYN.BTC-25SEP20,1578913143506,open,0.21,19.0,0.1565,0.2635,0.20420711,74.04,0.202,0.0,BTC-25SEP20-8000-P,8107.21,72.34,0.199,7.2,0.205,6.1,74.3,26.1867,-3.78862,-32.51179,7e-05,-0.3377
8116.38,SYN.BTC-17JAN20,1578913143506,open,0.0,622.9,0.0005,0.016,0.00338242,63.0,0.0035,0.0,BTC-17JAN20-7500-P,8107.21,60.92,0.003,6.0,0.0035,2.0,63.62,1.5294,-12.4306,-0.09412,0.00035,-0.10582
8148.57,SYN.BTC-31JAN20,1578913143507,open,0.0,712.5,0.0005,0.0125,0.00292383,76.13,0.003,0.0,BTC-31JAN20-11000-C,8107.21,71.22,0.002,89.5,0.0035,55.9,78.74,1.70564,-3.63218,0.16744,7e-05,0.04488
8116.38,SYN.BTC-17JAN20,1578913143506,open,0.08,215.1,0.0585,0.1015,0.07929256,62.83,0.076,0.0,BTC-17JAN20-7500-C,8107.21,42.0,0.0765,2.5,0.0815,2.5,73.38,1.52315,-12.34567,0.7028,0.00035,0.89477
8558.12,SYN.BTC-25SEP20,1578913143506,open,0.16,75.3,0.116,0.223,0.16355496,75.98,0.167,0.0,BTC-25SEP20-11000-C,8107.21,75.81,0.163,8.7,0.1715,12.0,78.36,28.50263,-4.2316,18.35509,7e-05,0.4695
8212.94,SYN.BTC-28FEB20,1578913143506,open,0.0,154.2,0.0005,0.0135,0.0039057,81.45,0.003,0.0,BTC-28FEB20-5000-P,8107.21,77.54,0.003,64.5,0.0045,69.0,83.74,2.04809,-1.81811,-0.36267,3e-05,-0.03123
8148.57,SYN.BTC-31JAN20,1578913143506,open,0.24,0.0,0.2055,0.2645,0.23288487,65.38,None,0.0,BTC-31JAN20-10000-P,8107.21,0.0,0.1825,1.0,0.273,1.0,131.87,2.92091,-5.34183,-4.56217,0.00014,-0.91031
8212.94,SYN.BTC-28FEB20,1578913143522,open,0.03,170.1,0.013,0.055,0.02935271,66.58,0.03,0.0,BTC-28FEB20-10000-C,8107.21,65.8,0.0285,5.0,0.03,34.4,67.17,8.98935,-6.52339,2.14338,0.00016,0.23699
8132.47,SYN.BTC-24JAN20,1578913143526,open,0.02,88.4,0.007,0.043,0.0182743,55.28,0.0205,0.0,BTC-24JAN20-7750-P,8107.21,53.11,0.017,63.4,0.019,10.0,56.5,4.80743,-12.21725,-0.74768,0.00044,-0.29028
8132.47,SYN.BTC-24JAN20,1578913143529,open,0.02,88.4,0.007,0.043,0.0182743,55.28,0.0205,0.0,BTC-24JAN20-7750-P,8107.21,53.11,0.017,63.4,0.019,22.5,56.5,4.80743,-12.21725,-0.74768,0.00044,-0.29028
8132.47,SYN.BTC-24JAN20,1578913143531,open,0.02,88.4,0.007,0.043,0.0182743,55.28,0.0205,0.0,BTC-24JAN20-7750-P,8107.21,53.11,0.017,63.3,0.019,22.5,56.5,4.80743,-12.21725,-0.74768,0.00044,-0.29028
151.75,SYN.ETH-25SEP20,1578913143570,open,0.63,1.0,0.606,0.654,0.629228,90.95,0.645,0.0,ETH-25SEP20-60-C,143.81,67.76,0.612,57.0,0.641,57.0,102.68,0.1411,-0.02508,0.33604,0.00096,0.94512
8558.12,SYN.BTC-25SEP20,1578913143575,open,0.07,23.1,0.037,0.125,0.07141696,83.33,0.074,0.0,BTC-25SEP20-18000-C,8107.21,82.0,0.068,20.5,0.075,9.7,84.71,22.11024,-3.60028,9.91951,5e-05,0.23676
8431.73,BTC-26JUN20,1578913143595,open,0.06,681.0,0.0325,0.1075,0.0623095,79.75,0.061,0.0,BTC-26JUN20-14000-C,8107.21,78.9,0.0605,11.1,0.064,10.0,80.54,17.96628,-4.34537,7.10695,7e-05,0.24891
8431.73,BTC-26JUN20,1578913143598,open,0.06,681.0,0.0325,0.1075,0.0623095,79.75,0.061,0.0,BTC-26JUN20-14000-C,8107.21,78.9,0.0605,18.1,0.064,10.0,80.54,17.96628,-4.34537,7.10695,7e-05,0.24891
143.95,SYN.ETH-17JAN20,1578913143618,open,0.09,330.0,0.07,0.129,0.100303,76.15,0.092,0.0,ETH-17JAN20-130-C,143.81,74.29,0.1,650.0,0.102,601.0,85.35,0.02417,-0.23742,0.01237,0.01443,0.9096
144.2,SYN.ETH-24JAN20,1578913143624,open,0.11,10.0,0.079,0.141,0.110923,70.05,0.114,0.0,ETH-24JAN20-130-C,143.81,67.97,0.11,650.0,0.113,647.0,74.53,0.06517,-0.20988,0.03049,0.01501,0.82065
146.47,ETH-27MAR20,1578913143625,open,0.53,0.0,0.51,0.55,0.529452,102.85,None,0.0,ETH-27MAR20-70-C,143.8,0.0,0.522,49.0,0.536,47.0,119.13,0.04954,-0.03449,0.12946,0.00111,0.96615
146.47,ETH-27MAR20,1578913143625,open,0.02,0.0,0.006,0.037,0.017817,90.53,None,0.0,ETH-27MAR20-90-P,143.8,87.77,0.016,560.0,0.02,645.0,93.69,0.09874,-0.0605,-0.02925,0.00251,-0.08084
146.47,ETH-27MAR20,1578913143625,open,0.4,0.0,0.376,0.432,0.403356,90.53,None,0.0,ETH-27MAR20-90-C,143.8,45.47,0.386,42.0,0.414,42.0,104.88,0.09874,-0.0605,0.15291,0.00251,0.91916
146.47,ETH-27MAR20,1578913143625,open,0.04,130.0,0.019,0.072,0.042474,84.45,0.046,0.0,ETH-27MAR20-110-P,143.8,82.29,0.04,537.0,0.046,828.0,87.49,0.16843,-0.09627,-0.06379,0.00459,-0.17269
146.47,ETH-27MAR20,1578913143625,open,0.09,36.0,0.051,0.127,0.086896,80.69,0.09,0.0,ETH-27MAR20-130-P,143.8,79.49,0.085,20.0,0.089,650.0,82.03,0.23081,-0.12605,-0.11618,0.00659,-0.30499
146.47,ETH-27MAR20,1578913143625,open,0.2,111.0,0.157,0.24,0.199342,80.69,0.181,0.0,ETH-27MAR20-130-C,143.8,78.57,0.196,164.0,0.202,650.0,82.38,0.23081,-0.12605,0.14694,0.00659,0.69501
146.46,ETH-27MAR20,1578913143626,open,0.29,20.0,0.255,0.327,0.291467,84.49,0.272,0.0,ETH-27MAR20-110-C,143.8,56.24,0.263,41.0,0.309,41.0,99.15,0.16848,-0.09634,0.15881,0.00459,0.82721
143.95,SYN.ETH-17JAN20,1578913143626,open,0.3,1.0,0.284,0.326,0.30536,120.0,0.292,0.0,ETH-17JAN20-100-C,143.8,0.0,0.295,34.0,0.315,34.0,265.83,0.00064,-0.00994,0.0106,0.00024,0.99868
143.95,SYN.ETH-17JAN20,1578913143626,open,0.01,2803.0,0.001,0.034,0.012119,67.47,0.011,0.0,ETH-17JAN20-150-C,143.8,64.26,0.011,650.0,0.012,24.0,67.13,0.05066,-0.44095,0.00423,0.03413,0.28861
143.95,SYN.ETH-17JAN20,1578913143626,open,0.04,1297.0,0.014,0.072,0.04258,65.73,0.042,0.0,ETH-17JAN20-140-C,143.8,64.17,0.042,650.0,0.045,835.0,72.18,0.05361,-0.4546,0.00962,0.03707,0.67169
143.95,SYN.ETH-17JAN20,1578913143626,open,0.0,114.0,0.001,0.011,0.000455,116.47,0.001,0.0,ETH-17JAN20-110-P,143.8,0.0,0.0,0.0,0.001,105.0,130.59,0.00419,-0.06295,-0.00017,0.00163,-0.01069
143.95,SYN.ETH-17JAN20,1578913143626,open,0.16,2.0,0.141,0.192,0.166818,82.37,0.169,0.0,ETH-17JAN20-120-C,143.8,0.0,0.153,50.0,0.179,50.0,171.31,0.00542,-0.0576,0.01252,0.00299,0.98561
145.46,SYN.ETH-28FEB20,1578913143625,open,0.41,0.0,0.347,0.453,0.398273,81.88,None,0.0,ETH-28FEB20-200-P,143.8,0.0,0.001,5.0,0.0,0.0,0.0,0.13081,-0.11674,-0.22445,0.00601,-0.82938
145.46,SYN.ETH-28FEB20,1578913143625,open,0.0,688.0,0.001,0.014,0.004788,99.5,0.008,0.0,ETH-28FEB20-80-P,143.8,96.13,0.004,240.0,0.005,1.0,100.36,0.03572,-0.03874,-0.00648,0.00135,-0.03065
143.95,SYN.ETH-17JAN20,1578913143626,open,0.12,95.0,0.08,0.153,0.115255,78.12,0.12,0.0,ETH-17JAN20-160-P,143.8,0.0,0.11,60.0,0.116,60.0,82.03,0.02632,-0.26523,-0.0155,0.01531,-0.89849
143.95,SYN.ETH-17JAN20,1578913143626,open,0.0,692.0,0.001,0.011,4.8e-05,120.0,0.001,0.0,ETH-17JAN20-100-P,143.8,0.0,0.0,0.0,0.001,46.0,170.1,0.00064,-0.00684,-2e-05,0.00024,-0.00132
143.95,SYN.ETH-17JAN20,1578913143626,open,0.23,1.0,0.213,0.26,0.236298,116.47,0.235,0.0,ETH-17JAN20-110-C,143.8,0.0,0.224,32.0,0.247,32.0,218.73,0.00419,-0.06295,0.01151,0.00163,0.98931
143.95,SYN.ETH-17JAN20,1578913143626,open,0.0,237.0,0.001,0.011,0.000443,82.37,0.001,0.0,ETH-17JAN20-120-P,143.8,0.0,0.0,0.0,0.001,25.0,93.49,0.00542,-0.0576,-0.00023,0.00299,-0.01439
144.2,SYN.ETH-24JAN20,1578913143636,open,0.03,892.0,0.009,0.057,0.030481,68.27,0.034,0.0,ETH-24JAN20-150-C,143.8,66.03,0.029,650.0,0.032,915.0,70.56,0.0956,-0.30007,0.01551,0.0226,0.39143
144.2,SYN.ETH-24JAN20,1578913143641,open,0.01,154.0,0.001,0.023,0.007226,76.29,0.007,0.0,ETH-24JAN20-170-C,143.8,75.63,0.007,606.0,0.008,337.0,78.51,0.04927,-0.17281,0.00477,0.01042,0.11822
146.46,ETH-27MAR20,1578913143655,open,0.31,1550.0,0.248,0.364,0.304608,83.53,0.407,0.0,ETH-27MAR20-180-P,143.8,65.23,0.275,30.0,0.0,0.0,0.0,0.24629,-0.13923,-0.28028,0.00679,-0.6409
144.45,SYN.ETH-31JAN20,1578913143691,open,0.01,1591.0,0.001,0.027,0.010214,75.49,0.008,0.0,ETH-31JAN20-120-P,143.8,74.99,0.01,650.0,0.011,330.0,77.27,0.06254,-0.13205,-0.00895,0.00811,-0.11628
144.45,SYN.ETH-31JAN20,1578913143694,open,0.05,811.0,0.02,0.078,0.045112,68.24,0.037,0.0,ETH-31JAN20-140-P,143.8,66.93,0.044,650.0,0.046,240.0,69.28,0.12253,-0.23387,-0.03069,0.01757,-0.38863
149.5,ETH-26JUN20,1578913143750,open,0.2,354.0,0.146,0.254,0.200499,85.48,0.2,0.0,ETH-26JUN20-160-C,143.8,81.89,0.191,449.0,0.203,650.0,86.43,0.39516,-0.10244,0.2476,0.00458,0.56715
149.51,ETH-26JUN20,1578913143752,open,0.03,752.0,0.009,0.062,0.028279,102.38,0.03,0.0,ETH-26JUN20-440-C,143.8,100.55,0.026,120.0,0.031,850.0,104.48,0.1894,-0.05881,0.05544,0.00183,0.11037
149.51,ETH-26JUN20,1578913143934,open,0.31,321.0,0.265,0.359,0.312775,83.63,0.314,0.0,ETH-26JUN20-120-C,143.8,67.19,0.278,48.0,0.319,180.0,86.54,0.31981,-0.08111,0.29479,0.00379,0.74928
146.47,ETH-27MAR20,1578913143970,open,0.2,111.0,0.157,0.24,0.199342,80.69,0.181,0.0,ETH-27MAR20-130-C,143.8,78.57,0.196,164.0,0.201,650.0,81.74,0.23081,-0.12605,0.14694,0.00659,0.69501
146.46,ETH-27MAR20,1578913143974,open,0.16,682.0,0.12,0.205,0.163551,80.44,0.163,0.0,ETH-27MAR20-140-C,143.8,78.95,0.161,20.0,0.166,650.0,81.87,0.25087,-0.13658,0.13532,0.00718,0.62004
146.47,ETH-27MAR20,1578913143976,open,0.11,2397.0,0.069,0.152,0.109975,81.3,0.112,0.0,ETH-27MAR20-160-C,143.8,80.2,0.108,164.0,0.112,650.0,82.43,0.26243,-0.1444,0.10869,0.00743,0.4766
151.75,SYN.ETH-25SEP20,1578913144492,open,0.16,636.0,0.106,0.211,0.156895,84.91,0.156,0.0,ETH-25SEP20-120-P,143.8,82.67,0.151,810.0,0.163,425.0,87.22,0.4007,-0.06648,-0.4291,0.00292,-0.24648
151.75,SYN.ETH-25SEP20,1578913144498,open,0.19,62.0,0.129,0.25,0.189477,86.03,0.216,0.0,ETH-25SEP20-200-C,143.8,85.89,0.189,1018.0,0.204,385.0,90.38,0.50673,-0.08519,0.32051,0.00365,0.49077
151.75,SYN.ETH-25SEP20,1578913144501,open,0.17,8.0,0.113,0.235,0.17294,89.36,0.155,0.0,ETH-25SEP20-220-C,143.8,87.26,0.166,388.0,0.179,760.0,91.18,0.50309,-0.08785,0.29613,0.00349,0.45131
151.75,SYN.ETH-25SEP20,1578913144504,open,0.12,1.0,0.069,0.183,0.122771,92.44,0.097,0.0,ETH-25SEP20-280-C,143.8,90.55,0.117,396.0,0.128,650.0,94.13,0.46705,-0.08436,0.23418,0.00313,0.34291
151.75,SYN.ETH-25SEP20,1578913144509,open,0.1,61.0,0.052,0.16,0.10158,94.52,0.12,0.0,ETH-25SEP20-320-C,143.8,92.56,0.096,390.0,0.106,598.0,96.04,0.43641,-0.0806,0.20272,0.00286,0.29215
151.75,SYN.ETH-25SEP20,1578913144526,open,0.06,45.0,0.027,0.116,0.064437,99.79,0.057,0.0,ETH-25SEP20-440-C,143.8,97.84,0.06,398.0,0.068,582.0,101.31,0.35125,-0.06849,0.13982,0.00218,0.19587
8212.66,SYN.BTC-28FEB20,1578913144527,open,0.03,170.1,0.013,0.055,0.02935904,66.59,0.03,0.0,BTC-28FEB20-10000-C,8107.19,65.34,0.028,22.0,0.03,34.4,67.18,8.98923,-6.52451,2.14333,0.00016,0.237
151.75,SYN.ETH-25SEP20,1578913144529,open,0.06,67.0,0.022,0.107,0.057309,101.46,0.055,0.0,ETH-25SEP20-480-C,143.8,99.43,0.053,100.0,0.061,949.0,103.14,0.32864,-0.06515,0.12621,0.00201,0.17595
151.75,SYN.ETH-25SEP20,1578913144531,open,0.05,0.0,0.019,0.098,0.050516,102.52,None,0.0,ETH-25SEP20-520-C,143.8,100.75,0.047,300.0,0.055,950.0,104.7,0.3057,-0.06124,0.11359,0.00185,0.15729
8212.66,SYN.BTC-28FEB20,1578913144532,open,0.03,170.1,0.013,0.055,0.02935904,66.59,0.03,0.0,BTC-28FEB20-10000-C,8107.19,65.34,0.028,37.0,0.03,34.4,67.18,8.98923,-6.52451,2.14333,0.00016,0.237
8132.21,SYN.BTC-24JAN20,1578913144533,open,0.02,88.4,0.007,0.043,0.01826348,55.24,0.0205,0.0,BTC-24JAN20-7750-P,8107.19,53.09,0.017,63.3,0.019,12.5,56.48,4.80741,-12.20938,-0.74768,0.00044,-0.2903
151.75,SYN.ETH-25SEP20,1578913144534,open,0.05,55.0,0.016,0.092,0.045892,104.03,0.058,0.0,ETH-25SEP20-560-C,143.8,101.94,0.042,892.0,0.05,950.0,106.15,0.28792,-0.05853,0.10411,0.00171,0.14376
8132.21,SYN.BTC-24JAN20,1578913144541,open,0.02,88.4,0.007,0.043,0.01826348,55.24,0.0205,0.0,BTC-24JAN20-7750-P,8107.19,53.09,0.017,63.3,0.0195,40.8,57.32,4.80741,-12.20938,-0.74768,0.00044,-0.2903
8132.21,SYN.BTC-24JAN20,1578913144544,open,0.02,88.4,0.007,0.043,0.01826348,55.24,0.0205,0.0,BTC-24JAN20-7750-P,8107.19,53.09,0.017,63.3,0.0195,55.8,57.32,4.80741,-12.20938,-0.74768,0.00044,-0.2903
151.75,SYN.ETH-25SEP20,1578913144546,open,0.05,317.0,0.028,0.084,0.052968,86.96,0.06,0.0,ETH-25SEP20-80-P,143.8,85.02,0.05,612.0,0.057,466.0,89.55,0.234,-0.03976,-0.17004,0.00167,-0.10688
149.51,ETH-26JUN20,1578913144548,open,0.01,1447.0,0.004,0.028,0.013315,94.88,0.014,0.0,ETH-26JUN20-60-P,143.8,88.76,0.01,925.0,0.017,300.0,100.88,0.0866,-0.02492,-0.03601,0.0009,-0.04001
149.51,ETH-26JUN20,1578913144550,open,0.01,635.0,0.003,0.039,0.014642,111.55,0.022,0.0,ETH-26JUN20-640-C,143.8,109.39,0.013,707.0,0.016,550.0,113.23,0.11788,-0.03988,0.02985,0.00105,0.05884
149.5,ETH-26JUN20,1578913144633,open,0.61,3.0,0.593,0.633,0.612004,94.92,0.588,0.0,ETH-26JUN20-60-C,143.79,52.53,0.599,56.0,0.619,54.0,105.83,0.08668,-0.02495,0.23497,0.0009,0.95995
149.5,ETH-26JUN20,1578913144633,open,1.99,0.0,1.868,2.088,1.971418,102.38,None,0.0,ETH-26JUN20-440-P,143.79,0.0,0.01,50.0,0.0,0.0,0.0,0.18937,-0.0588,-1.93211,0.00183,-0.88965
146.46,ETH-27MAR20,1578913144633,open,0.0,2448.0,0.001,0.013,0.003041,119.48,0.005,0.0,ETH-27MAR20-520-C,143.79,113.58,0.002,3146.0,0.004,950.0,123.78,0.02969,-0.02401,0.00455,0.00057,0.01838
149.5,ETH-26JUN20,1578913144633,open,0.59,0.0,0.504,0.661,0.580377,88.22,None,0.0,ETH-26JUN20-220-P,143.79,0.0,0.471,1.0,0.0,0.0,0.0,0.37636,-0.10069,-0.82328,0.00423,-0.63873
149.5,ETH-26JUN20,1578913144633,open,0.07,643.0,0.037,0.104,0.067418,86.58,0.068,0.0,ETH-26JUN20-100-P,143.79,82.67,0.061,200.0,0.072,288.0,89.33,0.24751,-0.06499,-0.15564,0.00283,-0.16305
146.46,ETH-27MAR20,1578913144633,open,0.0,3792.0,0.001,0.011,0.001045,120.0,0.001,0.0,ETH-27MAR20-640-C,143.79,119.47,0.001,650.0,0.002,600.0,128.53,0.0127,-0.01032,0.00174,0.00024,0.00691
149.5,ETH-26JUN20,1578913144633,open,0.05,426.0,0.021,0.096,0.052884,95.76,0.054,0.0,ETH-26JUN20-320-C,143.79,94.18,0.05,30.0,0.055,650.0,96.89,0.27677,-0.08037,0.09577,0.00286,0.1947
149.5,ETH-26JUN20,1578913144633,open,0.13,2776.0,0.084,0.188,0.134669,88.26,0.134,0.0,ETH-26JUN20-200-C,143.79,85.33,0.127,418.0,0.135,650.0,88.38,0.39338,-0.10528,0.19476,0.00441,0.42307
146.45,ETH-27MAR20,1578913144633,open,0.02,2251.0,0.005,0.041,0.01773,96.69,0.019,0.0,ETH-27MAR20-280-C,143.79,94.47,0.016,525.0,0.019,970.0,98.25,0.11698,-0.07655,0.02486,0.00279,0.10161
146.45,ETH-27MAR20,1578913144633,open,0.0,1192.0,0.001,0.018,0.005067,114.41,0.006,0.0,ETH-27MAR20-440-C,143.79,110.66,0.004,1150.0,0.006,850.0,117.29,0.0449,-0.03477,0.00741,0.0009,0.03006
146.45,ETH-27MAR20,1578913144633,open,0.68,118.0,0.605,0.736,0.667038,90.68,0.978,0.0,ETH-27MAR20-240-P,143.79,0.0,0.005,10.0,0.0,0.0,0.0,0.15833,-0.09717,-0.4476,0.00402,-0.843
146.45,ETH-27MAR20,1578913144633,open,0.0,1737.0,0.001,0.015,0.004053,117.75,0.005,0.0,ETH-27MAR20-480-C,143.79,113.19,0.003,1110.0,0.005,1400.0,121.21,0.03731,-0.02974,0.00594,0.00073,0.02408
149.5,ETH-26JUN20,1578913144633,open,3.06,0.0,2.901,3.174,3.029268,109.43,None,0.0,ETH-26JUN20-600-P,143.79,0.0,0.01,50.0,0.0,0.0,0.0,0.12595,-0.0418,-2.67776,0.00114,-0.93595
149.5,ETH-26JUN20,1578913144633,open,0.02,195.0,0.006,0.051,0.021202,106.69,0.026,0.0,ETH-26JUN20-520-C,143.79,104.49,0.019,120.0,0.023,650.0,108.39,0.1547,-0.05005,0.04228,0.00144,0.08381
149.5,ETH-26JUN20,1578913144633,open,0.71,4.0,0.618,0.782,0.697036,89.66,0.934,0.0,ETH-26JUN20-240-P,143.79,0.0,0.01,50.0,0.0,0.0,0.0,0.35651,-0.09694,-0.93389,0.00394,-0.68587
149.5,ETH-26JUN20,1578913144633,open,0.07,611.0,0.031,0.114,0.068063,92.75,0.077,0.0,ETH-26JUN20-280-C,143.79,90.81,0.064,433.0,0.071,650.0,94.14,0.31487,-0.08857,0.11852,0.00336,0.24357
146.45,ETH-27MAR20,1578913144633,open,0.01,1572.0,0.001,0.026,0.00911,107.53,0.01,0.0,ETH-27MAR20-360-C,143.79,105.16,0.008,50.0,0.01,1135.0,109.32,0.07108,-0.05173,0.01298,0.00152,0.05291
146.45,ETH-27MAR20,1578913144633,open,0.0,1809.0,0.001,0.012,0.002155,120.0,0.003,0.0,ETH-27MAR20-560-C,143.79,118.98,0.002,870.0,0.003,400.0,124.85,0.02264,-0.01839,0.00333,0.00043,0.0134
149.5,ETH-26JUN20,1578913144633,open,0.27,658.0,0.208,0.336,0.270662,85.46,0.277,0.0,ETH-26JUN20-160-P,143.79,82.18,0.262,180.0,0.282,180.0,89.75,0.39517,-0.10241,-0.47513,0.00458,-0.4329
146.45,ETH-27MAR20,1578913144633,open,0.05,3107.0,0.023,0.088,0.052467,85.48,0.053,0.0,ETH-27MAR20-200-C,143.79,84.49,0.051,228.0,0.053,7.0,85.84,0.21715,-0.12563,0.06397,0.00585,0.26827
146.45,ETH-27MAR20,1578913144633,open,0.04,1701.0,0.015,0.071,0.038971,88.88,0.039,0.0,ETH-27MAR20-220-C,143.79,87.33,0.037,303.0,0.04,650.0,89.68,0.18814,-0.11317,0.04973,0.00488,0.20673
149.5,ETH-26JUN20,1578913144634,open,0.02,295.0,0.005,0.047,0.018676,108.55,0.017,0.0,ETH-26JUN20-560-C,143.79,106.73,0.017,120.0,0.02,562.0,109.93,0.14104,-0.04643,0.03748,0.00129,0.07418
149.5,ETH-26JUN20,1578913144633,open,0.03,1009.0,0.014,0.056,0.031576,88.17,0.036,0.0,ETH-26JUN20-80-P,143.79,84.78,0.028,200.0,0.035,500.0,91.3,0.16084,-0.04301,-0.08094,0.00181,-0.08828
146.45,ETH-27MAR20,1578913144633,open,0.01,1521.0,0.001,0.02,0.006156,109.75,0.006,0.0,ETH-27MAR20-400-C,143.79,106.35,0.005,1150.0,0.008,1275.0,114.42,0.05314,-0.03947,0.00911,0.00112,0.03688
149.5,ETH-26JUN20,1578913144634,open,0.95,0.0,0.857,1.032,0.940859,92.7,None,0.0,ETH-26JUN20-280-P,143.79,0.0,0.011,3.0,0.0,0.0,0.0,0.3147,-0.08847,-1.14637,0.00336,-0.75667
146.45,ETH-27MAR20,1578913144634,open,2.58,0.0,2.448,2.67,2.553498,118.26,None,0.0,ETH-27MAR20-520-P,143.79,0.0,0.006,50.0,0.0,0.0,0.0,0.02803,-0.02244,-1.04821,0.00055,-0.98282
149.49,ETH-26JUN20,1578913144634,open,0.38,426.0,0.301,0.444,0.371093,88.23,0.47,0.0,ETH-26JUN20-180-P,143.79,80.73,0.351,180.0,0.408,200.0,102.01,0.40077,-0.10724,-0.59271,0.0045,-0.50665
146.45,ETH-27MAR20,1578913144634,open,0.24,158.0,0.201,0.28,0.241451,81.54,0.211,0.0,ETH-27MAR20-120-C,143.79,58.22,0.211,42.0,0.265,42.0,98.26,0.20189,-0.11142,0.15555,0.0057,0.76621
151.74,SYN.ETH-25SEP20,1578913144632,open,0.07,109.0,0.033,0.127,0.073554,98.06,0.074,0.0,ETH-25SEP20-400-C,143.79,96.21,0.069,396.0,0.078,946.0,99.83,0.37679,-0.0722,0.15645,0.00238,0.22063
146.45,ETH-27MAR20,1578913144634,open,0.0,8174.0,0.001,0.011,0.001493,120.0,0.002,0.0,ETH-27MAR20-600-C,143.79,115.1,0.001,5149.0,0.003,1350.0,129.97,0.01692,-0.01375,0.0024,0.00032,0.00959
146.45,ETH-27MAR20,1578913144634,open,2.03,0.0,1.918,2.111,2.0093,113.73,None,0.0,ETH-27MAR20-440-P,143.79,0.0,0.003,50.0,0.0,0.0,0.0,0.04371,-0.03364,-0.88337,0.00089,-0.9709
146.45,ETH-27MAR20,1578913144634,open,0.06,1696.0,0.032,0.096,0.060788,81.5,0.067,0.0,ETH-27MAR20-120-P,143.79,80.93,0.06,25.0,0.062,650.0,82.38,0.20186,-0.11135,-0.0873,0.00571,-0.23373
146.45,ETH-27MAR20,1578913144634,open,0.12,606.0,0.077,0.165,0.119412,80.4,0.113,0.0,ETH-27MAR20-140-P,143.79,78.99,0.117,20.0,0.122,650.0,81.91,0.25087,-0.13651,-0.14804,0.00719,-0.38004
149.49,ETH-26JUN20,1578913144634,open,2.79,0.0,2.642,2.902,2.764248,108.03,None,0.0,ETH-26JUN20-560-P,143.79,0.0,0.01,50.0,0.0,0.0,0.0,0.13886,-0.04549,-2.49279,0.00127,-0.92731
149.49,ETH-26JUN20,1578913144634,open,3.32,0.0,3.161,3.448,3.295576,111.19,None,0.0,ETH-26JUN20-640-P,143.79,0.0,0.01,50.0,0.0,0.0,0.0,0.11645,-0.03926,-2.86154,0.00104,-0.94206
149.49,ETH-26JUN20,1578913144634,open,0.04,778.0,0.015,0.08,0.041369,97.83,0.049,0.0,ETH-26JUN20-360-C,143.79,95.71,0.038,440.0,0.044,632.0,99.44,0.24121,-0.07156,0.07792,0.00244,0.15676
149.49,ETH-26JUN20,1578913144634,open,0.02,333.0,0.007,0.056,0.024225,104.56,0.023,0.0,ETH-26JUN20-480-C,143.79,102.55,0.022,120.0,0.026,622.0,106.08,0.17023,-0.05398,0.048,0.00161,0.09532
144.44,SYN.ETH-31JAN20,1578913144633,open,0.17,350.0,0.149,0.209,0.179498,75.6,0.125,0.0,ETH-31JAN20-120-C,143.79,0.0,0.169,1.0,0.193,54.0,102.08,0.06268,-0.13255,0.04979,0.00811,0.88333
149.49,ETH-26JUN20,1578913144634,open,2.26,0.0,2.126,2.359,2.234928,104.37,None,0.0,ETH-26JUN20-480-P,143.79,0.0,0.01,50.0,0.0,0.0,0.0,0.16942,-0.05362,-2.12049,0.00161,-0.9053
149.49,ETH-26JUN20,1578913144634,open,1.73,0.0,1.612,1.82,1.709723,100.29,None,0.0,ETH-26JUN20-400-P,143.79,0.0,0.01,50.0,0.0,0.0,0.0,0.21334,-0.06489,-1.74153,0.00211,-0.8693
146.45,ETH-27MAR20,1578913144634,open,0.94,161.0,0.863,1.004,0.929515,96.52,1.397,0.0,ETH-27MAR20-280-P,143.79,0.0,0.002,50.0,0.0,0.0,0.0,0.11655,-0.07614,-0.54197,0.00278,-0.89891
149.49,ETH-26JUN20,1578913144634,open,0.02,315.0,0.004,0.042,0.016158,109.75,0.023,0.0,ETH-26JUN20-600-C,143.79,108.36,0.015,120.0,0.017,100.0,110.73,0.12719,-0.04233,0.03289,0.00115,0.06487
149.49,ETH-26JUN20,1578913144634,open,0.48,245.0,0.398,0.549,0.472392,88.2,0.71,0.0,ETH-26JUN20-200-P,143.79,15.86,0.338,1.0,0.504,1.0,100.12,0.3933,-0.1052,-0.70873,0.00442,-0.57716
149.49,ETH-26JUN20,1578913144634,open,1.47,1.0,1.357,1.553,1.449395,97.73,1.827,0.0,ETH-26JUN20-360-P,143.79,0.0,0.015,2.0,0.0,0.0,0.0,0.24079,-0.07137,-1.54841,0.00244,-0.84364
149.49,ETH-26JUN20,1578913144635,open,0.11,780.0,0.062,0.16,0.108903,88.27,0.116,0.0,ETH-26JUN20-220-C,143.79,86.31,0.104,422.0,0.113,650.0,89.89,0.37639,-0.10075,0.17051,0.00422,0.36141
151.74,SYN.ETH-25SEP20,1578913144632,open,0.74,0.0,0.644,0.829,0.734271,90.25,None,0.0,ETH-25SEP20-240-P,143.79,0.0,0.0,0.0,0.767,1.0,100.21,0.49373,-0.08708,-1.40921,0.00339,-0.59053
146.45,ETH-27MAR20,1578913144635,open,0.07,2722.0,0.04,0.115,0.075668,83.58,0.076,0.0,ETH-27MAR20-180-C,143.79,82.58,0.074,63.0,0.078,1000.0,84.96,0.2463,-0.13932,0.08404,0.00679,0.3592
149.49,ETH-26JUN20,1578913144635,open,2.52,0.0,2.384,2.63,2.499459,106.46,None,0.0,ETH-26JUN20-520-P,143.79,0.0,0.01,50.0,0.0,0.0,0.0,0.15373,-0.04963,-2.30695,0.00143,-0.91689
146.45,ETH-27MAR20,1578913144635,open,0.03,5582.0,0.009,0.057,0.028365,90.78,0.031,0.0,ETH-27MAR20-240-C,143.79,89.51,0.027,217.0,0.029,17.0,91.36,0.15859,-0.09744,0.03824,0.00402,0.15739
146.45,ETH-27MAR20,1578913144635,open,1.21,10.0,1.125,1.278,1.196689,101.3,1.59,0.0,ETH-27MAR20-320-P,143.79,0.0,0.011,5.0,0.0,0.0,0.0,0.08697,-0.05963,-0.63083,0.00198,-0.93153
149.49,ETH-26JUN20,1578913144635,open,0.09,542.0,0.048,0.142,0.091792,89.71,0.093,0.0,ETH-26JUN20-240-C,143.79,87.69,0.087,426.0,0.096,650.0,91.47,0.35658,-0.09701,0.15026,0.00394,0.31431
151.74,SYN.ETH-25SEP20,1578913144632,open,0.09,30.0,0.04,0.141,0.085178,96.17,0.09,0.0,ETH-25SEP20-360-C,143.79,94.21,0.08,394.0,0.09,650.0,97.97,0.40486,-0.07609,0.17675,0.00261,0.25134
149.49,ETH-26JUN20,1578913144636,open,0.03,4069.0,0.011,0.071,0.034317,100.54,0.043,0.0,ETH-26JUN20-400-C,143.79,98.9,0.032,120.0,0.036,618.0,101.71,0.21441,-0.06538,0.06573,0.00211,0.13165
149.49,ETH-26JUN20,1578913144636,open,0.24,679.0,0.195,0.298,0.247313,83.57,0.249,0.0,ETH-26JUN20-140-C,143.79,81.83,0.243,180.0,0.253,738.0,85.87,0.37036,-0.09387,0.27499,0.00439,0.65454
151.74,SYN.ETH-25SEP20,1578913144633,open,2.76,0.0,2.602,2.888,2.736257,103.9,None,0.0,ETH-25SEP20-560-P,143.79,0.0,0.0,0.0,0.0,0.0,0.0,0.28715,-0.0583,-3.82198,0.00171,-0.85679
144.44,SYN.ETH-31JAN20,1578913144634,open,0.0,2277.0,0.001,0.017,0.004651,88.66,0.004,0.0,ETH-31JAN20-200-C,143.79,86.07,0.004,650.0,0.005,500.0,89.97,0.03774,-0.0936,0.00387,0.00417,0.05932
151.74,SYN.ETH-25SEP20,1578913144632,open,0.98,0.0,0.871,1.071,0.967954,92.4,None,0.0,ETH-25SEP20-280-P,143.79,0.0,0.0,0.0,0.992,1.0,100.08,0.46691,-0.0843,-1.7288,0.00313,-0.65729
151.74,SYN.ETH-25SEP20,1578913144632,open,0.15,3.0,0.094,0.214,0.152686,90.29,0.165,0.0,ETH-25SEP20-240-C,143.79,88.23,0.146,391.0,0.159,1041.0,92.22,0.49377,-0.08711,0.2733,0.00339,0.40961
144.19,SYN.ETH-24JAN20,1578913144633,open,0.0,199.0,0.001,0.012,0.002847,94.36,0.002,0.0,ETH-24JAN20-110-P,143.79,88.18,0.002,649.0,0.004,630.0,101.31,0.02173,-0.09426,-0.00187,0.00372,-0.04065
144.19,SYN.ETH-24JAN20,1578913144633,open,0.19,0.0,0.148,0.228,0.186131,76.07,None,0.0,ETH-24JAN20-170-P,143.79,0.0,0.0,0.0,0.0,0.0,0.0,0.04902,-0.17143,-0.04592,0.0104,-0.88263
144.19,SYN.ETH-24JAN20,1578913144633,open,0.0,897.0,0.001,0.015,0.003664,80.64,0.003,0.0,ETH-24JAN20-180-C,143.79,77.4,0.003,645.0,0.004,202.0,82.16,0.03109,-0.11527,0.00258,0.00622,0.06377
144.19,SYN.ETH-24JAN20,1578913144633,open,0.08,0.0,0.038,0.107,0.070691,68.2,None,0.0,ETH-24JAN20-150-P,143.79,58.01,0.064,200.0,0.071,180.0,68.67,0.09557,-0.29966,-0.0292,0.02262,-0.60896
144.44,SYN.ETH-31JAN20,1578913144634,open,0.0,827.0,0.001,0.012,0.002009,109.29,0.002,0.0,ETH-31JAN20-240-C,143.79,99.29,0.001,870.0,0.003,1080.0,116.24,0.01802,-0.05509,0.00155,0.00161,0.02395
144.44,SYN.ETH-31JAN20,1578913144634,open,0.01,2235.0,0.001,0.026,0.009289,78.14,0.009,0.0,ETH-31JAN20-180-C,143.79,75.09,0.008,900.0,0.01,540.0,79.74,0.06311,-0.13793,0.00767,0.0079,0.11778
144.19,SYN.ETH-24JAN20,1578913144633,open,0.26,0.0,0.213,0.295,0.251916,80.24,None,0.0,ETH-24JAN20-180-P,143.79,0.0,0.0,0.0,0.0,0.0,0.0,0.0307,-0.11324,-0.05109,0.00618,-0.93727
144.44,SYN.ETH-31JAN20,1578913144633,open,0.07,1859.0,0.045,0.109,0.075943,68.28,0.085,0.0,ETH-31JAN20-140-C,143.79,65.99,0.074,675.0,0.079,850.0,71.88,0.12254,-0.23404,0.03786,0.01756,0.61116
144.44,SYN.ETH-31JAN20,1578913144633,open,0.26,25.0,0.214,0.3,0.255364,77.94,0.35,0.0,ETH-31JAN20-180-P,143.79,0.0,0.012,5.0,0.0,0.0,0.0,0.06285,-0.13702,-0.08052,0.00789,-0.8829
144.44,SYN.ETH-31JAN20,1578913144634,open,0.31,1.0,0.287,0.334,0.310618,95.66,0.245,0.0,ETH-31JAN20-100-C,143.79,0.0,0.307,3.0,0.319,36.0,129.93,0.02334,-0.06246,0.04646,0.00239,0.96732
144.44,SYN.ETH-31JAN20,1578913144634,open,0.0,4174.0,0.001,0.012,0.002882,95.36,0.006,0.0,ETH-31JAN20-100-P,143.79,89.27,0.002,1220.0,0.004,631.0,101.71,0.02312,-0.06168,-0.00249,0.00237,-0.03231
151.74,SYN.ETH-25SEP20,1578913144632,open,2.24,0.0,2.098,2.358,2.220479,101.36,None,0.0,ETH-25SEP20-480-P,143.79,0.0,0.0,0.0,0.0,0.0,0.0,0.32809,-0.06498,-3.23899,0.00201,-0.8245
144.44,SYN.ETH-31JAN20,1578913144633,open,0.4,0.0,0.346,0.437,0.389178,88.29,None,0.0,ETH-31JAN20-200-P,143.79,0.0,0.011,3.0,0.0,0.0,0.0,0.03731,-0.09215,-0.09414,0.00414,-0.94154
144.19,SYN.ETH-24JAN20,1578913144633,open,0.0,85.0,0.001,0.016,0.00425,75.43,0.004,0.0,ETH-24JAN20-120-P,143.79,74.34,0.004,950.0,0.005,10.0,78.54,0.03343,-0.11594,-0.00319,0.00715,-0.07003
144.19,SYN.ETH-24JAN20,1578913144633,open,0.23,0.0,0.215,0.266,0.240026,94.71,None,0.0,ETH-24JAN20-110-C,143.79,0.0,0.237,1.0,0.249,33.0,133.61,0.02195,-0.09558,0.03088,0.00374,0.95884
144.44,SYN.ETH-31JAN20,1578913144633,open,0.0,2097.0,0.001,0.012,0.002602,97.69,0.004,0.0,ETH-31JAN20-220-C,143.79,93.69,0.002,650.0,0.003,150.0,100.03,0.02355,-0.06435,0.00215,0.00236,0.03303
144.19,SYN.ETH-24JAN20,1578913144633,open,0.17,0.0,0.144,0.2,0.172082,75.68,None,0.0,ETH-24JAN20-120-C,143.79,0.0,0.167,1.0,0.184,32.0,112.31,0.03365,-0.11708,0.03254,0.00718,0.92937
144.44,SYN.ETH-31JAN20,1578913144633,open,0.81,0.0,0.748,0.861,0.801427,117.43,None,0.0,ETH-31JAN20-260-P,143.79,0.0,0.011,3.0,0.0,0.0,0.0,0.01314,-0.04317,-0.12627,0.0011,-0.98349
144.44,SYN.ETH-31JAN20,1578913144636,open,0.68,0.0,0.614,0.719,0.663442,108.36,None,0.0,ETH-31JAN20-240-P,143.79,0.0,0.011,3.0,0.0,0.0,0.0,0.01734,-0.05256,-0.11605,0.00157,-0.97712
144.44,SYN.ETH-31JAN20,1578913144634,open,0.0,1805.0,0.001,0.011,0.001542,118.76,0.001,0.0,ETH-31JAN20-260-C,143.79,112.29,0.001,843.0,0.002,1280.0,123.11,0.01391,-0.04622,0.00114,0.00115,0.01764
145.45,SYN.ETH-28FEB20,1578913144646,open,0.45,0.0,0.435,0.476,0.454817,99.65,None,0.0,ETH-28FEB20-80-C,143.79,0.0,0.449,1.0,0.461,43.0,119.36,0.03588,-0.03897,0.09403,0.00135,0.96917
146.45,ETH-27MAR20,1578913144801,open,0.06,1696.0,0.032,0.096,0.060788,81.5,0.067,0.0,ETH-27MAR20-120-P,143.79,80.93,0.06,25.0,0.063,650.0,83.1,0.20186,-0.11135,-0.0873,0.00571,-0.23373
8132.21,SYN.BTC-24JAN20,1578913144899,open,0.01,91.1,0.0035,0.035,0.0132737,56.56,0.0125,0.0,BTC-24JAN20-8750-C,8107.19,55.11,0.0125,32.5,0.0135,0.7,56.98,4.37961,-11.38776,0.55324,0.00039,0.24159
8132.21,SYN.BTC-24JAN20,1578913144900,open,0.05,43.9,0.0265,0.077,0.04535131,54.32,0.046,0.0,BTC-24JAN20-8250-P,8107.19,50.89,0.043,41.8,0.0465,35.7,56.0,5.56851,-13.90753,-1.42417,0.00052,-0.54239
8148.3,SYN.BTC-31JAN20,1578913144903,open,0.06,790.4,0.036,0.0845,0.05871741,56.14,0.056,0.0,BTC-31JAN20-8000-C,8107.19,53.57,0.0565,56.2,0.0605,54.7,58.2,7.03703,-11.05044,2.09279,0.00039,0.58315
8148.3,SYN.BTC-31JAN20,1578913144905,open,0.06,790.4,0.036,0.0845,0.05871741,56.14,0.056,0.0,BTC-31JAN20-8000-C,8107.19,53.57,0.0565,56.2,0.0605,54.3,58.2,7.03703,-11.05044,2.09279,0.00039,0.58315
151.74,SYN.ETH-25SEP20,1578913145057,open,0.19,62.0,0.129,0.25,0.189477,86.04,0.216,0.0,ETH-25SEP20-200-C,143.79,85.9,0.189,1021.0,0.204,385.0,90.39,0.5067,-0.08519,0.32047,0.00365,0.49075
151.74,SYN.ETH-25SEP20,1578913145059,open,0.15,3.0,0.094,0.214,0.152686,90.29,0.165,0.0,ETH-25SEP20-240-C,143.79,88.23,0.146,391.0,0.158,624.0,91.92,0.49377,-0.08711,0.2733,0.00339,0.40961
151.74,SYN.ETH-25SEP20,1578913145070,open,0.05,0.0,0.019,0.098,0.050516,102.52,None,0.0,ETH-25SEP20-520-C,143.79,100.75,0.047,300.0,0.055,949.0,104.71,0.30567,-0.06124,0.11358,0.00185,0.15729
151.74,SYN.ETH-25SEP20,1578913145072,open,0.05,55.0,0.016,0.092,0.045892,104.03,0.058,0.0,ETH-25SEP20-560-C,143.79,101.94,0.042,894.0,0.05,950.0,106.15,0.28789,-0.05853,0.1041,0.00171,0.14376
151.74,SYN.ETH-25SEP20,1578913145075,open,0.05,317.0,0.028,0.084,0.052968,86.95,0.06,0.0,ETH-25SEP20-80-P,143.79,85.01,0.05,619.0,0.057,466.0,89.54,0.234,-0.03976,-0.17004,0.00167,-0.10689
149.49,ETH-26JUN20,1578913145077,open,0.03,752.0,0.009,0.062,0.028279,102.39,0.03,0.0,ETH-26JUN20-440-C,143.79,100.56,0.026,120.0,0.03,599.0,103.73,0.18937,-0.0588,0.05543,0.00183,0.11036
149.5,ETH-26JUN20,1578913145080,open,0.01,1447.0,0.004,0.028,0.013315,94.87,0.014,0.0,ETH-26JUN20-60-P,143.79,88.76,0.01,931.0,0.017,300.0,100.87,0.0866,-0.02492,-0.03601,0.0009,-0.04001
149.49,ETH-26JUN20,1578913145082,open,0.01,635.0,0.003,0.039,0.014642,111.56,0.022,0.0,ETH-26JUN20-640-C,143.79,109.4,0.013,709.0,0.016,550.0,113.24,0.11786,-0.03987,0.02984,0.00105,0.05883
145.45,SYN.ETH-28FEB20,1578913145128,open,0.12,74.0,0.085,0.159,0.122498,74.2,0.131,0.0,ETH-28FEB20-140-C,143.79,71.63,0.119,144.0,0.124,40.0,75.3,0.19799,-0.16012,0.08894,0.01003,0.60902
146.46,ETH-27MAR20,1578913145130,open,0.2,111.0,0.157,0.24,0.199309,80.69,0.181,0.0,ETH-27MAR20-130-C,143.79,78.59,0.196,20.0,0.201,650.0,81.76,0.23082,-0.12606,0.14692,0.00659,0.69494
144.19,SYN.ETH-24JAN20,1578913145134,open,0.13,0.0,0.086,0.162,0.122805,68.92,None,0.0,ETH-24JAN20-160-P,143.79,58.52,0.118,80.0,0.125,60.0,73.26,0.07123,-0.22569,-0.03932,0.01669,-0.79247
144.44,SYN.ETH-31JAN20,1578913145138,open,0.09,432.0,0.049,0.121,0.082907,68.73,0.086,0.0,ETH-31JAN20-150-P,143.79,63.07,0.078,260.0,0.084,180.0,69.98,0.12565,-0.24154,-0.04607,0.01789,-0.56833
144.19,SYN.ETH-24JAN20,1578913145140,open,0.04,379.0,0.01,0.061,0.032196,66.72,0.032,0.0,ETH-24JAN20-140-P,143.79,64.9,0.031,650.0,0.034,250.0,69.47,0.09453,-0.28997,-0.01757,0.02287,-0.37687
144.44,SYN.ETH-31JAN20,1578913145148,open,0.12,137.0,0.089,0.153,0.121357,69.52,0.119,0.0,ETH-31JAN20-130-C,143.79,67.45,0.12,650.0,0.125,710.0,74.95,0.09541,-0.18554,0.04637,0.01343,0.77688
8116.12,SYN.BTC-17JAN20,1578913145148,open,0.01,513.7,0.0005,0.0255,0.00680418,56.09,0.0065,0.0,BTC-17JAN20-7750-P,8107.19,55.04,0.0065,4.0,0.0075,40.7,58.44,2.36912,-17.14343,-0.18165,0.0006,-0.20397
8116.12,SYN.BTC-17JAN20,1578913145152,open,0.05,295.6,0.031,0.0765,0.05194507,56.2,0.0565,0.0,BTC-17JAN20-7750-C,8107.19,51.09,0.0505,4.7,0.0535,0.6,61.38,2.37196,-17.19626,0.6409,0.0006,0.79562
146.45,ETH-27MAR20,1578913145153,open,0.11,2397.0,0.069,0.152,0.109975,81.33,0.112,0.0,ETH-27MAR20-160-C,143.79,80.22,0.108,20.0,0.112,650.0,82.46,0.26239,-0.14443,0.10865,0.00743,0.47651
145.45,SYN.ETH-28FEB20,1578913145155,open,0.02,153.0,0.007,0.042,0.020988,79.97,0.024,0.0,ETH-28FEB20-110-P,143.79,78.64,0.02,240.0,0.023,824.0,82.62,0.109,-0.095,-0.02757,0.00513,-0.12985
146.45,ETH-27MAR20,1578913145156,open,0.11,2397.0,0.069,0.152,0.109975,81.33,0.112,0.0,ETH-27MAR20-160-C,143.79,79.67,0.107,164.0,0.112,650.0,82.46,0.26239,-0.14443,0.10865,0.00743,0.47651
143.94,SYN.ETH-17JAN20,1578913145157,open,0.12,95.0,0.081,0.153,0.115254,77.73,0.12,0.0,ETH-17JAN20-160-P,143.79,0.0,0.11,60.0,0.117,60.0,86.54,0.02606,-0.26133,-0.01551,0.01524,-0.89984
8132.21,SYN.BTC-24JAN20,1578913145157,open,0.02,139.5,0.008,0.046,0.02051403,55.45,0.0195,0.0,BTC-24JAN20-8500-C,8107.19,53.84,0.0195,19.2,0.0215,29.0,57.01,5.1397,-13.1032,0.77256,0.00047,0.33935
145.45,SYN.ETH-28FEB20,1578913145159,open,0.09,14.0,0.05,0.123,0.08495,74.15,0.12,0.0,ETH-28FEB20-140-P,143.79,71.98,0.082,862.0,0.088,1116.0,76.39,0.19799,-0.16001,-0.08701,0.01004,-0.39098
8431.73,BTC-26JUN20,1578913145160,open,0.21,234.1,0.175,0.265,0.21639583,73.36,0.2145,0.0,BTC-26JUN20-8000-C,8107.19,72.21,0.2135,3.0,0.22,15.2,74.79,21.24127,-4.72556,16.05791,9e-05,0.638
145.45,SYN.ETH-28FEB20,1578913145160,open,0.09,14.0,0.05,0.123,0.08495,74.15,0.12,0.0,ETH-28FEB20-140-P,143.79,71.98,0.082,862.0,0.088,924.0,76.39,0.19799,-0.16001,-0.08701,0.01004,-0.39098
144.44,SYN.ETH-31JAN20,1578913145162,open,0.0,2097.0,0.001,0.012,0.002602,97.69,0.004,0.0,ETH-31JAN20-220-C,143.79,93.69,0.002,650.0,0.003,450.0,100.03,0.02355,-0.06435,0.00215,0.00236,0.03303
8557.88,SYN.BTC-25SEP20,1578913145163,open,0.15,96.7,0.101,0.193,0.1413158,74.03,0.139,0.0,BTC-25SEP20-7000-P,8107.19,72.08,0.136,8.2,0.14,0.3,73.55,23.37932,-3.38203,-24.2566,6e-05,-0.26301
143.94,SYN.ETH-17JAN20,1578913145164,open,0.0,2278.0,0.001,0.018,0.003754,78.15,0.003,0.0,ETH-17JAN20-160-C,143.79,73.82,0.003,650.0,0.004,500.0,79.48,0.02631,-0.26525,0.00149,0.0153,0.10147
8557.88,SYN.BTC-25SEP20,1578913145164,open,0.19,65.8,0.143,0.2505,0.19140296,75.16,0.195,0.0,BTC-25SEP20-10000-C,8107.19,74.89,0.1905,13.2,0.1985,8.5,77.29,28.52095,-4.18894,20.12072,7e-05,0.52679
8116.12,SYN.BTC-17JAN20,1578913145168,open,0.01,513.7,0.0005,0.0255,0.00680418,56.09,0.0065,0.0,BTC-17JAN20-7750-P,8107.19,55.04,0.0065,4.0,0.0075,53.2,58.44,2.36912,-17.14343,-0.18165,0.0006,-0.20397
8132.21,SYN.BTC-24JAN20,1578913145178,open,0.02,139.5,0.008,0.046,0.02051403,55.45,0.0195,0.0,BTC-24JAN20-8500-C,8107.19,53.84,0.0195,19.2,0.0215,28.9,57.01,5.1397,-13.1032,0.77256,0.00047,0.33935
8277.0,BTC-27MAR20,1578913145419,open,0.02,721.9,0.005,0.04,0.01635608,81.88,0.0165,0.0,BTC-27MAR20-14000-C,8107.19,80.21,0.015,51.5,0.017,26.0,82.65,6.86426,-3.80393,1.51859,6e-05,0.10701
8148.3,SYN.BTC-31JAN20,1578913145422,open,0.02,758.7,0.0055,0.037,0.01724541,58.46,0.0165,0.0,BTC-31JAN20-9000-C,8107.19,56.63,0.016,66.4,0.018,24.1,59.54,5.61593,-9.18328,0.89208,0.0003,0.2408
8148.3,SYN.BTC-31JAN20,1578913145427,open,0.02,758.7,0.0055,0.037,0.01724541,58.46,0.0165,0.0,BTC-31JAN20-9000-C,8107.19,56.63,0.016,66.5,0.018,24.1,59.54,5.61593,-9.18328,0.89208,0.0003,0.2408
8148.3,SYN.BTC-31JAN20,1578913145441,open,0.06,790.4,0.036,0.0845,0.05870008,56.14,0.056,0.0,BTC-31JAN20-8000-C,8107.19,53.57,0.0565,56.2,0.0605,72.3,58.2,7.03703,-11.05044,2.09279,0.00039,0.58315
8132.21,SYN.BTC-24JAN20,1578913145451,open,0.03,104.2,0.0145,0.0585,0.02954887,54.33,0.031,0.0,BTC-24JAN20-8000-P,8107.19,52.05,0.028,37.2,0.031,58.7,56.51,5.46426,-13.64936,-1.07059,0.00051,-0.41229
8116.12,SYN.BTC-17JAN20,1578913145453,open,0.04,175.6,0.013,0.0595,0.03154983,53.85,0.0305,0.0,BTC-17JAN20-8250-P,8107.19,51.25,0.0305,0.1,0.032,1.1,55.04,3.21957,-22.36846,-0.54881,0.00085,-0.6053
8132.21,SYN.BTC-24JAN20,1578913145455,open,0.04,20.4,0.0275,0.075,0.04580629,54.38,0.045,0.0,BTC-24JAN20-8000-C,8107.19,52.41,0.0445,42.6,0.0475,38.7,56.87,5.4644,-13.66172,1.31294,0.00051,0.58767
8132.21,SYN.BTC-24JAN20,1578913145459,open,0.05,43.9,0.0265,0.077,0.04537038,54.32,0.046,0.0,BTC-24JAN20-8250-P,8107.19,50.89,0.043,41.8,0.0465,17.7,56.0,5.56851,-13.90753,-1.42417,0.00052,-0.54239
8132.21,SYN.BTC-24JAN20,1578913145468,open,0.03,104.2,0.0145,0.0585,0.02954887,54.33,0.031,0.0,BTC-24JAN20-8000-P,8107.19,52.05,0.028,37.0,0.031,58.7,56.51,5.46426,-13.64936,-1.07059,0.00051,-0.41229
8132.21,SYN.BTC-24JAN20,1578913145479,open,0.03,79.8,0.0155,0.0595,0.03088583,54.37,0.0295,0.0,BTC-24JAN20-8250-C,8107.19,53.06,0.03,2.5,0.0325,36.8,56.71,5.56862,-13.92018,1.03412,0.00052,0.45768
8132.21,SYN.BTC-24JAN20,1578913145481,open,0.0,82.8,0.0005,0.014,0.00324755,67.39,0.0035,0.0,BTC-24JAN20-9750-C,8107.19,63.8,0.0025,89.5,0.0035,30.0,68.49,1.81399,-5.62019,0.15353,0.00014,0.06661
8276.97,BTC-27MAR20,1578913145520,open,1.19,0.0,1.1345,1.2395,1.18198041,92.51,1.23,0.0,BTC-27MAR20-18000-P,8106.91,0.0,0.0125,1.0,0.0,0.0,0.0,3.75413,-2.35049,-35.73956,3e-05,-0.9514
8431.75,BTC-26JUN20,1578913145520,open,1.64,0.0,1.5675,1.7135,1.63250049,90.5,None,0.0,BTC-26JUN20-22000-P,8106.91,0.0,0.11,1.0,2.22,0.1,339.97,10.05997,-2.76097,-96.3961,3e-05,-0.89842
8431.75,BTC-26JUN20,1578913145520,open,0.33,137.1,0.272,0.3865,0.32367637,75.43,0.38,0.0,BTC-26JUN20-10000-P,8106.91,66.53,0.3,0.3,0.3515,7.4,85.82,22.53013,-5.15368,-32.63141,9e-05,-0.53307
8276.97,BTC-27MAR20,1578913145520,open,0.27,149.5,0.228,0.317,0.26838872,71.39,0.264,0.0,BTC-27MAR20-10000-P,8106.91,65.89,0.2595,12.4,0.283,8.2,80.16,13.55389,-6.54873,-15.64935,0.00014,-0.66576
8276.97,BTC-27MAR20,1578913145520,open,0.03,1733.7,0.012,0.058,0.02892283,76.15,0.0285,0.0,BTC-27MAR20-12000-C,8106.91,74.5,0.027,61.0,0.03,19.3,77.05,9.79295,-5.04712,2.54172,9e-05,0.18064
8276.97,BTC-27MAR20,1578913145520,open,0.0,150.6,0.0005,0.0105,0.0006174,110.0,0.001,0.0,BTC-27MAR20-34000-C,8106.91,107.88,0.0005,63.2,0.0015,35.0,120.25,0.49592,-0.36921,0.06604,0.0,0.00456
8276.97,BTC-27MAR20,1578913145520,open,0.18,125.9,0.141,0.225,0.17924302,70.24,0.173,0.0,BTC-27MAR20-9000-P,8106.91,68.42,0.176,10.4,0.1845,24.6,73.19,14.77065,-7.02216,-12.09281,0.00015,-0.54261
8276.97,BTC-27MAR20,1578913145520,open,3.85,1.0,3.7385,3.932,3.83286579,108.72,4.54,0.0,BTC-27MAR20-40000-P,8106.91,0.0,0.0005,2.0,0.0,0.0,0.0,0.17705,-0.13028,-80.93825,0.0,-0.99854
8276.97,BTC-27MAR20,1578913145520,open,0.95,1.2,0.899,0.9985,0.94380589,87.88,0.95,0.0,BTC-27MAR20-16000-P,8106.91,0.0,0.5855,1.0,1.2455,1.0,285.91,5.04735,-3.0022,-31.37642,4e-05,-0.92913
8276.97,BTC-27MAR20,1578913145520,open,0.01,1625.8,0.001,0.0305,0.01074303,87.9,0.0105,0.0,BTC-27MAR20-16000-C,8106.91,86.66,0.01,1.0,0.011,24.4,88.32,5.05036,-3.00464,1.00817,4e-05,0.07092
8431.75,BTC-26JUN20,1578913145520,open,0.65,17.9,0.639,0.6625,0.64893565,85.41,0.643,0.0,BTC-26JUN20-3000-C,8106.91,0.0,0.641,10.0,0.658,10.0,106.92,2.55986,-0.66302,12.66911,1e-05,0.98157
8431.75,BTC-26JUN20,1578913145520,open,0.02,29.5,0.006,0.05,0.01974451,92.92,0.021,0.0,BTC-26JUN20-24000-C,8106.91,91.23,0.018,35.6,0.021,25.9,94.09,8.93378,-2.51749,2.54218,3e-05,0.08649
8431.75,BTC-26JUN20,1578913145520,open,0.03,342.3,0.014,0.054,0.02935883,74.85,0.0295,0.0,BTC-26JUN20-5000-P,8106.91,73.24,0.0275,29.0,0.0305,5.0,75.82,9.83401,-2.23218,-4.86872,4e-05,-0.09847
8276.97,BTC-27MAR20,1578913145520,open,0.0,296.9,0.0005,0.0105,0.00042612,110.0,0.001,0.0,BTC-27MAR20-36000-C,8106.91,111.58,0.0005,23.6,0.001,18.4,119.15,0.36451,-0.27138,0.04704,0.0,0.00323
8276.97,BTC-27MAR20,1578913145520,open,0.0,1361.1,0.0005,0.0135,0.00397036,89.89,0.0035,0.0,BTC-27MAR20-4000-P,8106.91,87.88,0.0035,9.0,0.0045,87.7,92.0,2.00925,-1.22244,-0.44736,2e-05,-0.02273
8431.47,BTC-26JUN20,1578913145520,open,0.11,346.0,0.071,0.1505,0.1055371,73.35,0.107,0.0,BTC-26JUN20-7000-P,8106.91,71.98,0.1025,3.0,0.107,14.3,74.02,18.60886,-4.13961,-14.16359,8e-05,-0.26635
8431.47,BTC-26JUN20,1578913145520,open,0.52,8.8,0.457,0.579,0.51209125,76.84,0.535,0.0,BTC-26JUN20-12000-P,8106.91,71.83,0.5,0.1,0.54,0.1,87.96,20.6531,-4.81255,-44.81779,8e-05,-0.66466
8276.97,BTC-27MAR20,1578913145520,open,0.49,55.3,0.4375,0.529,0.47872312,76.14,0.49,0.0,BTC-27MAR20-12000-P,8106.91,0.0,0.3565,0.1,0.75,0.2,237.54,9.79224,-5.04644,-21.74643,9e-05,-0.81938
8276.97,BTC-27MAR20,1578913145520,open,2.88,0.0,2.791,2.9495,2.86702904,109.71,None,0.0,BTC-27MAR20-32000-P,8106.91,0.0,0.001,1.0,0.0,0.0,0.0,0.66439,-0.49334,-64.67634,0.0,-0.99366
8276.69,BTC-27MAR20,1578913145521,open,3.13,0.0,3.0275,3.195,3.10838591,107.15,None,0.0,BTC-27MAR20-34000-P,8106.91,0.0,0.0,0.0,0.0,0.0,0.0,0.39856,-0.28903,-68.76364,0.0,-0.99643
8276.69,BTC-27MAR20,1578913145521,open,1.43,5.2,1.3705,1.4835,1.4221108,97.98,2.035,0.0,BTC-27MAR20-20000-P,8106.91,0.0,0.0,0.0,0.0,0.0,0.0,3.04122,-2.01686,-39.94769,2e-05,-0.96255
8431.47,BTC-26JUN20,1578913145521,open,0.24,113.8,0.1895,0.2945,0.23685289,73.41,0.2375,0.0,BTC-26JUN20-9000-P,8106.91,69.34,0.226,18.9,0.246,23.3,76.84,22.45962,-4.99979,-26.32915,0.0001,-0.45445
8276.69,BTC-27MAR20,1578913145521,open,0.05,427.3,0.03,0.0845,0.05259517,68.91,0.054,0.0,BTC-27MAR20-7000-P,8106.91,67.78,0.051,24.3,0.054,12.9,69.91,11.66451,-5.4405,-4.9586,0.00012,-0.24341
8431.47,BTC-26JUN20,1578913145521,open,1.18,1.1,1.1105,1.2455,1.17038723,85.45,1.35,0.0,BTC-26JUN20-18000-P,8106.91,0.0,0.9,0.1,2.1,0.1,500.0,13.25331,-3.43426,-76.92231,5e-05,-0.84931
8431.47,BTC-26JUN20,1578913145521,open,1.88,0.0,1.798,1.95,1.86612871,92.83,None,0.0,BTC-26JUN20-24000-P,8106.91,0.0,0.0005,1.0,0.0,0.0,0.0,8.91011,-2.50846,-105.87724,3e-05,-0.91381
8276.69,BTC-27MAR20,1578913145520,open,0.01,658.0,0.0005,0.0205,0.00577637,98.23,0.0055,0.0,BTC-27MAR20-20000-C,8106.91,97.47,0.0055,2.0,0.006,39.5,98.83,3.07136,-2.04194,0.53825,2e-05,0.03791
8276.69,BTC-27MAR20,1578913145521,open,0.0,76.2,0.0005,0.0115,0.00199502,110.0,0.0025,0.0,BTC-27MAR20-28000-C,8106.91,106.46,0.0015,23.0,0.0025,59.0,113.02,1.27707,-0.95078,0.19055,1e-05,0.01337
8431.47,BTC-26JUN20,1578913145520,open,2.11,0.0,2.029,2.1875,2.10039505,94.84,None,0.0,BTC-26JUN20-26000-P,8106.91,0.0,0.0005,1.0,0.0,0.0,0.0,7.92366,-2.27888,-115.27125,3e-05,-0.9262
8276.69,BTC-27MAR20,1578913145520,open,0.0,866.2,0.0005,0.0105,0.00020863,110.0,0.001,0.0,BTC-27MAR20-40000-C,8106.91,118.32,0.0005,28.8,0.001,35.0,126.22,0.19956,-0.14857,0.02435,0.0,0.00166
8431.47,BTC-26JUN20,1578913145521,open,2.82,0.0,2.7245,2.9055,2.80690937,100.74,None,0.0,BTC-26JUN20-32000-P,8106.91,0.0,0.0005,1.0,0.0,0.0,0.0,5.97524,-1.82548,-143.03255,2e-05,-0.94859
8276.69,BTC-27MAR20,1578913145521,open,0.0,265.0,0.0005,0.0165,0.00401852,100.83,0.0055,0.0,BTC-27MAR20-22000-C,8106.91,98.89,0.0035,2.0,0.0045,9.6,102.49,2.3141,-1.57915,0.38338,2e-05,0.0269
8276.69,BTC-27MAR20,1578913145521,open,0.01,478.2,0.0005,0.0235,0.00728469,92.54,0.0075,0.0,BTC-27MAR20-18000-C,8106.91,90.75,0.0065,39.0,0.008,52.3,94.07,3.75796,-2.3537,0.69312,3e-05,0.04866
8431.47,BTC-26JUN20,1578913145521,open,2.59,0.0,2.4925,2.6655,2.57096245,98.78,None,0.0,BTC-26JUN20-30000-P,8106.91,0.0,0.0005,1.0,0.0,0.0,0.0,6.49057,-1.94432,-133.83048,2e-05,-0.94293
8431.47,BTC-26JUN20,1578913145521,open,0.95,5.0,0.8855,1.017,0.9439466,82.8,1.22,0.0,BTC-26JUN20-16000-P,8106.91,0.0,0.56,1.0,2.0,0.1,500.0,15.44506,-3.87827,-66.7493,6e-05,-0.80864
8431.47,BTC-26JUN20,1578913145521,open,0.43,0.0,0.4125,0.466,0.43636212,74.86,None,0.0,BTC-26JUN20-5000-C,8106.91,52.93,0.4155,8.0,0.457,8.0,91.04,9.83629,-2.23309,17.71504,4e-05,0.90149
8276.69,BTC-27MAR20,1578913145521,open,3.37,0.0,3.2645,3.4405,3.34981758,105.23,None,0.0,BTC-27MAR20-36000-P,8106.91,0.0,0.0,0.0,0.0,0.0,0.0,0.24275,-0.17289,-72.83338,0.0,-0.99794
8276.69,BTC-27MAR20,1578913145521,open,0.11,361.8,0.0725,0.1445,0.10446392,68.52,0.1055,0.0,BTC-27MAR20-8000-P,8106.91,67.39,0.1025,17.5,0.1065,20.1,69.7,14.34455,-6.65267,-8.3791,0.00015,-0.39572
8431.47,BTC-26JUN20,1578913145521,open,0.05,210.5,0.021,0.088,0.04635263,82.83,0.0475,0.0,BTC-26JUN20-16000-C,8106.91,81.54,0.044,0.3,0.0485,25.2,83.99,15.45249,-3.88163,5.52847,6e-05,0.19151
8276.69,BTC-27MAR20,1578913145521,open,0.52,20.4,0.5085,0.5365,0.52070354,89.96,0.529,0.0,BTC-27MAR20-4000-C,8106.91,62.23,0.517,11.0,0.529,11.0,114.01,2.01459,-1.22666,7.6471,2e-05,0.97719
8276.69,BTC-27MAR20,1578913145521,open,0.0,176.4,0.0005,0.011,0.00133526,110.0,0.002,0.0,BTC-27MAR20-30000-C,8106.91,106.69,0.001,39.0,0.002,35.0,115.09,0.92877,-0.69148,0.13292,1e-05,0.00927
8212.62,SYN.BTC-28FEB20,1578913145520,open,0.33,0.0,0.3195,0.357,0.33664776,75.34,None,0.0,BTC-28FEB20-5500-C,8106.91,0.0,0.33,9.1,0.3495,9.0,101.11,3.05361,-2.50733,6.32016,5e-05,0.94894
8276.69,BTC-27MAR20,1578913145521,open,0.72,59.4,0.6655,0.76,0.70779018,81.81,0.72,0.0,BTC-27MAR20-14000-P,8106.91,0.0,0.66,2.5,0.73,0.3,103.46,6.8508,-3.79307,-26.82104,6e-05,-0.89328
8431.47,BTC-26JUN20,1578913145522,open,0.54,0.5,0.522,0.5585,0.53782654,77.91,0.589,0.0,BTC-26JUN20-4000-C,8106.91,58.29,0.5285,9.0,0.5525,9.0,96.62,5.45896,-1.28983,15.8537,2e-05,0.95409
8431.47,BTC-26JUN20,1578913145522,open,0.73,12.5,0.666,0.793,0.72269491,79.73,0.742,0.0,BTC-26JUN20-14000-P,8106.91,0.0,0.5,1.0,0.792,1.0,108.97,17.96026,-4.34251,-56.13637,7e-05,-0.75124
