underlying_price,underlying_index,timestamp,state,settlement_price,open_interest,min_price,max_price,mark_price,mark_iv,last_price,interest_rate,instrument_name,index_price,bid_iv,best_bid_price,best_bid_amount,best_ask_price,best_ask_amount,ask_iv,vega,theta,rho,gamma,delta
8181.41,BTC-26JUN20,1578394740088,open,1.96,0.0,1.8845,2.0445,1.95610058,95.73,None,0.0,BTC-26JUN20-24000-P,7883.91,0.0,0.0005,1.0,0.0,0.0,0.0,9.39982,-2.63301,-109.61649,3e-05,-0.90584
8021.04,BTC-27MAR20,1578394740088,open,0.06,1188.1,0.0335,0.098,0.06057591,73.83,0.0635,0.0,BTC-27MAR20-10000-C,7883.91,72.29,0.058,13.1,0.0625,13.1,74.98,13.43049,-6.2071,4.56575,0.00013,0.32069
8021.04,BTC-27MAR20,1578394740088,open,0.01,454.0,0.0005,0.0265,0.00831855,93.88,0.0085,0.0,BTC-27MAR20-18000-C,7883.91,93.23,0.008,15.5,0.0085,24.0,94.24,4.0236,-2.36444,0.77567,3e-05,0.05251
8181.41,BTC-26JUN20,1578394740088,open,0.27,135.8,0.229,0.316,0.26915025,75.29,0.2755,0.0,BTC-26JUN20-7000-C,7883.91,72.44,0.2625,11.0,0.29,5.0,84.22,19.08792,-4.20504,16.97585,8e-05,0.71237
8181.41,BTC-26JUN20,1578394740088,open,0.37,136.4,0.314,0.438,0.36997834,81.37,0.46,0.0,BTC-26JUN20-10000-P,7883.91,69.54,0.338,6.0,0.424,9.9,101.17,22.25695,-5.2991,-34.5757,9e-05,-0.53275
8181.41,BTC-26JUN20,1578394740088,open,0.43,0.0,0.3995,0.458,0.42585181,76.26,None,0.0,BTC-26JUN20-5000-C,7883.91,72.51,0.421,5.1,0.429,5.0,78.61,10.80988,-2.41215,17.61775,5e-05,0.88583
8181.41,BTC-26JUN20,1578394740088,open,0.05,171.4,0.023,0.0945,0.05005587,85.67,0.052,0.0,BTC-26JUN20-16000-C,7883.91,84.31,0.0475,15.0,0.052,24.5,86.69,15.54581,-3.89702,5.64117,6e-05,0.19734
8021.04,BTC-27MAR20,1578394740088,open,0.28,27.1,0.257,0.3145,0.28349902,72.4,0.2555,0.0,BTC-27MAR20-6000-C,7883.91,68.71,0.2795,10.0,0.3035,8.0,89.38,8.83911,-4.00613,9.90281,9e-05,0.84766
8181.41,BTC-26JUN20,1578394740088,open,0.02,52.6,0.005,0.0465,0.01703197,99.65,0.016,0.0,BTC-26JUN20-28000-C,7883.91,98.53,0.016,20.0,0.0175,10.0,100.15,7.65232,-2.23132,2.09216,2e-05,0.07166
8021.04,BTC-27MAR20,1578394740088,open,0.02,599.5,0.0055,0.042,0.01752611,83.38,0.017,0.0,BTC-27MAR20-14000-C,7883.91,82.19,0.0165,27.0,0.0185,24.0,84.49,7.00077,-3.65416,1.60236,6e-05,0.10881
8181.41,BTC-26JUN20,1578394740088,open,1.01,5.0,0.9445,1.082,1.00570899,85.67,1.22,0.0,BTC-26JUN20-16000-P,7883.91,0.0,0.56,1.0,2.0,0.1,500.0,15.54581,-3.89702,-69.26324,6e-05,-0.80266
8021.04,BTC-27MAR20,1578394740088,open,0.2,583.6,0.164,0.2335,0.19638932,70.44,0.187,0.0,BTC-27MAR20-7000-C,7883.91,64.78,0.1875,16.0,0.2175,8.0,83.67,12.66681,-5.58537,9.16205,0.00013,0.71835
8181.41,BTC-26JUN20,1578394740088,open,0.01,165.5,0.0005,0.0165,0.00638572,86.41,0.0065,0.0,BTC-26JUN20-3000-P,7883.91,85.37,0.006,13.1,0.0065,2.0,86.72,3.06823,-0.77581,-1.13168,1e-05,-0.02316
8181.41,BTC-26JUN20,1578394740088,open,0.27,112.0,0.225,0.34,0.27695203,78.94,0.279,0.0,BTC-26JUN20-9000-P,7883.91,69.78,0.252,9.0,0.3165,3.0,93.56,22.2348,-5.13595,-28.33169,9e-05,-0.46275
8181.41,BTC-26JUN20,1578394740088,open,0.15,396.2,0.1035,0.2035,0.14769514,81.37,0.1355,0.0,BTC-26JUN20-10000-C,7883.91,76.69,0.135,12.3,0.139,17.5,78.17,22.25695,-5.2991,12.23956,9e-05,0.46725
8181.41,BTC-26JUN20,1578394740088,open,0.17,189.9,0.132,0.231,0.17689715,78.94,0.1695,0.0,BTC-26JUN20-9000-C,7883.91,75.3,0.167,11.7,0.173,15.2,77.51,22.2348,-5.13595,13.80204,9e-05,0.53725
8181.41,BTC-26JUN20,1578394740088,open,2.44,0.0,2.361,2.535,2.43942526,99.65,None,0.0,BTC-26JUN20-28000-P,7883.91,0.0,0.0005,1.0,0.0,0.0,0.0,7.65241,-2.23135,-128.99054,2e-05,-0.92834
8021.04,BTC-27MAR20,1578394740088,open,2.24,0.0,2.1785,2.319,2.24426084,107.03,None,0.0,BTC-27MAR20-26000-P,7883.91,0.0,0.0,0.0,0.0,0.0,0.0,1.65578,-1.10936,-56.63188,1e-05,-0.98207
8181.41,BTC-26JUN20,1578394740088,open,0.64,17.8,0.6285,0.655,0.63969852,86.41,0.612,0.0,BTC-26JUN20-3000-C,7883.91,0.0,0.633,6.2,0.6475,6.0,102.95,3.06764,-0.77561,12.91319,1e-05,0.97684
8181.41,BTC-26JUN20,1578394740088,open,2.2,0.0,2.1225,2.2895,2.19757535,97.9,None,0.0,BTC-26JUN20-26000-P,7883.91,0.0,0.0005,1.0,0.0,0.0,0.0,8.4854,-2.43079,-119.32785,3e-05,-0.91791
8021.04,BTC-27MAR20,1578394740088,open,2.0,0.0,1.9345,2.067,1.99592185,105.33,None,0.0,BTC-27MAR20-24000-P,7883.91,0.0,0.0005,5.0,0.0,0.0,0.0,2.11648,-1.39543,-52.16691,1e-05,-0.97604
8021.04,BTC-27MAR20,1578394740089,open,0.0,147.8,0.0005,0.0105,0.00076628,110.0,0.001,0.0,BTC-27MAR20-34000-C,7883.91,112.91,0.001,20.0,0.0015,24.2,117.76,0.58049,-0.39971,0.08124,0.0,0.00539
8021.04,BTC-27MAR20,1578394740089,open,0.01,520.7,0.0005,0.021,0.00589205,97.37,0.0065,0.0,BTC-27MAR20-20000-C,7883.91,96.33,0.0055,20.0,0.006,24.0,97.65,3.08126,-1.87814,0.55834,2e-05,0.0377
8021.04,BTC-27MAR20,1578394740089,open,0.76,59.0,0.719,0.8175,0.76294221,83.39,0.877,0.0,BTC-27MAR20-14000-P,7883.91,0.0,0.4,0.5,0.0,0.0,0.0,7.00203,-3.65515,-29.03453,6e-05,-0.89116
8021.04,BTC-27MAR20,1578394740089,open,2.99,0.0,2.9115,3.077,2.99062103,110.15,None,0.0,BTC-27MAR20-32000-P,7883.91,0.0,0.001,1.0,0.0,0.0,0.0,0.78624,-0.54213,-69.91414,1e-05,-0.9924
8021.04,BTC-27MAR20,1578394740089,open,0.53,55.3,0.4835,0.5795,0.52665347,78.44,0.55,0.0,BTC-27MAR20-12000-P,7883.91,49.01,0.5005,3.0,0.5705,3.0,108.74,9.85456,-4.83852,-23.63344,9e-05,-0.81975
7972.89,SYN.BTC-28FEB20,1578394740088,open,0.26,0.3,0.241,0.289,0.26319158,69.18,0.1885,0.0,BTC-28FEB20-6000-C,7883.91,44.04,0.25,5.1,0.284,5.0,94.09,5.69366,-3.79619,7.08979,9e-05,0.88886
8021.04,BTC-27MAR20,1578394740089,open,1.25,0.0,1.2025,1.3125,1.25243868,93.92,1.23,0.0,BTC-27MAR20-18000-P,7883.91,0.0,0.0,0.0,0.0,0.0,0.0,4.0299,-2.36926,-38.61365,3e-05,-0.94739
8021.04,BTC-27MAR20,1578394740089,open,0.0,78.2,0.0005,0.012,0.00226862,109.66,0.003,0.0,BTC-27MAR20-28000-C,7883.91,108.04,0.002,27.0,0.0025,24.0,110.95,1.38924,-0.95363,0.21665,1e-05,0.01461
8181.65,BTC-26JUN20,1578394740090,open,0.1,462.3,0.058,0.1485,0.09619096,81.36,0.0915,0.0,BTC-26JUN20-12000-C,7883.91,79.28,0.091,13.3,0.095,3.0,80.89,20.5355,-4.88908,9.37808,8e-05,0.34103
8021.04,BTC-27MAR20,1578394740088,open,0.01,1361.6,0.0005,0.0145,0.0049133,86.52,0.005,0.0,BTC-27MAR20-4000-P,7883.91,85.08,0.0045,34.0,0.005,5.0,86.81,2.36345,-1.28005,-0.56616,2e-05,-0.02734
8181.65,BTC-26JUN20,1578394740089,open,1.72,0.0,1.647,1.8,1.71514833,93.16,None,0.0,BTC-26JUN20-22000-P,7883.91,0.0,0.11,1.0,2.22,0.1,300.39,10.4419,-2.84646,-99.83091,4e-05,-0.89123
8021.04,BTC-27MAR20,1578394740088,open,0.01,289.7,0.003,0.0295,0.01293683,77.74,0.0155,0.0,BTC-27MAR20-5000-P,7883.91,76.21,0.012,24.0,0.014,15.0,79.42,4.99649,-2.43157,-1.44264,5e-05,-0.06925
8181.65,BTC-26JUN20,1578394740090,open,0.03,968.6,0.012,0.069,0.03146717,90.72,0.033,0.0,BTC-26JUN20-20000-C,7883.91,89.69,0.03,10.0,0.0325,10.0,91.43,11.79928,-3.13222,3.74795,4e-05,0.12932
8021.04,BTC-27MAR20,1578394740088,open,0.03,683.8,0.015,0.0575,0.03153563,72.41,0.0315,0.0,BTC-27MAR20-6000-P,7883.91,71.0,0.03,41.3,0.033,14.4,73.73,8.83942,-4.00646,-3.22765,9e-05,-0.15234
8181.65,BTC-26JUN20,1578394740090,open,0.34,25.9,0.3055,0.38,0.33948572,75.28,0.3185,0.0,BTC-26JUN20-6000-C,7883.91,63.84,0.3185,8.8,0.37,5.0,91.07,15.43382,-3.39972,17.83075,7e-05,0.80501
8021.04,BTC-27MAR20,1578394740090,open,0.0,786.5,0.0005,0.0105,0.00027489,110.0,0.001,0.0,BTC-27MAR20-40000-C,7883.91,115.71,0.0005,64.8,0.001,9.0,123.39,0.24686,-0.16998,0.03174,0.0,0.00208
8181.41,BTC-26JUN20,1578394740088,open,0.02,18.5,0.0075,0.056,0.02260341,95.71,0.02,0.0,BTC-26JUN20-24000-C,7883.91,94.29,0.021,20.0,0.024,26.5,96.91,9.39595,-2.63151,2.73879,3e-05,0.09411
8021.04,BTC-27MAR20,1578394740090,open,1.5,5.2,1.446,1.5625,1.49934363,97.4,2.035,0.0,BTC-27MAR20-20000-P,7883.91,0.0,0.0,0.0,0.0,0.0,0.0,3.08431,-1.88047,-43.20852,2e-05,-0.96225
8181.41,BTC-26JUN20,1578394740088,open,0.03,26.1,0.009,0.0615,0.02610935,93.09,0.0235,0.0,BTC-26JUN20-22000-C,7883.91,90.99,0.0235,20.0,0.0275,10.0,94.17,10.42226,-2.8389,3.15547,4e-05,0.10849
8181.65,BTC-26JUN20,1578394740090,open,0.04,333.4,0.019,0.065,0.03699341,76.26,0.0365,0.0,BTC-26JUN20-5000-P,7883.91,74.74,0.035,23.7,0.039,29.9,77.77,10.80985,-2.41225,-5.78985,5e-05,-0.11417
8181.41,BTC-26JUN20,1578394740088,open,0.07,591.8,0.035,0.1145,0.06663031,82.91,0.0715,0.0,BTC-26JUN20-14000-C,7883.91,81.23,0.063,14.1,0.0695,37.2,84.21,17.92143,-4.34758,7.15911,7e-05,0.25355
8181.65,BTC-26JUN20,1578394740090,open,0.53,0.5,0.5095,0.55,0.52708864,79.06,0.589,0.0,BTC-26JUN20-4000-C,7883.91,58.08,0.515,5.0,0.543,5.0,96.83,6.27559,-1.45177,15.98641,3e-05,0.94446
8021.04,BTC-27MAR20,1578394740090,open,0.13,1401.5,0.098,0.172,0.13198307,70.42,0.1315,0.0,BTC-27MAR20-8000-C,7883.91,68.8,0.129,18.7,0.134,11.7,71.52,14.74774,-6.50141,7.66317,0.00015,0.56856
8021.04,BTC-27MAR20,1578394740090,open,0.0,262.9,0.0005,0.0105,0.00053968,110.0,0.001,0.0,BTC-27MAR20-36000-C,7883.91,116.62,0.001,20.0,0.0015,42.0,121.58,0.43465,-0.29929,0.059,0.0,0.0039
8181.65,BTC-26JUN20,1578394740089,open,0.02,80.0,0.006,0.051,0.01961999,97.88,0.0175,0.0,BTC-26JUN20-26000-C,7883.91,95.77,0.0175,20.0,0.021,26.8,99.19,8.48118,-2.42908,2.39042,3e-05,0.08203
8021.04,BTC-27MAR20,1578394740090,open,0.31,136.4,0.265,0.3585,0.30730332,73.84,0.447,0.0,BTC-27MAR20-10000-P,7883.91,66.01,0.2945,14.0,0.3515,5.0,99.03,13.43075,-6.20753,-17.31785,0.00013,-0.6793
8181.65,BTC-26JUN20,1578394740089,open,0.01,262.7,0.0035,0.0415,0.01394631,103.71,0.013,0.0,BTC-26JUN20-32000-C,7883.91,101.84,0.0125,30.0,0.015,27.6,104.99,6.53953,-1.98444,1.70743,2e-05,0.05852
8021.04,BTC-27MAR20,1578394740090,open,1.01,1.2,0.9595,1.063,1.00613103,88.5,1.4,0.0,BTC-27MAR20-16000-P,7883.91,0.0,0.0,0.0,0.0,0.0,0.0,5.14994,-2.85311,-33.94935,4e-05,-0.92797
7972.89,SYN.BTC-28FEB20,1578394740088,open,0.14,2.0,0.1025,0.1735,0.13497696,63.51,0.212,0.0,BTC-28FEB20-8500-P,7883.91,0.0,0.0,0.0,0.0,0.0,0.0,11.86112,-7.26058,-7.86038,0.00021,-0.5587
8021.04,BTC-27MAR20,1578394740091,open,0.51,7.4,0.493,0.523,0.50621987,86.5,0.4255,0.0,BTC-27MAR20-4000-C,7883.91,54.99,0.5015,9.0,0.516,9.0,110.45,2.3621,-1.27907,8.18776,2e-05,0.97268
8181.65,BTC-26JUN20,1578394740090,open,2.68,0.0,2.6,2.782,2.68218653,101.87,None,0.0,BTC-26JUN20-30000-P,7883.91,0.0,0.0005,1.0,0.0,0.0,0.0,7.08098,-2.11063,-138.55534,2e-05,-0.9352
8181.65,BTC-26JUN20,1578394740090,open,2.93,0.0,2.839,3.029,2.92525256,103.85,None,0.0,BTC-26JUN20-32000-P,7883.91,0.0,0.0005,1.0,0.0,0.0,0.0,6.57176,-1.99697,-148.09171,2e-05,-0.94111
7924.73,SYN.BTC-31JAN20,1578394740088,open,0.0,143.2,0.0005,0.013,0.0030464,78.74,0.0025,0.0,BTC-31JAN20-11500-C,7883.91,76.12,0.0025,15.0,0.0035,37.0,80.7,1.75384,-2.89197,0.19262,5e-05,0.0402
7900.65,SYN.BTC-17JAN20,1578394740088,open,0.12,145.9,0.0985,0.1425,0.11963983,62.37,0.085,0.0,BTC-17JAN20-7000-C,7883.91,21.46,0.114,4.1,0.1395,4.0,109.84,2.43025,-7.67458,1.64856,0.00023,0.89084
8181.65,BTC-26JUN20,1578394740091,open,0.02,490.4,0.0065,0.034,0.01600235,79.08,0.019,0.0,BTC-26JUN20-4000-P,7883.91,77.08,0.0145,33.0,0.017,14.1,80.36,6.27815,-1.45272,-2.74136,3e-05,-0.05557
8021.04,BTC-27MAR20,1578394740091,open,0.0,115.2,0.0005,0.013,0.00277379,106.97,0.004,0.0,BTC-27MAR20-26000-C,7883.91,105.59,0.0025,20.0,0.003,24.0,108.04,1.65082,-1.10543,0.26499,1e-05,0.01787
8181.65,BTC-26JUN20,1578394740091,open,0.78,13.4,0.718,0.8515,0.77782794,82.93,1.1,0.0,BTC-26JUN20-14000-P,7883.91,0.0,0.5,1.0,1.35,0.1,315.24,17.92626,-4.34985,-58.37956,7e-05,-0.74634
8181.65,BTC-26JUN20,1578394740091,open,0.56,8.2,0.5045,0.6345,0.5629308,81.38,0.8905,0.0,BTC-26JUN20-12000-P,7883.91,0.0,0.09,1.5,0.91,0.1,212.87,20.5372,-4.89051,-46.79902,8e-05,-0.65889
7972.89,SYN.BTC-28FEB20,1578394740087,open,0.4,0.0,0.3615,0.44,0.39724826,71.15,None,0.0,BTC-28FEB20-11000-P,7883.91,0.0,0.0,0.0,0.0,0.0,0.0,6.79515,-4.65987,-14.20956,0.00011,-0.85674
7924.73,SYN.BTC-31JAN20,1578394740089,open,0.0,521.8,0.0005,0.011,0.00146275,89.27,0.0015,0.0,BTC-31JAN20-5000-P,7883.91,84.33,0.001,44.0,0.002,39.1,93.88,0.83425,-1.55959,-0.09327,2e-05,-0.01653
8021.28,BTC-27MAR20,1578394740091,open,0.21,102.3,0.17,0.2585,0.21035654,71.64,0.335,0.0,BTC-27MAR20-9000-P,7883.91,69.53,0.2065,14.1,0.2425,6.0,88.99,14.73972,-6.60962,-13.69538,0.00015,-0.56985
8181.65,BTC-26JUN20,1578394740091,open,1.24,1.1,1.176,1.3185,1.23928257,88.38,1.35,0.0,BTC-26JUN20-18000-P,7883.91,0.0,0.9,0.1,2.1,0.1,500.0,13.52439,-3.49747,-79.70793,5e-05,-0.84172
7972.89,SYN.BTC-28FEB20,1578394740087,open,0.28,0.0,0.2475,0.325,0.28316179,67.43,None,0.0,BTC-28FEB20-10000-P,7883.91,0.0,0.0,0.0,0.0,0.0,0.0,8.95517,-5.81976,-12.02002,0.00015,-0.7776
8021.28,BTC-27MAR20,1578394740092,open,2.74,0.0,2.6675,2.8245,2.74176807,110.94,None,0.0,BTC-27MAR20-30000-P,7883.91,0.0,0.0,0.0,0.0,0.0,0.0,1.10678,-0.76858,-65.48419,1e-05,-0.98877
7924.73,SYN.BTC-31JAN20,1578394740088,open,0.02,548.7,0.0065,0.039,0.01859948,59.95,0.019,0.0,BTC-31JAN20-9000-C,7883.91,58.51,0.0175,34.3,0.019,40.0,60.47,6.08921,-7.64512,1.0735,0.00025,0.22569
8181.65,BTC-26JUN20,1578394740092,open,1.48,0.1,1.411,1.558,1.47603357,90.77,1.85,0.0,BTC-26JUN20-20000-P,7883.91,0.0,0.0005,5.0,1.88,0.1,254.21,11.81206,-3.13734,-89.87757,4e-05,-0.87048
7924.73,SYN.BTC-31JAN20,1578394740089,open,0.01,795.5,0.0005,0.022,0.00766274,66.86,0.0085,0.0,BTC-31JAN20-10000-C,7883.91,65.36,0.007,15.0,0.008,24.0,67.59,3.58793,-5.02344,0.48484,0.00013,0.10119
7924.73,SYN.BTC-31JAN20,1578394740088,open,0.52,0.0,0.485,0.552,0.51632783,80.65,None,0.0,BTC-31JAN20-12000-P,7883.91,0.0,0.0,0.0,0.0,0.0,0.0,1.30889,-2.21069,-7.71429,4e-05,-0.97183
7924.73,SYN.BTC-31JAN20,1578394740088,open,0.0,431.8,0.0005,0.012,0.00206965,80.58,0.002,0.0,BTC-31JAN20-12000-C,7883.91,76.76,0.0015,67.1,0.0025,20.1,83.04,1.30442,-2.20127,0.13471,4e-05,0.02806
8181.65,BTC-26JUN20,1578394740093,open,0.21,237.3,0.1695,0.263,0.21227643,75.28,0.2095,0.0,BTC-26JUN20-8000-C,7883.91,73.26,0.207,6.1,0.2145,0.1,76.14,21.34288,-4.70152,15.55349,9e-05,0.61835
7924.73,SYN.BTC-31JAN20,1578394740088,open,0.16,10.4,0.1255,0.187,0.15429312,59.96,0.272,0.0,BTC-31JAN20-9000-P,7883.91,0.0,0.005,0.5,0.0,0.0,0.0,6.08997,-7.64749,-4.81344,0.00025,-0.77426
7972.89,SYN.BTC-28FEB20,1578394740087,open,0.02,120.1,0.006,0.0395,0.01756011,71.13,0.018,0.0,BTC-28FEB20-11000-C,7883.91,69.27,0.016,59.0,0.0185,35.0,72.23,6.79324,-4.65763,1.42367,0.00011,0.1432
7924.73,SYN.BTC-31JAN20,1578394740088,open,0.01,230.7,0.0005,0.0175,0.00540683,70.88,0.007,0.0,BTC-31JAN20-10500-C,7883.91,69.69,0.005,15.0,0.006,24.0,72.52,2.77872,-4.12453,0.34482,0.0001,0.07193
7972.89,SYN.BTC-28FEB20,1578394740088,open,0.21,11.6,0.1855,0.2395,0.21078442,66.15,0.174,0.0,BTC-28FEB20-6500-C,7883.91,40.47,0.1905,5.0,0.234,5.0,88.34,7.68175,-4.89741,6.98659,0.00013,0.82735
7924.73,SYN.BTC-31JAN20,1578394740088,open,0.31,20.2,0.293,0.3275,0.30890463,82.33,0.2455,0.0,BTC-31JAN20-5500-C,7883.91,0.0,0.3055,0.1,0.322,7.0,123.57,1.48804,-2.56547,3.412,4e-05,0.96711
8021.28,BTC-27MAR20,1578394740094,open,1.75,5.6,1.6905,1.815,1.7475852,102.25,1.545,0.0,BTC-27MAR20-22000-P,7883.91,0.0,0.0,0.0,0.0,0.0,0.0,2.60455,-1.66705,-47.69051,2e-05,-0.96927
7924.73,SYN.BTC-31JAN20,1578394740088,open,0.13,368.5,0.111,0.1605,0.13457777,61.21,0.1295,0.0,BTC-31JAN20-7000-C,7883.91,48.7,0.1265,15.0,0.1445,7.0,74.64,5.53421,-7.0943,3.49127,0.00022,0.80808
7972.89,SYN.BTC-28FEB20,1578394740087,open,0.01,68.3,0.0005,0.0235,0.00942636,73.25,0.009,0.0,BTC-28FEB20-5500-P,7883.91,71.35,0.0085,24.3,0.01,24.0,74.38,3.99473,-2.82019,-0.88957,6e-05,-0.06908
7972.89,SYN.BTC-28FEB20,1578394740087,open,0.01,86.8,0.0005,0.0165,0.00570831,78.5,0.0055,0.0,BTC-28FEB20-5000-P,7883.91,76.35,0.005,24.0,0.0065,39.1,80.75,2.7102,-2.05065,-0.54399,4e-05,-0.0423
7924.73,SYN.BTC-31JAN20,1578394740089,open,0.37,18.4,0.3565,0.3865,0.37052184,89.22,0.295,0.0,BTC-31JAN20-5000-C,7883.91,0.0,0.358,7.0,0.3815,7.0,137.82,0.83256,-1.55565,3.1776,2e-05,0.98351
7972.89,SYN.BTC-28FEB20,1578394740088,open,0.04,99.5,0.0225,0.07,0.04231539,64.36,0.041,0.0,BTC-28FEB20-7000-P,7883.91,62.86,0.0405,19.3,0.0435,15.0,65.34,9.65937,-5.99245,-3.37341,0.00017,-0.25539
8303.79,SYN.BTC-25SEP20,1578394740087,open,0.03,53.6,0.015,0.054,0.02969719,77.72,0.033,0.0,BTC-25SEP20-4000-P,7883.91,75.87,0.0275,19.7,0.0315,11.0,79.21,9.96907,-1.47938,-6.24498,3e-05,-0.07512
7924.73,SYN.BTC-31JAN20,1578394740088,open,0.33,0.0,0.301,0.3645,0.33038274,70.91,None,0.0,BTC-31JAN20-10500-P,7883.91,0.0,0.0,0.0,0.0,0.0,0.0,2.78136,-4.13009,-6.52311,0.0001,-0.92798
7924.73,SYN.BTC-31JAN20,1578394740089,open,0.0,760.1,0.0005,0.0125,0.00293963,82.35,0.0025,0.0,BTC-31JAN20-5500-P,7883.91,79.91,0.0025,42.0,0.0035,39.0,85.19,1.48953,-2.56889,-0.18594,4e-05,-0.03293
7924.73,SYN.BTC-31JAN20,1578394740088,open,0.03,875.4,0.0145,0.055,0.03128678,57.59,0.032,0.0,BTC-31JAN20-8500-C,7883.91,56.22,0.03,34.3,0.032,20.0,58.35,7.45784,-8.99456,1.61999,0.00032,0.3438
7924.73,SYN.BTC-31JAN20,1578394740093,open,0.39,0.0,0.362,0.427,0.3921333,75.18,None,0.0,BTC-31JAN20-11000-P,7883.91,0.0,0.0025,1.0,0.0,0.0,0.0,2.21477,-3.48675,-6.93779,7e-05,-0.94623
8303.79,SYN.BTC-25SEP20,1578394740088,open,0.11,53.1,0.07,0.151,0.10475547,76.05,0.105,0.0,BTC-25SEP20-6000-P,7883.91,73.65,0.099,14.0,0.1065,9.2,76.78,19.94077,-2.89551,-18.40968,5e-05,-0.20425
7924.73,SYN.BTC-31JAN20,1578394740088,open,0.0,1123.1,0.0005,0.0155,0.00485381,73.0,0.0045,0.0,BTC-31JAN20-6000-P,7883.91,71.76,0.0045,24.0,0.0055,0.3,75.15,2.30795,-3.52841,-0.31883,8e-05,-0.05665
7972.89,SYN.BTC-28FEB20,1578394740088,open,0.38,0.0,0.3625,0.398,0.37857734,78.49,None,0.0,BTC-28FEB20-5000-C,7883.91,45.19,0.373,5.0,0.392,5.0,106.69,2.70883,-2.0492,6.56263,4e-05,0.95773
7972.89,SYN.BTC-28FEB20,1578394740088,open,0.07,62.0,0.0405,0.098,0.06536847,63.21,0.0665,0.0,BTC-28FEB20-7500-P,7883.91,62.23,0.064,20.0,0.0675,18.0,64.73,11.17389,-6.80737,-4.74703,0.0002,-0.35356
7924.73,SYN.BTC-31JAN20,1578394740091,open,0.21,4.8,0.1815,0.2435,0.21010562,62.72,0.3445,0.0,BTC-31JAN20-9500-P,7883.91,0.0,0.002,0.1,0.0,0.0,0.0,4.65952,-6.12049,-5.5116,0.00018,-0.85313
7972.89,SYN.BTC-28FEB20,1578394740088,open,0.02,62.9,0.006,0.034,0.01574875,69.18,0.017,0.0,BTC-28FEB20-6000-P,7883.91,68.13,0.015,8.7,0.0165,39.0,70.23,5.69454,-3.79728,-1.43807,9e-05,-0.11116
7972.89,SYN.BTC-28FEB20,1578394740088,open,0.13,42.7,0.096,0.1575,0.12467201,63.2,0.126,0.0,BTC-28FEB20-7500-C,7883.91,58.79,0.1185,34.0,0.1255,20.0,63.79,11.17384,-6.80671,5.9125,0.0002,0.64645
7924.73,SYN.BTC-31JAN20,1578394740088,open,0.45,0.0,0.4235,0.49,0.45421048,78.79,None,0.0,BTC-31JAN20-11500-P,7883.91,0.0,0.0,0.0,0.0,0.0,0.0,1.75754,-2.89987,-7.32937,5e-05,-0.95969
7924.73,SYN.BTC-31JAN20,1578394740089,open,0.25,52.3,0.2295,0.2685,0.24772473,72.98,0.1805,0.0,BTC-31JAN20-6000-C,7883.91,41.41,0.243,6.0,0.2635,6.0,109.86,2.3066,-3.5254,3.60618,8e-05,0.94339
7900.65,SYN.BTC-17JAN20,1578394740088,open,0.03,167.8,0.0145,0.058,0.02932294,53.4,0.0295,0.0,BTC-17JAN20-8000-C,7883.91,52.91,0.029,0.1,0.0295,1.0,53.68,5.15954,-13.95068,0.92243,0.00057,0.46084
7924.73,SYN.BTC-31JAN20,1578394740088,open,0.09,574.5,0.064,0.115,0.08807863,57.81,0.0855,0.0,BTC-31JAN20-7500-C,7883.91,51.72,0.0825,35.0,0.0885,20.0,58.27,7.31878,-8.86073,3.02888,0.00031,0.67238
7924.73,SYN.BTC-31JAN20,1578394740088,open,0.0,393.8,0.0005,0.015,0.00406331,75.14,0.0035,0.0,BTC-31JAN20-11000-C,7883.91,73.03,0.0035,15.0,0.0045,24.3,76.66,2.21162,-3.48007,0.25718,7e-05,0.05368
7924.73,SYN.BTC-31JAN20,1578394740090,open,0.01,295.5,0.0015,0.028,0.01131789,62.71,0.0115,0.0,BTC-31JAN20-9500-C,7883.91,61.3,0.0105,39.0,0.0115,5.0,63.02,4.65808,-6.11712,0.70232,0.00018,0.1468
7924.73,SYN.BTC-31JAN20,1578394740090,open,0.02,1095.9,0.0065,0.0375,0.01789504,61.22,0.0185,0.0,BTC-31JAN20-7000-P,7883.91,59.93,0.017,27.3,0.019,38.1,62.79,5.53474,-7.09607,-1.08782,0.00022,-0.19195
7972.89,SYN.BTC-28FEB20,1578394740088,open,0.18,0.0,0.1455,0.2205,0.17997773,64.58,None,0.0,BTC-28FEB20-9000-P,7883.91,0.0,0.0,0.0,0.0,0.0,0.0,11.17279,-6.95444,-9.36568,0.00019,-0.64654
7924.73,SYN.BTC-31JAN20,1578394740092,open,0.27,0.0,0.2405,0.3035,0.26954455,66.88,None,0.0,BTC-31JAN20-10000-P,7883.91,0.0,0.002,0.1,0.0,0.0,0.0,3.58998,-5.02786,-6.05609,0.00013,-0.89873
7924.73,SYN.BTC-31JAN20,1578394740093,open,0.19,51.4,0.1675,0.212,0.18862779,65.62,0.1545,0.0,BTC-31JAN20-6500-C,7883.91,44.58,0.1815,17.9,0.205,6.0,94.39,3.63351,-4.99294,3.67225,0.00013,0.89704
144.31,SYN.ETH-28FEB20,1578394740176,open,0.04,88.0,0.021,0.075,0.044455,79.3,0.043,0.0,ETH-28FEB20-120-P,142.92,77.1,0.042,1366.0,0.047,432.0,81.56,0.16179,-0.12367,-0.05459,0.00689,-0.22169
144.31,SYN.ETH-28FEB20,1578394740179,open,0.39,20.0,0.362,0.412,0.386805,91.23,0.328,0.0,ETH-28FEB20-90-C,142.92,0.0,0.376,44.0,0.401,41.0,116.57,0.06582,-0.05788,0.11321,0.00244,0.93879
144.31,SYN.ETH-28FEB20,1578394740179,open,0.27,5.0,0.232,0.298,0.265122,81.28,0.229,0.0,ETH-28FEB20-110-C,142.92,53.52,0.245,40.0,0.288,39.0,105.22,0.12649,-0.0991,0.12009,0.00526,0.85064
144.31,SYN.ETH-28FEB20,1578394740179,open,0.07,464.0,0.037,0.104,0.068276,77.91,0.071,0.0,ETH-28FEB20-130-P,142.92,75.44,0.065,1111.0,0.071,192.0,79.97,0.19131,-0.14367,-0.07711,0.0083,-0.3077
149.78,SYN.ETH-25SEP20,1578394740488,open,0.11,188.0,0.07,0.159,0.112362,89.61,0.116,0.0,ETH-25SEP20-100-P,142.92,87.65,0.108,910.0,0.117,170.0,91.69,0.334,-0.05715,-0.3152,0.00232,-0.18095
145.06,ETH-27MAR20,1578394740894,open,0.4,0.0,0.373,0.432,0.402363,92.33,None,0.0,ETH-27MAR20-90-C,142.92,50.21,0.381,43.0,0.422,43.0,114.82,0.11312,-0.06538,0.16013,0.00266,0.90676
147.57,ETH-26JUN20,1578394740903,open,0.4,1.0,0.357,0.442,0.400214,89.3,0.38,0.0,ETH-26JUN20-100-C,142.92,70.04,0.368,48.0,0.429,48.0,105.38,0.25838,-0.06752,0.29484,0.00284,0.827
143.0,SYN.ETH-10JAN20,1578394740977,open,0.23,1.0,0.208,0.254,0.230963,116.05,0.194,0.0,ETH-10JAN20-110-C,142.92,0.0,0.215,32.0,0.243,32.0,256.22,0.00173,-0.03493,0.00861,0.00093,0.99532
149.78,SYN.ETH-25SEP20,1578394741081,open,0.06,0.0,0.023,0.112,0.059516,106.28,None,0.0,ETH-25SEP20-520-C,142.92,104.18,0.055,942.0,0.064,611.0,108.3,0.32769,-0.0665,0.1247,0.00192,0.17556
8181.64,BTC-26JUN20,1578394741122,open,0.37,136.4,0.314,0.438,0.36997842,81.38,0.46,0.0,BTC-26JUN20-10000-P,7883.95,69.55,0.338,6.0,0.4235,9.9,101.0,22.2578,-5.29992,-34.57479,9e-05,-0.5327
145.05,ETH-27MAR20,1578394741346,open,0.21,101.0,0.162,0.25,0.20704,85.11,0.204,0.0,ETH-27MAR20-130-C,142.92,82.69,0.203,650.0,0.211,650.0,87.49,0.24191,-0.12889,0.15087,0.00617,0.68232
143.0,SYN.ETH-10JAN20,1578394741610,open,0.01,2163.0,0.001,0.026,0.006885,65.53,0.007,0.0,ETH-10JAN20-150-C,142.92,62.04,0.006,529.0,0.008,668.0,69.75,0.03698,-0.4213,0.00233,0.03503,0.2139
143.0,SYN.ETH-10JAN20,1578394741612,open,0.12,0.0,0.087,0.158,0.12092,81.76,None,0.0,ETH-10JAN20-160-P,142.92,50.49,0.119,60.0,0.125,60.0,108.39,0.01615,-0.22951,-0.01189,0.01226,-0.93473
143.18,SYN.ETH-17JAN20,1578394741618,open,0.3,0.0,0.281,0.323,0.30209,95.36,None,0.0,ETH-17JAN20-100-C,142.92,0.0,0.301,1.0,0.313,7.0,171.93,0.00571,-0.02756,0.02669,0.00108,0.99103
143.18,SYN.ETH-17JAN20,1578394741618,open,0.0,692.0,0.001,0.011,0.000489,95.21,0.001,0.0,ETH-17JAN20-100-P,142.92,0.0,0.0,0.0,0.001,45.0,105.19,0.00566,-0.02729,-0.00036,0.00107,-0.00889
143.18,SYN.ETH-17JAN20,1578394741620,open,0.13,0.0,0.091,0.167,0.127657,68.55,None,0.0,ETH-17JAN20-160-P,142.92,64.54,0.126,60.0,0.13,1.0,73.85,0.06106,-0.21189,-0.03685,0.01606,-0.82343
143.18,SYN.ETH-17JAN20,1578394741620,open,0.03,80.0,0.009,0.059,0.030734,63.05,0.033,0.0,ETH-17JAN20-140-P,142.92,61.89,0.03,240.0,0.032,650.0,65.05,0.09063,-0.28929,-0.01646,0.02591,-0.3941
143.18,SYN.ETH-17JAN20,1578394741620,open,0.1,2.0,0.072,0.134,0.1039,68.93,0.038,0.0,ETH-17JAN20-130-C,142.92,61.97,0.101,60.0,0.104,650.0,69.16,0.06218,-0.21699,0.02767,0.01626,0.81823
143.18,SYN.ETH-17JAN20,1578394741622,open,0.07,26.0,0.038,0.106,0.070852,63.91,0.071,0.0,ETH-17JAN20-150-P,142.92,60.85,0.069,180.0,0.074,1.0,69.05,0.08708,-0.2818,-0.02799,0.02456,-0.65167
143.18,SYN.ETH-17JAN20,1578394741622,open,0.02,466.0,0.005,0.048,0.023253,63.93,0.024,0.0,ETH-17JAN20-150-C,142.92,61.86,0.022,513.0,0.024,650.0,65.15,0.08709,-0.28188,0.0126,0.02456,0.34838
149.77,SYN.ETH-25SEP20,1578394741761,open,0.76,0.0,0.673,0.865,0.766905,93.82,None,0.0,ETH-25SEP20-240-P,142.92,0.0,0.0,0.0,0.788,1.0,100.14,0.49645,-0.08893,-1.44485,0.00329,-0.57773
149.77,SYN.ETH-25SEP20,1578394741761,open,0.13,1.0,0.077,0.197,0.13371,95.78,0.097,0.0,ETH-25SEP20-280-C,142.92,93.97,0.128,984.0,0.14,110.0,97.77,0.47338,-0.08657,0.24031,0.00307,0.35735
149.77,SYN.ETH-25SEP20,1578394741761,open,0.07,45.0,0.032,0.129,0.073513,103.15,0.057,0.0,ETH-25SEP20-440-C,142.92,101.3,0.069,975.0,0.078,100.0,104.96,0.36852,-0.07258,0.14974,0.00222,0.21286
147.56,ETH-26JUN20,1578394742091,open,0.04,752.0,0.012,0.074,0.035509,106.71,0.03,0.0,ETH-26JUN20-440-C,142.92,104.94,0.033,1070.0,0.038,120.0,108.41,0.2124,-0.06632,0.06456,0.00195,0.12897
145.05,ETH-27MAR20,1578394742099,open,0.22,4565.0,0.169,0.279,0.222804,85.33,0.284,0.0,ETH-27MAR20-160-P,142.92,81.68,0.216,144.0,0.226,1.0,87.04,0.27041,-0.14443,-0.23528,0.00688,-0.51842
147.56,ETH-26JUN20,1578394742104,open,0.26,819.0,0.201,0.309,0.256218,87.68,0.262,0.0,ETH-26JUN20-140-C,142.92,86.01,0.252,543.0,0.259,1.0,88.78,0.37363,-0.09586,0.27261,0.00418,0.65085
149.77,SYN.ETH-25SEP20,1578394742143,open,0.05,54.0,0.02,0.106,0.054946,108.03,0.059,0.0,ETH-25SEP20-560-C,142.92,106.1,0.051,832.0,0.059,645.0,109.94,0.31193,-0.06434,0.11569,0.00179,0.16261
147.56,ETH-26JUN20,1578394742162,open,0.1,566.0,0.057,0.158,0.104022,94.29,0.087,0.0,ETH-26JUN20-240-C,142.92,92.67,0.1,498.0,0.108,426.0,95.89,0.367,-0.10126,0.15825,0.00382,0.33311
147.56,ETH-26JUN20,1578394742162,open,2.82,0.0,2.692,2.962,2.818814,112.32,None,0.0,ETH-26JUN20-560-P,142.92,0.0,0.01,50.0,0.0,0.0,0.0,0.16169,-0.05314,-2.57704,0.00141,-0.91167
147.56,ETH-26JUN20,1578394742162,open,0.61,0.0,0.532,0.697,0.612211,92.78,None,0.0,ETH-26JUN20-220-P,142.92,0.0,0.49,51.0,0.0,0.0,0.0,0.38369,-0.10417,-0.85285,0.00406,-0.62236
147.56,ETH-26JUN20,1578394742162,open,3.35,0.0,3.216,3.514,3.355928,115.01,None,0.0,ETH-26JUN20-640-P,142.92,0.0,0.01,50.0,0.0,0.0,0.0,0.13652,-0.04594,-2.9603,0.00116,-0.92935
145.05,ETH-27MAR20,1578394742162,open,2.04,0.0,1.947,2.148,2.041228,118.2,None,0.0,ETH-27MAR20-440-P,142.92,0.0,0.003,50.0,0.0,0.0,0.0,0.06058,-0.04482,-0.95209,0.00111,-0.95822
147.56,ETH-26JUN20,1578394742168,open,0.04,4069.0,0.015,0.084,0.042739,105.12,0.037,0.0,ETH-26JUN20-400-C,142.92,103.39,0.04,120.0,0.046,1032.0,107.11,0.23774,-0.07313,0.07564,0.00222,0.15224
143.56,SYN.ETH-31JAN20,1578394742170,open,0.0,4144.0,0.001,0.014,0.004461,88.77,0.004,0.0,ETH-31JAN20-100-P,142.92,86.78,0.004,650.0,0.005,125.0,90.96,0.03418,-0.06353,-0.00455,0.00286,-0.044
143.56,SYN.ETH-31JAN20,1578394742172,open,0.03,2237.0,0.011,0.057,0.03028,68.61,0.034,0.0,ETH-31JAN20-160-C,142.92,66.02,0.028,774.0,0.033,1083.0,71.65,0.12727,-0.18286,0.02514,0.01376,0.29797
145.05,ETH-27MAR20,1578394742177,open,0.44,1147.0,0.38,0.509,0.442535,90.69,0.645,0.0,ETH-27MAR20-200-P,142.92,0.0,0.378,1.0,1.097,1.0,500.0,0.23333,-0.13246,-0.36494,0.00559,-0.70715
143.56,SYN.ETH-31JAN20,1578394742232,open,0.08,1945.0,0.051,0.116,0.080926,67.39,0.083,0.0,ETH-31JAN20-140-C,142.92,64.44,0.078,240.0,0.083,650.0,69.48,0.14259,-0.20123,0.04796,0.0157,0.59163
147.56,ETH-26JUN20,1578394742236,open,0.32,321.0,0.269,0.367,0.319309,87.68,0.314,0.0,ETH-26JUN20-120-C,142.92,71.21,0.283,49.0,0.326,180.0,90.7,0.32723,-0.08396,0.29089,0.00366,0.7404
147.56,ETH-26JUN20,1578394742236,open,0.61,3.0,0.588,0.63,0.608398,94.78,0.588,0.0,ETH-26JUN20-60-C,142.92,54.52,0.594,54.0,0.62,54.0,110.89,0.09304,-0.0258,0.2405,0.00096,0.95655
147.56,ETH-26JUN20,1578394742239,open,0.29,715.0,0.226,0.359,0.29154,88.23,0.28,0.0,ETH-26JUN20-160-P,142.92,83.58,0.279,180.0,0.305,180.0,93.25,0.39715,-0.10254,-0.50078,0.00442,-0.43338
145.05,ETH-27MAR20,1578394742239,open,0.02,2248.0,0.007,0.052,0.023957,100.94,0.023,0.0,ETH-27MAR20-280-C,142.92,98.85,0.022,910.0,0.026,643.0,103.03,0.13864,-0.0876,0.03165,0.00298,0.12367
147.56,ETH-26JUN20,1578394742239,open,0.03,195.0,0.008,0.061,0.027004,110.73,0.026,0.0,ETH-26JUN20-520-C,142.92,109.03,0.025,976.0,0.029,749.0,112.37,0.17672,-0.05726,0.05017,0.00157,0.09963
147.56,ETH-26JUN20,1578394742245,open,3.08,0.0,2.954,3.238,3.087368,113.95,None,0.0,ETH-26JUN20-600-P,142.92,0.0,0.01,50.0,0.0,0.0,0.0,0.1492,-0.04975,-2.76875,0.00128,-0.92063
145.05,ETH-27MAR20,1578394742246,open,0.01,1189.0,0.001,0.025,0.008,118.7,0.006,0.0,ETH-27MAR20-440-C,142.92,116.25,0.007,843.0,0.009,1004.0,120.97,0.06159,-0.04576,0.011,0.00113,0.04264
7924.98,SYN.BTC-31JAN20,1578394742748,open,0.03,285.7,0.017,0.059,0.03447427,57.81,0.036,0.0,BTC-31JAN20-7500-P,7883.91,56.76,0.0335,19.3,0.0355,15.5,58.92,7.31836,-8.8607,-1.87673,0.00031,-0.32755
143.56,SYN.ETH-31JAN20,1578394742749,open,0.03,223.0,0.012,0.057,0.030253,69.25,0.034,0.0,ETH-31JAN20-130-P,142.92,67.73,0.029,192.0,0.032,10.0,71.36,0.11868,-0.17212,-0.02709,0.01271,-0.25826
144.31,SYN.ETH-28FEB20,1578394742751,open,0.01,653.0,0.001,0.017,0.006284,97.75,0.007,0.0,ETH-28FEB20-80-P,142.92,93.29,0.005,1450.0,0.007,1.0,100.02,0.04411,-0.04156,-0.0089,0.00152,-0.03712
8304.06,SYN.BTC-25SEP20,1578394742767,open,0.06,105.4,0.03,0.115,0.06212174,86.96,0.062,0.0,BTC-25SEP20-20000-C,7883.91,85.65,0.059,23.6,0.0645,1.0,87.94,19.96601,-3.31502,8.49315,5e-05,0.20467
8304.06,SYN.BTC-25SEP20,1578394742768,open,0.03,53.6,0.015,0.054,0.0296929,77.72,0.033,0.0,BTC-25SEP20-4000-P,7883.91,75.87,0.0275,29.7,0.0315,11.0,79.21,9.96864,-1.47931,-6.24451,3e-05,-0.07512
143.18,SYN.ETH-17JAN20,1578394743015,open,0.01,17.0,0.001,0.019,0.005092,75.28,0.004,0.0,ETH-17JAN20-170-C,142.92,71.05,0.004,316.0,0.006,650.0,78.48,0.03909,-0.14899,0.00339,0.00936,0.09269
143.18,SYN.ETH-17JAN20,1578394743015,open,0.19,0.0,0.155,0.233,0.192371,75.25,None,0.0,ETH-17JAN20-170-P,142.92,0.0,0.0,0.0,0.0,0.0,0.0,0.03905,-0.14878,-0.04261,0.00936,-0.90743
143.18,SYN.ETH-17JAN20,1578394743017,open,0.0,601.0,0.001,0.014,0.003026,83.35,0.003,0.0,ETH-17JAN20-180-C,142.92,77.07,0.002,950.0,0.004,650.0,88.29,0.02611,-0.11017,0.002,0.00565,0.05475
143.0,SYN.ETH-10JAN20,1578394743017,open,0.0,211.0,0.001,0.011,0.001,101.01,0.001,0.0,ETH-10JAN20-170-C,142.92,0.0,0.0,0.0,0.002,1549.0,114.34,0.00858,-0.14302,0.00032,0.00527,0.02975
143.0,SYN.ETH-10JAN20,1578394743017,open,0.19,0.0,0.155,0.229,0.189836,100.96,None,0.0,ETH-10JAN20-170-P,142.92,0.0,0.0,0.0,0.0,0.0,0.0,0.00856,-0.15026,-0.01307,0.00526,-0.97032
143.18,SYN.ETH-17JAN20,1578394743017,open,0.26,0.0,0.222,0.303,0.260144,83.29,None,0.0,ETH-17JAN20-180-P,142.92,0.0,0.0,0.0,0.0,0.0,0.0,0.02605,-0.10987,-0.0467,0.00564,-0.94539
8304.06,SYN.BTC-25SEP20,1578394743041,open,0.06,105.4,0.03,0.115,0.06212174,86.96,0.062,0.0,BTC-25SEP20-20000-C,7883.91,85.65,0.059,13.8,0.0645,1.0,87.94,19.96601,-3.31502,8.49315,5e-05,0.20467
8304.06,SYN.BTC-25SEP20,1578394743050,open,0.17,61.9,0.1185,0.217,0.1620976,76.05,0.166,0.0,BTC-25SEP20-7000-P,7883.91,73.38,0.1545,13.1,0.162,0.3,76.02,23.616,-3.42918,-26.25074,6e-05,-0.27851
8021.32,BTC-27MAR20,1578394743111,open,0.13,306.3,0.094,0.173,0.12934639,70.43,0.126,0.0,BTC-27MAR20-8000-P,7883.98,69.15,0.127,17.3,0.133,9.3,72.42,14.74796,-6.50181,-9.84316,0.00015,-0.4314
8021.32,BTC-27MAR20,1578394743111,open,0.0,261.8,0.0005,0.0185,0.00478945,101.97,0.005,0.0,BTC-27MAR20-22000-C,7883.98,101.05,0.0045,16.1,0.005,24.0,102.61,2.57297,-1.64227,0.44746,2e-05,0.03028
8021.32,BTC-27MAR20,1578394743112,open,0.39,2.1,0.3705,0.413,0.3895931,77.74,0.3345,0.0,BTC-27MAR20-5000-C,7883.98,49.26,0.378,8.1,0.4065,8.0,100.22,4.9956,-2.43103,9.49961,5e-05,0.93077
8021.32,BTC-27MAR20,1578394743112,open,0.0,96.0,0.0005,0.011,0.00109875,110.0,0.0015,0.0,BTC-27MAR20-32000-C,7883.98,113.67,0.0015,20.0,0.002,39.0,117.36,0.77862,-0.53614,0.11266,1e-05,0.00752
8304.01,SYN.BTC-25SEP20,1578394743111,open,0.17,33.9,0.117,0.2275,0.16579772,78.47,0.154,0.0,BTC-25SEP20-11000-C,7883.98,76.89,0.1605,13.8,0.171,8.8,80.01,27.94562,-4.18689,17.75915,7e-05,0.46388
7973.15,SYN.BTC-28FEB20,1578394743111,open,0.09,92.6,0.065,0.126,0.09293429,62.95,0.092,0.0,BTC-28FEB20-8000-C,7883.98,60.65,0.0895,37.4,0.0945,41.0,63.99,11.92628,-7.23574,5.08431,0.00021,0.54161
7900.9,SYN.BTC-17JAN20,1578394743111,open,0.02,125.0,0.007,0.044,0.01829754,53.97,0.0185,0.0,BTC-17JAN20-8250-C,7883.98,52.62,0.0175,39.0,0.0185,12.0,54.31,4.70078,-12.84396,0.66419,0.00052,0.329
8304.01,SYN.BTC-25SEP20,1578394743111,open,1.02,1.1,0.9455,1.1045,1.01647185,83.32,1.25,0.0,BTC-25SEP20-16000-P,7883.98,55.79,0.951,1.0,1.0675,1.0,100.12,23.76526,-3.78057,-103.32806,6e-05,-0.71784
8021.32,BTC-27MAR20,1578394743113,open,0.03,1694.1,0.0125,0.061,0.03058812,78.43,0.0295,0.0,BTC-27MAR20-12000-C,7883.98,76.71,0.0285,68.9,0.032,33.9,79.57,9.85513,-4.83854,2.62727,9e-05,0.18026
8181.69,BTC-26JUN20,1578394743113,open,0.04,275.0,0.0165,0.08,0.0391626,88.33,0.042,0.0,BTC-26JUN20-18000-C,7883.98,86.7,0.0365,20.0,0.041,24.0,89.43,13.51334,-3.49281,4.55483,5e-05,0.15808
8304.01,SYN.BTC-25SEP20,1578394743111,open,0.8,1.1,0.73,0.884,0.79920417,81.81,0.99,0.0,BTC-25SEP20-14000-P,7883.98,59.4,0.7355,1.0,0.849,1.0,97.3,25.82768,-4.03439,-86.82327,6e-05,-0.65809
8021.32,BTC-27MAR20,1578394743112,open,0.0,169.6,0.0005,0.0115,0.00159103,110.0,0.0015,0.0,BTC-27MAR20-30000-C,7883.98,112.88,0.002,13.7,0.0025,64.0,115.87,1.04799,-0.72161,0.15728,1e-05,0.01055
7900.9,SYN.BTC-17JAN20,1578394743111,open,0.3,0.0,0.29,0.3195,0.304175,90.27,None,0.0,BTC-17JAN20-5500-C,7883.98,0.0,0.2915,4.0,0.315,4.0,171.98,0.22007,-1.00579,1.47471,1e-05,0.99403
8021.32,BTC-27MAR20,1578394743114,open,0.0,161.1,0.0005,0.016,0.00378064,105.28,0.0035,0.0,BTC-27MAR20-24000-C,7883.98,104.19,0.0035,16.6,0.004,24.0,106.1,2.11267,-1.39236,0.35338,1e-05,0.02391
7888.86,SYN.BTC-10JAN20,1578394743111,open,0.01,282.5,0.0005,0.0225,0.00603799,59.79,0.006,0.0,BTC-10JAN20-8250-C,7883.98,57.64,0.0055,0.1,0.006,1.5,59.64,2.00098,-20.80207,0.1249,0.00068,0.20699
7888.86,SYN.BTC-10JAN20,1578394743111,open,0.0,242.3,0.0005,0.0105,6.405e-05,110.0,0.0005,0.0,BTC-10JAN20-6000-P,7883.98,0.0,0.0,0.0,0.0005,20.0,139.06,0.04785,-0.50529,-0.00139,1e-05,-0.00217
8181.69,BTC-26JUN20,1578394743114,open,0.07,371.0,0.045,0.1115,0.07284859,75.29,0.071,0.0,BTC-26JUN20-6000-P,7883.98,74.04,0.0705,18.4,0.073,0.6,75.37,15.43428,-3.4002,-10.25931,7e-05,-0.195
8304.01,SYN.BTC-25SEP20,1578394743111,open,0.06,109.7,0.035,0.095,0.05958212,76.05,0.0615,0.0,BTC-25SEP20-5000-P,7883.98,74.35,0.0565,14.5,0.062,16.9,77.37,15.16147,-2.2015,-11.50857,4e-05,-0.13358
7973.15,SYN.BTC-28FEB20,1578394743111,open,0.1,5.1,0.067,0.1325,0.09629824,62.94,0.1,0.0,BTC-28FEB20-8000-P,7883.98,61.41,0.094,14.4,0.099,13.9,64.75,11.92628,-7.23548,-6.28569,0.00021,-0.45839
7888.86,SYN.BTC-10JAN20,1578394743111,open,0.08,4.0,0.057,0.1065,0.08037082,65.85,0.0785,0.0,BTC-10JAN20-8500-P,7883.98,56.19,0.079,1.0,0.083,1.0,79.83,1.28317,-14.69124,-0.60552,0.0004,-0.89387
8304.01,SYN.BTC-25SEP20,1578394743111,open,0.59,1.0,0.5245,0.6705,0.5905476,79.82,0.705,0.0,BTC-25SEP20-12000-P,7883.98,61.06,0.5305,2.0,0.6395,2.0,94.44,27.46856,-4.18601,-69.84768,7e-05,-0.58181
7888.86,SYN.BTC-10JAN20,1578394743111,open,0.0,723.6,0.0005,0.011,0.00117038,78.7,0.0015,0.0,BTC-10JAN20-7000-P,7883.98,76.39,0.001,30.6,0.0015,1.7,82.68,0.60823,-8.323,-0.02583,0.00016,-0.04039
7900.9,SYN.BTC-17JAN20,1578394743112,open,0.15,0.0,0.119,0.1745,0.14500444,64.19,None,0.0,BTC-17JAN20-9000-P,7883.98,0.0,0.0005,3.0,0.0,0.0,0.0,2.58209,-8.39161,-2.19364,0.00024,-0.88115
7888.86,SYN.BTC-10JAN20,1578394743111,open,0.14,74.5,0.127,0.165,0.14506754,89.83,0.149,0.0,BTC-10JAN20-6750-C,7883.98,0.0,0.1285,4.0,0.1585,4.0,186.18,0.38169,-5.96151,0.51707,9e-05,0.97699
8304.01,SYN.BTC-25SEP20,1578394743111,open,0.49,1.0,0.427,0.567,0.49045115,78.47,0.59,0.0,BTC-25SEP20-11000-P,7883.98,61.31,0.4335,2.0,0.5395,2.0,93.0,27.94557,-4.18676,-61.16235,7e-05,-0.53613
7900.9,SYN.BTC-17JAN20,1578394743111,open,0.07,216.0,0.0455,0.0945,0.06618239,54.97,0.065,0.0,BTC-17JAN20-7500-C,7883.98,48.97,0.063,20.0,0.066,1.0,54.63,4.27514,-11.89806,1.42492,0.00046,0.73274
7900.9,SYN.BTC-17JAN20,1578394743111,open,0.12,0.0,0.09,0.145,0.11563969,60.18,None,0.0,BTC-17JAN20-8750-P,7883.98,0.0,0.0005,1.0,0.0,0.0,0.0,3.20243,-9.75793,-2.03618,0.00032,-0.83686
8304.01,SYN.BTC-25SEP20,1578394743111,open,0.09,6.4,0.05,0.1475,0.08970323,83.32,0.083,0.0,BTC-25SEP20-16000-C,7883.98,82.02,0.086,14.5,0.092,0.5,84.12,23.76613,-3.7809,11.46734,6e-05,0.28218
7924.98,SYN.BTC-31JAN20,1578394743113,open,0.01,913.0,0.0005,0.023,0.00884636,65.63,0.009,0.0,BTC-31JAN20-6500-P,7883.98,64.87,0.0085,24.0,0.0095,15.2,67.03,3.6336,-4.99389,-0.57961,0.00013,-0.10296
7888.86,SYN.BTC-10JAN20,1578394743111,open,0.0,184.4,0.0005,0.0155,0.00290705,65.88,0.0025,0.0,BTC-10JAN20-8500-C,7883.98,63.3,0.0025,30.0,0.003,0.5,66.45,1.28421,-14.71061,0.06423,0.0004,0.10625
7900.9,SYN.BTC-17JAN20,1578394743111,open,0.03,29.4,0.012,0.055,0.02612467,53.63,0.0275,0.0,BTC-17JAN20-7750-P,7883.98,51.85,0.025,24.0,0.027,1.0,55.01,5.00885,-13.60025,-0.90322,0.00055,-0.39639
7900.9,SYN.BTC-17JAN20,1578394743111,open,0.06,0.0,0.0415,0.095,0.06247754,53.96,None,0.0,BTC-17JAN20-8250-P,7883.98,51.46,0.061,1.0,0.0645,1.0,57.33,4.70061,-12.84151,-1.56804,0.00052,-0.67103
7888.86,SYN.BTC-10JAN20,1578394743111,open,0.0,279.8,0.0005,0.0105,0.00023537,92.8,0.0005,0.0,BTC-10JAN20-6500-P,7883.98,0.0,0.0,0.0,0.0005,33.2,102.7,0.15978,-1.85682,-0.00535,4e-05,-0.00837
7924.98,SYN.BTC-31JAN20,1578394743112,open,0.06,161.0,0.039,0.092,0.06290183,56.67,0.065,0.0,BTC-31JAN20-8000-P,7883.98,55.79,0.062,14.4,0.065,15.9,58.73,8.08589,-9.59635,-2.90261,0.00035,-0.49702
8304.01,SYN.BTC-25SEP20,1578394743111,open,1.24,1.0,1.1685,1.334,1.24209151,85.43,1.29,0.0,BTC-25SEP20-18000-P,7883.98,46.55,1.173,1.0,1.2925,1.0,103.04,21.85107,-3.56423,-119.29981,5e-05,-0.7603
8304.01,SYN.BTC-25SEP20,1578394743111,open,0.55,0.0,0.526,0.576,0.54800074,77.72,None,0.0,BTC-25SEP20-4000-C,7883.98,60.68,0.5305,5.0,0.568,5.0,92.94,9.96893,-1.47938,22.45388,3e-05,0.92488
7900.9,SYN.BTC-17JAN20,1578394743111,open,0.18,0.0,0.1495,0.205,0.17508949,67.98,None,0.0,BTC-17JAN20-9250-P,7883.98,0.0,0.0,0.0,0.0,0.0,0.0,2.07338,-7.13617,-2.32415,0.00018,-0.91212
7888.86,SYN.BTC-10JAN20,1578394743111,open,0.21,0.0,0.192,0.2255,0.20797964,109.41,None,0.0,BTC-10JAN20-6250-C,7883.98,0.0,0.1935,4.0,0.2195,4.0,231.81,0.14009,-2.66492,0.48778,3e-05,0.99279
8304.01,SYN.BTC-25SEP20,1578394743111,open,1.47,0.8,1.395,1.565,1.47058252,86.95,1.55,0.0,BTC-25SEP20-20000-P,7883.98,0.0,0.05,0.8,1.65,0.1,145.91,19.96408,-3.31449,-135.00143,5e-05,-0.79536
7900.9,SYN.BTC-17JAN20,1578394743111,open,0.01,120.2,0.0005,0.02,0.00589899,64.21,0.0055,0.0,BTC-17JAN20-9000-C,7883.98,61.36,0.005,45.0,0.0065,50.1,66.01,2.5831,-8.39705,0.24159,0.00024,0.11891
8304.01,SYN.BTC-25SEP20,1578394743111,open,0.39,2.0,0.3435,0.428,0.38220644,76.05,0.361,0.0,BTC-25SEP20-6000-C,7883.98,62.38,0.35,4.0,0.415,4.0,89.58,19.94065,-2.89552,24.63894,5e-05,0.79576
7973.15,SYN.BTC-28FEB20,1578394743111,open,0.03,135.2,0.0125,0.055,0.02890795,67.42,0.0325,0.0,BTC-28FEB20-10000-C,7883.98,65.7,0.027,42.3,0.03,44.3,68.38,8.95552,-5.81927,2.19263,0.00015,0.2224
7900.9,SYN.BTC-17JAN20,1578394743111,open,0.0,35.6,0.0005,0.0155,0.00357885,73.1,0.003,0.0,BTC-17JAN20-9500-C,7883.98,70.37,0.003,30.0,0.004,30.1,74.94,1.75279,-6.48708,0.14286,0.00014,0.07041
7973.15,SYN.BTC-28FEB20,1578394743111,open,0.17,47.1,0.1365,0.1955,0.1643579,64.36,0.133,0.0,BTC-28FEB20-7000-C,7883.98,55.63,0.154,13.0,0.171,5.0,69.79,9.65878,-5.992,6.57589,0.00017,0.74466
7888.86,SYN.BTC-10JAN20,1578394743111,open,0.05,11.3,0.029,0.0775,0.05181166,59.77,0.052,0.0,BTC-10JAN20-8250-P,7883.98,60.51,0.052,0.1,0.0535,1.0,66.2,2.00049,-20.78983,-0.52513,0.00068,-0.79309
7973.15,SYN.BTC-28FEB20,1578394743111,open,0.04,49.3,0.0185,0.0665,0.03823054,65.9,0.037,0.0,BTC-28FEB20-9500-C,7883.98,64.13,0.036,23.0,0.0395,34.3,66.89,10.12869,-6.43302,2.7464,0.00017,0.28059
7900.9,SYN.BTC-17JAN20,1578394743111,open,0.05,215.2,0.027,0.0745,0.0452283,53.64,0.047,0.0,BTC-17JAN20-7750-C,7883.98,50.91,0.0435,18.0,0.0455,1.0,54.07,5.00888,-13.60221,1.19365,0.00055,0.6036
7888.86,SYN.BTC-10JAN20,1578394743111,open,0.11,252.9,0.095,0.1345,0.11384727,78.76,0.1105,0.0,BTC-10JAN20-7000-C,7883.98,0.0,0.112,1.1,0.1145,1.1,86.19,0.60952,-8.3468,0.5256,0.00016,0.9595
7900.9,SYN.BTC-17JAN20,1578394743111,open,0.0,341.6,0.0005,0.012,0.00244338,73.39,0.002,0.0,BTC-17JAN20-6500-P,7883.98,70.49,0.002,42.0,0.003,47.4,76.67,1.27061,-4.72148,-0.1052,0.0001,-0.04677
7900.9,SYN.BTC-17JAN20,1578394743111,open,0.21,0.0,0.18,0.2365,0.20596794,73.07,None,0.0,BTC-17JAN20-9500-P,7883.98,0.0,0.0,0.0,0.0,0.0,0.0,1.75134,-6.47941,-2.42767,0.00014,-0.92967
8304.01,SYN.BTC-25SEP20,1578394743111,open,0.19,51.7,0.1455,0.257,0.19553372,78.47,0.1925,0.0,BTC-25SEP20-10000-C,7883.98,76.83,0.19,13.9,0.1975,8.6,79.05,28.02175,-4.1983,19.39228,7e-05,0.52102
7888.86,SYN.BTC-10JAN20,1578394743111,open,0.0,121.4,0.0005,0.0135,0.00206622,77.27,0.0015,0.0,BTC-10JAN20-8750-C,7883.98,72.12,0.0015,53.9,0.0025,31.0,80.74,0.93967,-12.62532,0.04219,0.00025,0.06995
8304.01,SYN.BTC-25SEP20,1578394743111,open,0.11,63.4,0.0695,0.174,0.11328162,81.82,0.111,0.0,BTC-25SEP20-14000-C,7883.98,79.95,0.1075,14.3,0.1165,9.3,82.85,25.82815,-4.03462,13.62256,6e-05,0.34193
7888.86,SYN.BTC-10JAN20,1578394743112,open,0.01,348.5,0.0005,0.02,0.00479031,60.13,0.0045,0.0,BTC-10JAN20-7500-P,7883.98,56.44,0.004,57.4,0.0045,0.8,58.8,1.73887,-18.18071,-0.10559,0.00059,-0.1651
7888.86,SYN.BTC-10JAN20,1578394743112,open,0.0,174.2,0.0005,0.0105,1.333e-05,110.0,0.0005,0.0,BTC-10JAN20-5750-P,7883.98,0.0,0.0,0.0,0.0005,20.1,158.05,0.01255,-0.1052,-0.00032,0.0,-0.0005
7900.9,SYN.BTC-17JAN20,1578394743112,open,0.01,251.3,0.0005,0.019,0.00564331,62.39,0.006,0.0,BTC-17JAN20-7000-P,7883.98,60.24,0.005,41.0,0.006,0.1,63.53,2.43021,-7.67622,-0.2454,0.00023,-0.10915
7900.9,SYN.BTC-17JAN20,1578394743112,open,0.0,151.6,0.0005,0.0145,0.00362816,67.57,0.003,0.0,BTC-17JAN20-6750-P,7883.98,66.99,0.0035,0.2,0.004,7.0,69.2,1.75457,-6.00231,-0.15847,0.00015,-0.0705
7900.9,SYN.BTC-17JAN20,1578394743111,open,0.01,174.3,0.0005,0.024,0.00817606,60.2,0.0085,0.0,BTC-17JAN20-8750-C,7883.98,57.21,0.007,39.0,0.009,54.1,62.19,3.20316,-9.76227,0.33139,0.00032,0.1632
7888.86,SYN.BTC-10JAN20,1578394743112,open,0.01,492.5,0.002,0.036,0.01271522,53.09,0.0115,0.0,BTC-10JAN20-8000-C,7883.98,50.99,0.012,59.0,0.013,1.0,53.93,2.6911,-24.84278,0.23593,0.00103,0.39231
7973.15,SYN.BTC-28FEB20,1578394743111,open,0.05,90.7,0.0285,0.082,0.05115463,64.57,0.0495,0.0,BTC-28FEB20-9000-C,7883.98,62.67,0.0485,23.0,0.0525,34.3,65.53,11.17353,-6.95435,3.42603,0.00019,0.35349
7900.9,SYN.BTC-17JAN20,1578394743111,open,0.0,184.2,0.0005,0.0105,0.0007245,90.15,0.0005,0.0,BTC-17JAN20-5750-P,7883.98,85.65,0.0005,13.7,0.001,30.3,94.55,0.44392,-2.02614,-0.03,3e-05,-0.01331
7888.86,SYN.BTC-10JAN20,1578394743112,open,0.01,129.3,0.0015,0.0345,0.01154205,54.32,0.012,0.0,BTC-10JAN20-7750-P,7883.98,54.19,0.0115,0.1,0.0125,3.5,57.23,2.58649,-24.42932,-0.22308,0.00097,-0.34738
7900.9,SYN.BTC-17JAN20,1578394743112,open,0.0,111.0,0.0005,0.0105,0.00029499,90.15,0.0005,0.0,BTC-17JAN20-5500-P,7883.98,0.0,0.0,0.0,0.0005,1.3,96.26,0.21835,-0.99659,-0.01329,1e-05,-0.00592
7900.9,SYN.BTC-17JAN20,1578394743111,open,0.15,97.5,0.1295,0.171,0.14929907,67.59,0.0795,0.0,BTC-17JAN20-6750-C,7883.98,0.0,0.1455,0.1,0.1665,4.0,117.41,1.75552,-6.00719,1.66774,0.00015,0.92945
7900.9,SYN.BTC-17JAN20,1578394743112,open,0.0,119.8,0.0005,0.0105,0.00097592,83.13,0.001,0.0,BTC-17JAN20-6000-P,7883.98,75.41,0.0005,64.2,0.0015,30.3,89.18,0.59464,-2.5027,-0.04209,4e-05,-0.01871
7900.9,SYN.BTC-17JAN20,1578394743111,open,0.01,103.5,0.0025,0.033,0.01211892,57.02,0.0135,0.0,BTC-17JAN20-8500-C,7883.98,54.76,0.011,39.0,0.0125,1.0,57.78,3.96502,-11.44631,0.46997,0.00041,0.23196
8304.01,SYN.BTC-25SEP20,1578394743111,open,0.4,1.1,0.339,0.4735,0.39976411,78.47,0.415,0.0,BTC-25SEP20-10000-P,7883.98,65.36,0.3555,2.0,0.4395,2.0,90.29,28.02178,-4.19819,-52.35445,7e-05,-0.47898
7888.86,SYN.BTC-10JAN20,1578394743111,open,0.18,83.5,0.1595,0.1945,0.17629248,93.0,0.1655,0.0,BTC-10JAN20-6500-C,7883.98,0.0,0.161,4.0,0.1885,4.0,206.76,0.1617,-2.61475,0.50668,4e-05,0.99151
7888.86,SYN.BTC-10JAN20,1578394743111,open,0.27,0.6,0.2565,0.2855,0.27114078,112.07,0.186,0.0,BTC-10JAN20-5750-C,7883.98,0.0,0.2585,4.0,0.281,4.0,277.67,0.01521,-0.2963,0.45262,0.0,0.99938
7888.86,SYN.BTC-10JAN20,1578394743112,open,0.24,13.8,0.224,0.2555,0.23950139,110.61,0.2415,0.0,BTC-10JAN20-6000-C,7883.98,0.0,0.226,4.0,0.25,4.0,253.27,0.04997,-0.96097,0.47126,1e-05,0.99772
7888.86,SYN.BTC-10JAN20,1578394743111,open,0.14,8.0,0.119,0.17,0.14213377,84.64,0.1645,0.0,BTC-10JAN20-9000-P,7883.98,0.0,0.1395,1.0,0.1535,1.0,152.51,0.64025,-9.42175,-0.68313,0.00015,-0.95697
7888.86,SYN.BTC-10JAN20,1578394743113,open,0.0,321.4,0.0005,0.013,0.00211002,67.88,0.002,0.0,BTC-10JAN20-7250-P,7883.98,67.01,0.002,0.3,0.0025,10.1,70.83,1.00241,-11.83128,-0.04862,0.0003,-0.07611
7900.9,SYN.BTC-17JAN20,1578394743111,open,0.09,0.1,0.0635,0.1185,0.08794073,57.01,0.0845,0.0,BTC-17JAN20-8500-P,7883.98,0.0,0.0005,2.0,0.0,0.0,0.0,3.96459,-11.44303,-1.82994,0.00041,-0.76808
8304.01,SYN.BTC-25SEP20,1578394743111,open,0.24,3.8,0.1795,0.2925,0.2300845,76.05,0.2565,0.0,BTC-25SEP20-8000-P,7883.98,73.01,0.2205,11.9,0.233,6.9,76.98,26.10631,-3.79071,-34.67848,7e-05,-0.35198
7888.86,SYN.BTC-10JAN20,1578394743113,open,0.0,317.5,0.0005,0.0105,0.00070054,89.74,0.0005,0.0,BTC-10JAN20-6750-P,7883.98,85.14,0.0005,20.5,0.001,31.0,95.29,0.38025,-5.52642,-0.01467,9e-05,-0.02291
7900.9,SYN.BTC-17JAN20,1578394743111,open,0.0,54.8,0.0005,0.0115,0.001544,78.22,0.002,0.0,BTC-17JAN20-6250-P,7883.98,72.67,0.001,63.0,0.002,30.0,82.03,0.87556,-3.46752,-0.06667,7e-05,-0.02964
8304.01,SYN.BTC-25SEP20,1578394743111,open,0.46,0.0,0.4265,0.495,0.45746692,76.05,None,0.0,BTC-25SEP20-5000-C,7883.98,61.8,0.433,5.0,0.485,5.0,90.55,15.16167,-2.20159,24.36443,4e-05,0.86641
7888.86,SYN.BTC-10JAN20,1578394743112,open,0.0,117.0,0.0005,0.0105,0.00023241,109.18,0.0005,0.0,BTC-10JAN20-6250-P,7883.98,0.0,0.0,0.0,0.0005,20.1,120.64,0.13845,-1.83346,-0.00457,3e-05,-0.00712
7924.98,SYN.BTC-31JAN20,1578394743113,open,0.11,15.2,0.0765,0.1355,0.10385275,57.59,0.2965,0.0,BTC-31JAN20-8500-P,7883.98,19.67,0.0745,0.1,0.0,0.0,0.0,7.45868,-8.99533,-3.93971,0.00032,-0.65613
7900.9,SYN.BTC-17JAN20,1578394743112,open,0.18,0.1,0.1615,0.2005,0.17975611,73.42,0.113,0.0,BTC-17JAN20-6500-C,7883.98,0.0,0.177,0.1,0.195,4.0,126.71,1.2717,-4.72711,1.65337,0.0001,0.95318
7888.86,SYN.BTC-10JAN20,1578394743112,open,0.05,979.5,0.0325,0.0765,0.05408698,60.16,0.056,0.0,BTC-10JAN20-7500-C,7883.98,55.02,0.053,20.0,0.0545,1.0,62.0,1.73942,-18.19305,0.48525,0.00059,0.83482
8304.01,SYN.BTC-25SEP20,1578394743112,open,0.31,1.3,0.258,0.3845,0.31508757,78.47,0.335,0.0,BTC-25SEP20-9000-P,7883.98,70.01,0.287,8.0,0.3445,3.0,87.42,27.44165,-4.11129,-43.57823,7e-05,-0.41635
8304.01,SYN.BTC-25SEP20,1578394743111,open,0.08,8.0,0.0385,0.13,0.07447681,85.44,0.0675,0.0,BTC-25SEP20-18000-C,7883.98,83.91,0.0705,14.7,0.077,16.7,86.39,21.85238,-3.56465,9.84514,5e-05,0.23972
7900.9,SYN.BTC-17JAN20,1578394743111,open,0.01,139.2,0.0005,0.027,0.00955539,58.96,0.009,0.0,BTC-17JAN20-7250-P,7883.98,56.42,0.0085,33.0,0.0105,39.1,61.15,3.34871,-9.99578,-0.39429,0.00034,-0.17489
8304.01,SYN.BTC-25SEP20,1578394743112,open,0.32,3.9,0.2745,0.3715,0.31913633,76.05,0.295,0.0,BTC-25SEP20-7000-C,7883.98,67.57,0.295,5.0,0.3295,5.0,79.7,23.61598,-3.42919,23.97174,6e-05,0.72149
8304.01,SYN.BTC-25SEP20,1578394743111,open,0.15,24.8,0.098,0.2075,0.14547113,79.82,0.132,0.0,BTC-25SEP20-12000-C,7883.98,77.86,0.139,14.0,0.149,9.0,80.88,27.46873,-4.18617,16.24859,7e-05,0.4182
7924.98,SYN.BTC-31JAN20,1578394743115,open,0.05,749.3,0.0315,0.0795,0.05344031,56.68,0.053,0.0,BTC-31JAN20-8000-C,7883.98,55.75,0.0525,15.1,0.054,20.0,57.22,8.08589,-9.59707,2.33042,0.00035,0.50298
7900.9,SYN.BTC-17JAN20,1578394743112,open,0.01,45.1,0.0005,0.017,0.00434222,68.0,0.004,0.0,BTC-17JAN20-9250-C,7883.98,64.63,0.0035,30.0,0.005,50.1,70.42,2.07466,-7.14282,0.17874,0.00018,0.08796
7900.9,SYN.BTC-17JAN20,1578394743111,open,0.21,0.0,0.1935,0.2295,0.21049855,78.26,0.116,0.0,BTC-17JAN20-6250-C,7883.98,0.0,0.194,4.0,0.2245,4.0,137.45,0.87682,-3.47399,1.62426,7e-05,0.9703
7900.9,SYN.BTC-17JAN20,1578394743111,open,0.27,0.0,0.2575,0.29,0.27296269,90.21,None,0.0,BTC-17JAN20-5750-C,7883.98,0.0,0.259,4.0,0.2845,4.0,159.75,0.44531,-2.03386,1.52565,3e-05,0.98664
7900.9,SYN.BTC-17JAN20,1578394743111,open,0.24,0.0,0.2255,0.2595,0.24157229,83.18,None,0.0,BTC-17JAN20-6000-C,7883.98,0.0,0.2265,4.0,0.2545,4.0,148.91,0.59603,-2.50999,1.5812,4e-05,0.98124
7888.86,SYN.BTC-10JAN20,1578394743111,open,0.11,0.0,0.088,0.1385,0.11122011,77.23,None,0.0,BTC-10JAN20-8750-P,7883.98,0.0,0.0115,5.0,0.0,0.0,0.0,0.93839,-12.60044,-0.64726,0.00025,-0.93017
7973.15,SYN.BTC-28FEB20,1578394743111,open,0.23,0.0,0.1945,0.271,0.22972523,65.89,None,0.0,BTC-28FEB20-9500-P,7883.98,12.52,0.1915,0.1,0.0,0.0,0.0,10.12846,-6.43257,-10.7556,0.00017,-0.71942
7900.9,SYN.BTC-17JAN20,1578394743111,open,0.02,75.9,0.005,0.0395,0.01543694,54.96,0.0165,0.0,BTC-17JAN20-7500-P,7883.98,54.15,0.015,24.0,0.0165,0.2,56.92,4.27493,-11.89568,-0.60427,0.00046,-0.26723
7900.9,SYN.BTC-17JAN20,1578394743111,open,0.04,8.4,0.024,0.0735,0.04187911,53.4,0.045,0.0,BTC-17JAN20-8000-P,7883.98,51.29,0.0405,18.0,0.043,1.0,55.12,5.15988,-13.95151,-1.24181,0.00057,-0.53902
7888.86,SYN.BTC-10JAN20,1578394743112,open,0.08,474.8,0.063,0.105,0.0830968,67.92,0.082,0.0,BTC-10JAN20-7250-C,7883.98,57.72,0.082,20.0,0.084,1.0,74.43,1.00346,-11.84988,0.52251,0.0003,0.92378
8181.62,BTC-26JUN20,1578394743135,open,0.37,136.4,0.314,0.438,0.36994977,81.36,0.46,0.0,BTC-26JUN20-10000-P,7883.98,69.55,0.338,6.0,0.424,9.9,101.18,22.25757,-5.29912,-34.57503,9e-05,-0.53273
143.56,SYN.ETH-31JAN20,1578394743162,open,0.0,134.0,0.001,0.012,0.002478,98.54,0.002,0.0,ETH-31JAN20-90-P,142.92,95.01,0.002,668.0,0.003,25.0,101.97,0.02069,-0.04269,-0.00248,0.00156,-0.02393
143.56,SYN.ETH-31JAN20,1578394743162,open,0.12,152.0,0.092,0.157,0.124706,69.27,0.116,0.0,ETH-31JAN20-130-C,142.92,64.74,0.121,48.0,0.126,650.0,70.83,0.1187,-0.17218,0.05794,0.01271,0.74167
143.56,SYN.ETH-31JAN20,1578394743162,open,0.24,0.0,0.214,0.27,0.242195,80.88,None,0.0,ETH-31JAN20-110-C,142.92,0.0,0.233,36.0,0.26,35.0,116.37,0.05571,-0.09436,0.06344,0.00511,0.91781
143.56,SYN.ETH-31JAN20,1578394743162,open,0.1,192.0,0.061,0.136,0.094892,67.36,0.176,0.0,ETH-31JAN20-150-P,142.92,65.48,0.093,144.0,0.098,240.0,70.45,0.14441,-0.20372,-0.06215,0.0159,-0.56698
143.56,SYN.ETH-31JAN20,1578394743164,open,0.02,496.0,0.005,0.04,0.019073,71.53,0.023,0.0,ETH-31JAN20-170-C,142.92,70.03,0.018,192.0,0.02,1.0,72.8,0.10356,-0.15512,0.01722,0.01074,0.2025
143.56,SYN.ETH-31JAN20,1578394743164,open,0.05,712.0,0.025,0.083,0.05003,67.39,0.055,0.0,ETH-31JAN20-150-C,142.92,65.37,0.048,270.0,0.052,890.0,69.34,0.14441,-0.20379,0.03597,0.0159,0.43306
143.56,SYN.ETH-31JAN20,1578394743164,open,0.01,1211.0,0.001,0.022,0.008427,80.84,0.007,0.0,ETH-31JAN20-110-P,142.92,77.01,0.007,1450.0,0.01,901.0,84.75,0.05566,-0.09424,-0.0085,0.00511,-0.0821
143.56,SYN.ETH-31JAN20,1578394743164,open,0.38,0.0,0.355,0.397,0.375561,98.64,None,0.0,ETH-31JAN20-90-C,142.92,0.0,0.373,1.0,0.387,39.0,143.67,0.02075,-0.04286,0.05638,0.00156,0.97598
143.56,SYN.ETH-31JAN20,1578394743164,open,0.2,0.0,0.162,0.247,0.203249,71.49,None,0.0,ETH-31JAN20-170-P,142.92,53.6,0.192,240.0,1.183,1.0,500.0,0.10352,-0.15498,-0.09399,0.01074,-0.79764
144.3,SYN.ETH-28FEB20,1578394743176,open,0.08,29.0,0.042,0.112,0.075733,77.6,0.084,0.0,ETH-28FEB20-160-C,142.92,75.74,0.073,595.0,0.078,650.0,79.14,0.21245,-0.1589,0.07022,0.00925,0.41814
144.3,SYN.ETH-28FEB20,1578394743176,open,0.02,336.0,0.005,0.034,0.016139,84.26,0.031,0.0,ETH-28FEB20-100-P,142.92,84.04,0.016,260.0,0.017,100.0,85.61,0.09162,-0.07441,-0.0227,0.00367,-0.09454
144.3,SYN.ETH-28FEB20,1578394743176,open,0.01,779.0,0.001,0.025,0.010463,91.23,0.011,0.0,ETH-28FEB20-90-P,142.92,87.9,0.009,1450.0,0.012,241.0,94.49,0.06583,-0.05788,-0.0147,0.00244,-0.06121
144.3,SYN.ETH-28FEB20,1578394743176,open,0.03,54.0,0.01,0.051,0.027371,81.27,0.027,0.0,ETH-28FEB20-110-P,142.92,79.7,0.026,795.0,0.029,101.0,83.12,0.12649,-0.09909,-0.03625,0.00526,-0.14938
144.3,SYN.ETH-28FEB20,1578394743176,open,0.21,0.0,0.176,0.248,0.212911,79.33,None,0.0,ETH-28FEB20-120-C,142.92,72.14,0.205,240.0,0.214,1.0,80.3,0.16182,-0.12373,0.11594,0.00689,0.77823
144.3,SYN.ETH-28FEB20,1578394743179,open,0.14,0.0,0.096,0.185,0.138992,77.36,None,0.0,ETH-28FEB20-150-P,142.92,75.37,0.136,144.0,0.144,144.0,80.69,0.21701,-0.1618,-0.12998,0.00948,-0.49479
144.3,SYN.ETH-28FEB20,1578394743179,open,0.06,3.0,0.029,0.093,0.058499,78.84,0.059,0.0,ETH-28FEB20-170-C,142.92,77.03,0.056,651.0,0.061,3.0,80.63,0.20012,-0.15206,0.05846,0.00858,0.34355
144.3,SYN.ETH-28FEB20,1578394743179,open,0.13,67.0,0.09,0.168,0.129597,77.27,0.138,0.0,ETH-28FEB20-140-C,142.92,74.12,0.125,364.0,0.131,650.0,78.23,0.21038,-0.15668,0.09618,0.0092,0.59854
144.3,SYN.ETH-28FEB20,1578394743179,open,0.17,9.0,0.128,0.205,0.167436,77.93,0.125,0.0,ETH-28FEB20-130-C,142.92,74.58,0.163,220.0,0.168,650.0,78.36,0.19132,-0.14371,0.10763,0.0083,0.69223
144.3,SYN.ETH-28FEB20,1578394743179,open,0.1,2.0,0.062,0.141,0.099731,77.24,0.104,0.0,ETH-28FEB20-140-P,142.92,75.37,0.097,902.0,0.104,444.0,80.17,0.21038,-0.15662,-0.10279,0.0092,-0.40146
144.3,SYN.ETH-28FEB20,1578394743179,open,0.18,0.0,0.137,0.234,0.184459,77.57,None,0.0,ETH-28FEB20-160-P,142.92,75.9,0.182,144.0,0.191,144.0,82.0,0.21244,-0.15883,-0.15718,0.00925,-0.58195
144.3,SYN.ETH-28FEB20,1578394743179,open,0.32,21.0,0.294,0.352,0.323186,84.31,0.267,0.0,ETH-28FEB20-100-C,142.92,46.66,0.308,40.0,0.342,39.0,109.73,0.09169,-0.07451,0.1194,0.00367,0.90537
144.3,SYN.ETH-28FEB20,1578394743182,open,0.24,0.0,0.187,0.288,0.23652,78.8,None,0.0,ETH-28FEB20-170-P,142.92,0.0,0.001,5.0,0.0,0.0,0.0,0.20009,-0.15197,-0.18317,0.00858,-0.65658
144.3,SYN.ETH-28FEB20,1578394743182,open,0.1,93.0,0.062,0.137,0.099562,77.39,0.1,0.0,ETH-28FEB20-150-C,142.92,75.02,0.096,625.0,0.101,650.0,78.34,0.21701,-0.16187,0.0832,0.00948,0.50525
144.3,SYN.ETH-28FEB20,1578394743182,open,0.35,0.0,0.301,0.409,0.353317,82.54,None,0.0,ETH-28FEB20-190-P,142.92,0.0,0.001,5.0,0.0,0.0,0.0,0.16645,-0.13242,-0.22974,0.00681,-0.76685
144.3,SYN.ETH-28FEB20,1578394743182,open,0.04,202.0,0.014,0.066,0.036705,82.59,0.03,0.0,ETH-28FEB20-190-C,142.92,81.1,0.035,192.0,0.039,1121.0,84.56,0.16653,-0.13256,0.04033,0.00681,0.23335
144.3,SYN.ETH-28FEB20,1578394743182,open,0.05,464.0,0.02,0.079,0.04651,81.02,0.035,0.0,ETH-28FEB20-180-C,142.92,79.05,0.044,658.0,0.049,1116.0,82.96,0.18439,-0.144,0.04871,0.00769,0.28403
144.3,SYN.ETH-28FEB20,1578394743182,open,0.29,0.0,0.242,0.348,0.293826,80.98,None,0.0,ETH-28FEB20-180-P,142.92,0.0,0.001,5.0,0.0,0.0,0.0,0.18434,-0.14388,-0.20713,0.00769,-0.71613
149.77,SYN.ETH-25SEP20,1578394743433,open,0.65,0.0,0.563,0.747,0.653562,92.89,None,0.0,ETH-25SEP20-220-P,142.92,0.0,0.0,0.0,0.678,1.0,100.14,0.5038,-0.08935,-1.28034,0.00337,-0.53797
149.77,SYN.ETH-25SEP20,1578394743433,open,0.18,8.0,0.122,0.249,0.184716,92.92,0.155,0.0,ETH-25SEP20-220-C,142.92,91.22,0.179,278.0,0.191,110.0,94.79,0.50381,-0.08938,0.2981,0.00337,0.46214
149.77,SYN.ETH-25SEP20,1578394743488,open,0.43,0.0,0.356,0.517,0.435446,89.59,0.58,0.0,ETH-25SEP20-180-P,142.92,19.53,0.214,1.0,0.503,1.0,110.02,0.50135,-0.08576,-0.94655,0.00348,-0.44545
149.77,SYN.ETH-25SEP20,1578394743488,open,0.32,22.0,0.259,0.378,0.319767,89.62,0.321,0.0,ETH-25SEP20-140-C,142.92,88.38,0.316,417.0,0.328,160.0,92.35,0.45351,-0.0776,0.38735,0.00314,0.68025
149.77,SYN.ETH-25SEP20,1578394743488,open,0.25,154.0,0.19,0.321,0.254487,89.6,0.261,0.0,ETH-25SEP20-140-P,142.92,87.46,0.248,233.0,0.258,160.0,90.76,0.45352,-0.07759,-0.61706,0.00315,-0.31977
149.77,SYN.ETH-25SEP20,1578394743488,open,0.06,317.0,0.034,0.098,0.063271,90.99,0.06,0.0,ETH-25SEP20-80-P,142.92,89.0,0.06,944.0,0.068,465.0,93.84,0.24665,-0.04285,-0.19185,0.00168,-0.11528
149.77,SYN.ETH-25SEP20,1578394743488,open,0.23,20.0,0.17,0.296,0.233663,89.62,0.254,0.0,ETH-25SEP20-180-C,142.92,90.02,0.235,272.0,0.246,392.0,93.31,0.50134,-0.08578,0.34487,0.00348,0.55461
149.77,SYN.ETH-25SEP20,1578394743488,open,0.03,812.0,0.013,0.052,0.029345,93.59,0.03,0.0,ETH-25SEP20-60-P,142.92,92.25,0.028,544.0,0.031,170.0,95.2,0.15217,-0.02719,-0.09658,0.00101,-0.06054
149.77,SYN.ETH-25SEP20,1578394743488,open,0.27,179.0,0.209,0.334,0.272769,89.62,0.28,0.0,ETH-25SEP20-160-C,142.92,89.38,0.272,268.0,0.28,120.0,91.86,0.4849,-0.08297,0.36779,0.00336,0.61504
149.77,SYN.ETH-25SEP20,1578394743488,open,0.34,0.0,0.268,0.416,0.34102,89.6,None,0.0,ETH-25SEP20-160-P,142.92,19.94,0.109,1.0,0.375,1.0,100.18,0.48492,-0.08295,-0.78013,0.00336,-0.385
149.77,SYN.ETH-25SEP20,1578394743490,open,0.2,28.0,0.141,0.268,0.204533,90.66,0.2,0.0,ETH-25SEP20-200-C,142.92,90.5,0.204,275.0,0.215,110.0,93.76,0.50608,-0.0876,0.32063,0.00347,0.50292
149.77,SYN.ETH-25SEP20,1578394743490,open,0.18,524.0,0.123,0.235,0.177591,89.6,0.172,0.0,ETH-25SEP20-120-P,142.92,87.16,0.171,263.0,0.181,160.0,90.87,0.40395,-0.06911,-0.4605,0.0028,-0.25097
149.77,SYN.ETH-25SEP20,1578394743490,open,0.54,0.0,0.455,0.627,0.539847,90.63,None,0.0,ETH-25SEP20-200-P,142.92,0.0,0.0,0.0,0.572,1.0,100.16,0.50608,-0.08758,-1.1143,0.00347,-0.49717
149.77,SYN.ETH-25SEP20,1578394743490,open,0.38,0.0,0.32,0.429,0.376402,89.62,0.359,0.0,ETH-25SEP20-120-C,142.92,82.07,0.356,160.0,0.391,160.0,95.05,0.40395,-0.06912,0.40041,0.0028,0.74904
144.3,SYN.ETH-28FEB20,1578394743635,open,0.42,0.0,0.362,0.474,0.415777,84.73,None,0.0,ETH-28FEB20-200-P,142.92,0.0,0.001,5.0,0.0,0.0,0.0,0.14967,-0.12223,-0.25051,0.00597,-0.80568
144.3,SYN.ETH-28FEB20,1578394743635,open,0.45,0.0,0.431,0.474,0.451921,97.82,None,0.0,ETH-28FEB20-80-C,142.92,0.0,0.445,44.0,0.463,43.0,125.07,0.0442,-0.04168,0.10477,0.00153,0.96278
144.3,SYN.ETH-28FEB20,1578394743635,open,0.03,151.0,0.01,0.057,0.02987,84.79,0.029,0.0,ETH-28FEB20-200-C,142.92,82.97,0.028,192.0,0.032,1319.0,86.82,0.14978,-0.12241,0.03377,0.00597,0.19455
149.77,SYN.ETH-25SEP20,1578394744081,open,2.53,0.0,2.398,2.682,2.531333,106.18,None,0.0,ETH-25SEP20-520-P,142.92,0.0,0.0,0.0,0.0,0.0,0.0,0.3271,-0.06631,-3.60641,0.00191,-0.82493
8021.47,BTC-27MAR20,1578394744118,open,0.07,384.8,0.0425,0.105,0.06908473,70.45,0.0675,0.0,BTC-27MAR20-7000-P,7884.06,69.44,0.0675,10.0,0.0715,12.2,71.97,12.66645,-5.58569,-6.1559,0.00013,-0.2816
8021.47,BTC-27MAR20,1578394744119,open,0.01,1588.4,0.0015,0.032,0.01135981,88.47,0.0115,0.0,BTC-27MAR20-16000-C,7884.06,87.91,0.011,26.6,0.0115,24.0,88.69,5.14606,-2.84992,1.06368,4e-05,0.07195
8021.47,BTC-27MAR20,1578394744119,open,3.24,0.0,3.156,3.33,3.23947034,111.05,None,0.0,BTC-27MAR20-34000-P,7884.06,0.0,0.0,0.0,0.0,0.0,0.0,0.62515,-0.43458,-74.31667,0.0,-0.99414
8021.47,BTC-27MAR20,1578394744119,open,3.99,1.0,3.889,4.091,3.98698538,112.69,4.54,0.0,BTC-27MAR20-40000-P,7884.06,0.0,0.0005,2.0,0.0,0.0,0.0,0.31033,-0.21891,-87.49439,0.0,-0.99732
8021.47,BTC-27MAR20,1578394744120,open,3.49,0.0,3.4005,3.5835,3.48857919,111.46,None,0.0,BTC-27MAR20-36000-P,7884.06,0.0,0.0,0.0,0.0,0.0,0.0,0.48542,-0.33869,-78.71499,0.0,-0.99559
8021.47,BTC-27MAR20,1578394744121,open,2.49,0.0,2.423,2.572,2.49296635,110.03,None,0.0,BTC-27MAR20-28000-P,7884.06,0.0,0.0,0.0,0.0,0.0,0.0,1.41743,-0.97628,-61.05296,1e-05,-0.98504
8304.07,SYN.BTC-25SEP20,1578394744118,open,0.23,35.2,0.181,0.292,0.23127843,78.47,0.204,0.0,BTC-25SEP20-9000-C,7884.06,76.72,0.2255,2.0,0.231,8.4,78.38,27.44177,-4.11134,20.99407,7e-05,0.58365
8304.07,SYN.BTC-25SEP20,1578394744118,open,0.27,32.9,0.219,0.3235,0.26669825,76.05,0.276,0.0,BTC-25SEP20-8000-C,7884.06,75.19,0.264,8.8,0.2775,13.8,79.49,26.10638,-3.79074,22.71914,7e-05,0.64803
7900.97,SYN.BTC-17JAN20,1578394744118,open,0.09,101.9,0.07,0.1165,0.09193915,58.94,0.0835,0.0,BTC-17JAN20-7250-C,7884.06,51.61,0.089,20.0,0.093,2.0,61.41,3.34785,-9.99098,1.56749,0.00034,0.82519
7888.93,SYN.BTC-10JAN20,1578394744118,open,0.03,44.0,0.0095,0.054,0.02680193,53.1,0.0285,0.0,BTC-10JAN20-8000-P,7884.06,49.28,0.0255,18.0,0.0285,1.0,58.06,2.69131,-24.84982,-0.3943,0.00103,-0.60759
7973.22,SYN.BTC-28FEB20,1578394744118,open,0.32,0.0,0.3005,0.342,0.31960762,73.23,None,0.0,BTC-28FEB20-5500-C,7884.06,0.0,0.31,5.1,0.3365,5.0,99.69,3.99275,-2.8183,6.92794,6e-05,0.93097
7973.22,SYN.BTC-28FEB20,1578394744118,open,0.03,288.4,0.0115,0.049,0.02604623,66.15,0.0275,0.0,BTC-28FEB20-6500-P,7884.06,64.53,0.0245,29.3,0.0275,34.3,67.65,7.6814,-4.89772,-2.25136,0.00013,-0.17263
7888.93,SYN.BTC-10JAN20,1578394744118,open,0.0,355.6,0.0005,0.011,0.00128954,84.7,0.001,0.0,BTC-10JAN20-9000-C,7884.06,80.88,0.001,50.0,0.0015,1.8,87.17,0.64184,-9.45213,0.02603,0.00015,0.04317
8181.68,BTC-26JUN20,1578394744143,open,0.37,136.4,0.314,0.438,0.36995537,81.37,0.46,0.0,BTC-26JUN20-10000-P,7884.06,69.56,0.338,6.0,0.4235,9.9,101.0,22.25783,-5.29948,-34.57476,9e-05,-0.53272
145.05,ETH-27MAR20,1578394744346,open,0.1,23.0,0.063,0.147,0.10325,85.09,0.112,0.0,ETH-27MAR20-130-P,142.92,83.15,0.1,584.0,0.107,1426.0,87.34,0.24191,-0.12886,-0.13361,0.00617,-0.31767
145.05,ETH-27MAR20,1578394744346,open,0.29,0.0,0.254,0.331,0.293225,86.82,None,0.0,ETH-27MAR20-110-C,142.92,65.39,0.268,43.0,0.321,43.0,107.96,0.18313,-0.09953,0.16457,0.00458,0.81167
145.05,ETH-27MAR20,1578394744346,open,0.02,0.0,0.008,0.044,0.022805,92.38,None,0.0,ETH-27MAR20-90-P,142.92,90.03,0.021,320.0,0.025,301.0,95.14,0.1132,-0.06546,-0.03687,0.00266,-0.09334
145.05,ETH-27MAR20,1578394744346,open,0.01,32.0,0.001,0.02,0.00799,99.49,0.009,0.0,ETH-27MAR20-70-P,142.92,96.73,0.007,1190.0,0.009,1.0,102.14,0.05375,-0.03348,-0.01399,0.00117,-0.03608
145.05,ETH-27MAR20,1578394744346,open,0.05,130.0,0.025,0.084,0.051584,86.82,0.085,0.0,ETH-27MAR20-110-P,142.92,85.57,0.05,320.0,0.054,289.0,88.73,0.18313,-0.09953,-0.07615,0.00458,-0.18833
145.05,ETH-27MAR20,1578394744346,open,0.53,0.0,0.506,0.547,0.525398,99.49,None,0.0,ETH-27MAR20-70-C,142.92,0.0,0.517,50.0,0.538,48.0,125.81,0.05375,-0.03348,0.1392,0.00117,0.96392
143.0,SYN.ETH-10JAN20,1578394744610,open,0.03,2742.0,0.008,0.062,0.033539,61.23,0.033,0.0,ETH-10JAN20-140-C,142.92,53.32,0.031,650.0,0.035,650.0,65.71,0.04642,-0.49424,0.00708,0.04706,0.6616
143.0,SYN.ETH-10JAN20,1578394744610,open,0.01,908.0,0.001,0.037,0.012583,61.23,0.015,0.0,ETH-10JAN20-140-P,142.92,59.43,0.012,271.0,0.015,649.0,68.62,0.04642,-0.49424,-0.00395,0.04706,-0.3384
143.0,SYN.ETH-10JAN20,1578394744610,open,0.16,176.0,0.135,0.187,0.161295,93.53,0.114,0.0,ETH-10JAN20-120-C,142.92,0.0,0.16,1.0,0.176,30.0,206.67,0.00498,-0.08102,0.00927,0.00331,0.98436
143.0,SYN.ETH-10JAN20,1578394744610,open,0.0,471.0,0.001,0.015,0.002403,76.88,0.002,0.0,ETH-10JAN20-130-P,142.92,73.56,0.002,952.0,0.003,6.0,81.32,0.0182,-0.24327,-0.00089,0.0147,-0.07628
143.0,SYN.ETH-10JAN20,1578394744610,open,0.06,2.0,0.024,0.09,0.055861,65.53,0.056,0.0,ETH-10JAN20-150-P,142.92,58.01,0.054,60.0,0.06,61.0,80.55,0.03698,-0.42129,-0.00949,0.03503,-0.7861
143.0,SYN.ETH-10JAN20,1578394744610,open,0.0,1646.0,0.001,0.011,0.000476,93.53,0.001,0.0,ETH-10JAN20-120-P,142.92,0.0,0.0,0.0,0.001,30.0,105.18,0.00498,-0.068,-0.00018,0.00331,-0.01564
143.0,SYN.ETH-10JAN20,1578394744610,open,0.0,390.0,0.001,0.011,9e-06,120.0,0.001,0.0,ETH-10JAN20-100-P,142.92,0.0,0.0,0.0,0.001,26.0,194.31,0.00015,-0.0013,0.0,8e-05,-0.00032
143.0,SYN.ETH-10JAN20,1578394744610,open,0.0,416.0,0.001,0.011,0.00021,120.0,0.001,0.0,ETH-10JAN20-110-P,142.92,0.0,0.0,0.0,0.001,18.0,148.37,0.00214,-0.02997,-7e-05,0.0011,-0.00593
143.0,SYN.ETH-10JAN20,1578394744610,open,0.09,836.0,0.064,0.122,0.093291,76.88,0.098,0.0,ETH-10JAN20-130-C,142.92,64.78,0.092,650.0,0.094,650.0,82.1,0.0182,-0.24327,0.00936,0.0147,0.92372
143.0,SYN.ETH-10JAN20,1578394744610,open,0.3,1.0,0.28,0.321,0.300692,120.0,0.235,0.0,ETH-10JAN20-100-C,142.92,0.0,0.291,34.0,0.31,34.0,301.09,0.00015,-0.00314,0.00787,8e-05,0.99968
143.0,SYN.ETH-10JAN20,1578394744610,open,0.0,791.0,0.001,0.011,0.0,120.0,0.001,0.0,ETH-10JAN20-90-P,142.92,0.0,0.0,0.0,0.001,26.0,244.15,0.0,-2e-05,0.0,0.0,-1e-05
143.0,SYN.ETH-10JAN20,1578394744610,open,0.37,1.0,0.352,0.389,0.370615,120.17,0.311,0.0,ETH-10JAN20-90-C,142.92,0.0,0.362,37.0,0.379,37.0,361.27,0.0,-7e-05,0.00709,0.0,0.99999
143.0,SYN.ETH-10JAN20,1578394744613,open,0.0,1031.0,0.001,0.014,0.002015,81.78,0.002,0.0,ETH-10JAN20-160-C,142.92,71.09,0.001,1038.0,0.003,652.0,89.62,0.01616,-0.22973,0.00071,0.01226,0.06533
143.18,SYN.ETH-17JAN20,1578394744619,open,0.0,63.0,0.001,0.018,0.00492,79.66,0.004,0.0,ETH-17JAN20-120-P,142.92,75.67,0.004,301.0,0.006,950.0,83.93,0.0346,-0.13956,-0.00324,0.00783,-0.07876
143.18,SYN.ETH-17JAN20,1578394744619,open,0.05,523.0,0.024,0.082,0.05297,63.05,0.051,0.0,ETH-17JAN20-140-C,142.92,59.94,0.051,180.0,0.054,650.0,64.68,0.09063,-0.28931,0.02142,0.02591,0.6059
143.18,SYN.ETH-17JAN20,1578394744619,open,0.23,0.0,0.209,0.258,0.233262,86.05,None,0.0,ETH-17JAN20-110-C,142.92,0.0,0.231,1.0,0.247,6.0,148.56,0.0145,-0.06316,0.02867,0.00304,0.97341
143.18,SYN.ETH-17JAN20,1578394744619,open,0.0,55.0,0.001,0.011,0.001508,86.05,0.002,0.0,ETH-17JAN20-110-P,142.92,80.4,0.001,1018.0,0.002,3.0,90.51,0.0145,-0.06316,-0.00109,0.00304,-0.02659
143.18,SYN.ETH-17JAN20,1578394744619,open,0.17,0.0,0.138,0.195,0.166834,79.66,None,0.0,ETH-17JAN20-120-C,142.92,41.07,0.162,1.0,0.185,6.0,131.62,0.0346,-0.13956,0.02923,0.00783,0.92124
143.18,SYN.ETH-17JAN20,1578394744623,open,0.01,186.0,0.002,0.031,0.011821,68.91,0.01,0.0,ETH-17JAN20-130-P,142.92,67.0,0.011,241.0,0.013,729.0,71.59,0.06217,-0.21692,-0.0075,0.01626,-0.18173
143.18,SYN.ETH-17JAN20,1578394744623,open,0.01,335.0,0.001,0.029,0.010217,68.56,0.011,0.0,ETH-17JAN20-160-C,142.92,65.65,0.009,240.0,0.011,537.0,70.38,0.06107,-0.212,0.00645,0.01606,0.17664
149.77,SYN.ETH-25SEP20,1578394744761,open,0.16,3.0,0.103,0.229,0.164511,93.84,0.165,0.0,ETH-25SEP20-240-C,142.92,92.18,0.159,281.0,0.17,110.0,95.5,0.49648,-0.08896,0.27709,0.00329,0.42238
149.77,SYN.ETH-25SEP20,1578394744761,open,1.75,0.0,1.638,1.883,1.75418,101.52,None,0.0,ETH-25SEP20-400-P,142.92,0.0,0.0,0.0,0.0,0.0,0.0,0.39266,-0.07611,-2.70361,0.0024,-0.7619
149.77,SYN.ETH-25SEP20,1578394744761,open,1.25,0.0,1.143,1.363,1.248845,97.89,None,0.0,ETH-25SEP20-320-P,142.92,0.0,0.0,0.0,0.0,0.0,0.0,0.44639,-0.08343,-2.08531,0.00283,-0.69183
149.77,SYN.ETH-25SEP20,1578394744761,open,2.01,0.0,1.89,2.147,2.011394,103.15,None,0.0,ETH-25SEP20-440-P,142.92,0.0,0.0,0.0,0.0,0.0,0.0,0.3685,-0.07257,-3.00713,0.00222,-0.78716
149.77,SYN.ETH-25SEP20,1578394744761,open,0.08,106.0,0.038,0.141,0.08337,101.52,0.082,0.0,ETH-25SEP20-400-C,142.92,99.84,0.079,396.0,0.089,731.0,103.65,0.39266,-0.07611,0.16626,0.0024,0.2381
149.77,SYN.ETH-25SEP20,1578394744761,open,0.11,61.0,0.059,0.174,0.112197,97.89,0.114,0.0,ETH-25SEP20-320-C,142.92,96.14,0.107,390.0,0.118,100.0,99.83,0.44639,-0.08343,0.21058,0.00283,0.30817
149.77,SYN.ETH-25SEP20,1578394744761,open,0.09,14.0,0.047,0.156,0.096002,99.81,0.078,0.0,ETH-25SEP20-360-C,142.92,98.01,0.091,393.0,0.101,100.0,101.58,0.41898,-0.07984,0.18631,0.00261,0.26939
149.77,SYN.ETH-25SEP20,1578394744761,open,1.0,0.0,0.903,1.11,1.003262,95.78,None,0.0,ETH-25SEP20-280-P,142.92,0.0,0.0,0.0,1.017,1.0,100.09,0.47337,-0.08657,-1.76861,0.00307,-0.64267
149.77,SYN.ETH-25SEP20,1578394744761,open,0.06,67.0,0.027,0.12,0.066464,105.05,0.055,0.0,ETH-25SEP20-480-C,142.92,103.55,0.063,300.0,0.07,100.0,106.56,0.34845,-0.06989,0.13683,0.00206,0.1938
149.77,SYN.ETH-25SEP20,1578394744761,open,2.27,0.0,2.144,2.415,2.271435,105.05,None,0.0,ETH-25SEP20-480-P,142.92,0.0,0.0,0.0,0.0,0.0,0.0,0.34845,-0.06989,-3.30702,0.00206,-0.8062
149.77,SYN.ETH-25SEP20,1578394744763,open,1.5,0.0,1.388,1.621,1.499731,99.81,None,0.0,ETH-25SEP20-360-P,142.92,0.0,0.0,0.0,0.0,0.0,0.0,0.41898,-0.07984,-2.39657,0.00261,-0.73061
145.05,ETH-27MAR20,1578394745091,open,0.04,6884.0,0.013,0.07,0.036974,95.68,0.038,0.0,ETH-27MAR20-240-C,142.92,94.08,0.035,650.0,0.039,1599.0,97.29,0.18035,-0.10802,0.04658,0.00409,0.18373
147.56,ETH-26JUN20,1578394745091,open,0.21,153.0,0.151,0.262,0.207285,88.25,0.206,0.0,ETH-26JUN20-160-C,142.92,87.03,0.204,446.0,0.214,446.0,90.75,0.39715,-0.10256,0.24826,0.00441,0.56666
147.56,ETH-26JUN20,1578394745095,open,0.02,295.0,0.006,0.057,0.024,112.55,0.017,0.0,ETH-26JUN20-560-C,142.92,110.7,0.022,1009.0,0.026,645.0,114.33,0.16264,-0.05356,0.04492,0.00142,0.08903
143.56,SYN.ETH-31JAN20,1578394745095,open,0.01,1871.0,0.003,0.031,0.012573,75.07,0.013,0.0,ETH-31JAN20-180-C,142.92,72.23,0.011,760.0,0.014,540.0,77.53,0.08155,-0.12822,0.01193,0.00806,0.13958
8181.74,BTC-26JUN20,1578394745125,open,1.24,1.1,1.176,1.3185,1.23917967,88.33,1.35,0.0,BTC-26JUN20-18000-P,7884.27,0.0,0.9,0.1,2.1,0.1,500.0,13.51287,-3.49258,-79.71284,5e-05,-0.84193
8021.48,BTC-27MAR20,1578394745125,open,0.31,136.4,0.2645,0.3585,0.30725565,73.84,0.447,0.0,BTC-27MAR20-10000-P,7884.27,66.05,0.2945,14.0,0.3515,5.0,99.06,13.43275,-6.20878,-17.3167,0.00013,-0.67923
8021.48,BTC-27MAR20,1578394745125,open,0.51,7.4,0.493,0.523,0.50624908,86.52,0.4255,0.0,BTC-27MAR20-4000-C,7884.27,54.14,0.5015,9.0,0.516,9.0,110.41,2.36259,-1.27952,8.1876,2e-05,0.97267
8181.74,BTC-26JUN20,1578394745125,open,0.53,0.5,0.5095,0.55,0.52710579,79.08,0.589,0.0,BTC-26JUN20-4000-C,7884.27,58.06,0.515,5.0,0.543,5.0,96.82,6.27764,-1.45254,15.98508,3e-05,0.94444
8021.48,BTC-27MAR20,1578394745125,open,0.06,1188.1,0.0335,0.098,0.06059152,73.83,0.0635,0.0,BTC-27MAR20-10000-C,7884.27,72.28,0.058,13.1,0.0625,13.1,74.97,13.43228,-6.20799,4.56678,0.00013,0.32075
8021.48,BTC-27MAR20,1578394745125,open,0.01,1361.6,0.0005,0.0145,0.00491111,86.52,0.005,0.0,BTC-27MAR20-4000-P,7884.27,85.09,0.0045,34.0,0.005,5.0,86.82,2.36285,-1.27971,-0.56598,2e-05,-0.02733
8181.74,BTC-26JUN20,1578394745125,open,0.02,52.6,0.005,0.0465,0.01703385,99.65,0.016,0.0,BTC-26JUN20-28000-C,7884.27,98.52,0.016,20.0,0.0175,10.0,100.14,7.65321,-2.23157,2.09244,2e-05,0.07166
8181.74,BTC-26JUN20,1578394745125,open,0.03,26.1,0.009,0.0615,0.02611117,93.09,0.0235,0.0,BTC-26JUN20-22000-C,7884.27,90.98,0.0235,20.0,0.0275,10.0,94.16,10.4232,-2.83912,3.15582,4e-05,0.1085
8021.48,BTC-27MAR20,1578394745125,open,1.25,0.0,1.2025,1.3125,1.25232055,93.93,1.23,0.0,BTC-27MAR20-18000-P,7884.27,0.0,0.0,0.0,0.0,0.0,0.0,4.03167,-2.37042,-38.61325,3e-05,-0.94736
8181.74,BTC-26JUN20,1578394745125,open,0.02,490.4,0.006,0.034,0.01599886,79.08,0.019,0.0,BTC-26JUN20-4000-P,7884.27,77.08,0.0145,33.0,0.017,14.1,80.36,6.27755,-1.45251,-2.74097,3e-05,-0.05556
8181.74,BTC-26JUN20,1578394745125,open,0.05,171.4,0.023,0.0945,0.05005987,85.67,0.052,0.0,BTC-26JUN20-16000-C,7884.27,84.31,0.0475,15.0,0.052,24.5,86.68,15.54712,-3.89731,5.6418,6e-05,0.19735
8181.74,BTC-26JUN20,1578394745125,open,0.19,163.7,0.145,0.2455,0.19008447,75.29,0.19,0.0,BTC-26JUN20-8000-P,7884.27,74.3,0.1875,9.2,0.196,9.2,77.56,21.34286,-4.70191,-21.89878,9e-05,-0.38164
8021.48,BTC-27MAR20,1578394745125,open,0.21,102.3,0.17,0.2585,0.21030607,71.62,0.335,0.0,BTC-27MAR20-9000-P,7884.27,69.55,0.2065,14.1,0.2425,6.0,89.0,14.73997,-6.60817,-13.69515,0.00015,-0.56987
8021.48,BTC-27MAR20,1578394745125,open,0.76,59.0,0.7185,0.8175,0.76284727,83.39,0.877,0.0,BTC-27MAR20-14000-P,7884.27,0.0,0.4,0.5,0.0,0.0,0.0,7.00282,-3.65535,-29.03431,6e-05,-0.89115
8181.74,BTC-26JUN20,1578394745125,open,2.93,0.0,2.839,3.029,2.9251244,103.74,None,0.0,BTC-26JUN20-32000-P,7884.27,0.0,0.0005,1.0,0.0,0.0,0.0,6.54795,-1.98769,-148.09887,2e-05,-0.94138
8181.74,BTC-26JUN20,1578394745125,open,0.64,17.8,0.6285,0.655,0.63971133,86.4,0.612,0.0,BTC-26JUN20-3000-C,7884.27,0.0,0.633,6.2,0.6475,6.0,102.93,3.06713,-0.77546,12.91344,1e-05,0.97685
8021.48,BTC-27MAR20,1578394745125,open,0.13,1401.5,0.098,0.172,0.13200689,70.42,0.1315,0.0,BTC-27MAR20-8000-C,7884.27,68.79,0.129,18.7,0.134,11.7,71.51,14.74812,-6.50157,7.66432,0.00015,0.56862
8021.48,BTC-27MAR20,1578394745125,open,0.01,289.7,0.003,0.0295,0.01293179,77.74,0.0155,0.0,BTC-27MAR20-5000-P,7884.27,76.22,0.012,24.0,0.014,15.0,79.43,4.99556,-2.43109,-1.44225,5e-05,-0.06923
8021.48,BTC-27MAR20,1578394745125,open,1.01,1.2,0.9595,1.063,1.00602704,88.51,1.4,0.0,BTC-27MAR20-16000-P,7884.27,0.0,0.0,0.0,0.0,0.0,0.0,5.15174,-2.85421,-33.9489,4e-05,-0.92794
8021.48,BTC-27MAR20,1578394745125,open,0.02,599.5,0.0055,0.042,0.01753035,83.38,0.017,0.0,BTC-27MAR20-14000-C,7884.27,82.19,0.0165,27.0,0.0185,24.0,84.48,7.00223,-3.65489,1.60278,6e-05,0.10884
8021.48,BTC-27MAR20,1578394745125,open,0.01,454.0,0.0005,0.0265,0.00832089,93.88,0.0085,0.0,BTC-27MAR20-18000-C,7884.27,93.23,0.008,15.5,0.0085,24.0,94.23,4.02461,-2.36503,0.7759,3e-05,0.05252
8021.48,BTC-27MAR20,1578394745125,open,1.75,5.6,1.69,1.8145,1.74742926,101.98,1.545,0.0,BTC-27MAR20-22000-P,7884.27,0.0,0.0,0.0,0.0,0.0,0.0,2.57436,-1.64332,-47.69652,2e-05,-0.9697
8181.74,BTC-26JUN20,1578394745125,open,0.02,98.5,0.004,0.044,0.01533878,101.74,0.014,0.0,BTC-26JUN20-30000-C,7884.27,100.15,0.014,20.0,0.0165,27.1,103.06,7.05255,-2.09962,1.88165,2e-05,0.06446
8021.48,BTC-27MAR20,1578394745125,open,2.99,0.0,2.9115,3.077,2.99043234,110.45,None,0.0,BTC-27MAR20-32000-P,7884.27,0.0,0.001,1.0,0.0,0.0,0.0,0.80192,-0.55446,-69.91164,1e-05,-0.99223
8021.48,BTC-27MAR20,1578394745125,open,1.5,5.2,1.446,1.5625,1.49920206,97.38,2.035,0.0,BTC-27MAR20-20000-P,7884.27,0.0,0.0,0.0,0.0,0.0,0.0,3.083,-1.87934,-43.2088,2e-05,-0.96228
8181.74,BTC-26JUN20,1578394745125,open,0.1,462.3,0.058,0.1485,0.09619924,81.37,0.0915,0.0,BTC-26JUN20-12000-C,7884.27,79.28,0.091,13.3,0.095,3.0,80.89,20.53611,-4.88935,9.37851,8e-05,0.34105
8181.74,BTC-26JUN20,1578394745125,open,1.01,5.0,0.9445,1.082,1.00563077,85.67,1.22,0.0,BTC-26JUN20-16000-P,7884.27,0.0,0.56,1.0,2.0,0.1,500.0,15.54672,-3.89712,-69.26281,6e-05,-0.80265
8181.74,BTC-26JUN20,1578394745125,open,0.56,8.2,0.5045,0.6345,0.56289068,81.37,0.8905,0.0,BTC-26JUN20-12000-P,7884.27,0.0,0.09,1.5,0.91,0.1,212.88,20.53654,-4.88971,-46.7995,8e-05,-0.65893
8021.69,BTC-27MAR20,1578394745125,open,0.53,55.3,0.4835,0.5795,0.52657532,78.46,0.55,0.0,BTC-27MAR20-12000-P,7884.27,49.25,0.5005,3.0,0.5705,3.0,108.8,9.86105,-4.84326,-23.63107,9e-05,-0.81958
8021.69,BTC-27MAR20,1578394745125,open,0.0,147.8,0.0005,0.0105,0.00076657,110.0,0.001,0.0,BTC-27MAR20-34000-C,7884.27,112.91,0.001,20.0,0.0015,24.2,117.75,0.58073,-0.39986,0.08127,0.0,0.0054
8181.74,BTC-26JUN20,1578394745125,open,0.01,262.7,0.0035,0.0415,0.01394767,103.71,0.013,0.0,BTC-26JUN20-32000-C,7884.27,101.84,0.0125,30.0,0.015,27.6,104.99,6.54001,-1.9846,1.70758,2e-05,0.05853
8181.74,BTC-26JUN20,1578394745125,open,0.21,237.3,0.1695,0.263,0.21229018,75.29,0.2095,0.0,BTC-26JUN20-8000-C,7884.27,73.26,0.207,6.1,0.2145,0.1,76.13,21.34291,-4.70175,15.55359,9e-05,0.61836
8181.74,BTC-26JUN20,1578394745125,open,0.15,396.2,0.1035,0.2035,0.14770903,81.37,0.1355,0.0,BTC-26JUN20-10000-C,7884.27,76.69,0.135,12.3,0.139,17.5,78.16,22.25798,-5.29937,12.24067,9e-05,0.46728
8181.74,BTC-26JUN20,1578394745125,open,1.96,0.0,1.8845,2.0445,1.95598835,95.73,None,0.0,BTC-26JUN20-24000-P,7884.27,0.0,0.0005,1.0,0.0,0.0,0.0,9.40167,-2.63361,-109.61585,3e-05,-0.90582
8021.69,BTC-27MAR20,1578394745125,open,0.03,683.8,0.015,0.0575,0.03152387,72.41,0.0315,0.0,BTC-27MAR20-6000-P,7884.27,71.02,0.03,41.3,0.033,14.4,73.74,8.8382,-4.00607,-3.22682,9e-05,-0.15229
8181.74,BTC-26JUN20,1578394745125,open,0.01,165.5,0.0005,0.0165,0.00638419,86.41,0.0065,0.0,BTC-26JUN20-3000-P,7884.27,85.37,0.006,13.1,0.0065,2.0,86.72,3.06785,-0.77571,-1.13149,1e-05,-0.02316
8181.74,BTC-26JUN20,1578394745126,open,0.17,189.9,0.132,0.2315,0.17691315,78.94,0.1695,0.0,BTC-26JUN20-9000-C,7884.27,75.3,0.167,11.7,0.173,15.2,77.5,22.23554,-5.13615,13.80317,9e-05,0.53728
8181.74,BTC-26JUN20,1578394745125,open,0.07,591.8,0.035,0.1145,0.06663838,82.91,0.0715,0.0,BTC-26JUN20-14000-C,7884.27,81.23,0.063,14.1,0.0695,37.2,84.2,17.92304,-4.34798,7.16001,7e-05,0.25357
8181.74,BTC-26JUN20,1578394745125,open,1.72,0.0,1.647,1.8,1.71504467,93.1,None,0.0,BTC-26JUN20-22000-P,7884.27,0.0,0.11,1.0,2.22,0.1,300.4,10.42704,-2.84062,-99.83635,4e-05,-0.89144
8021.69,BTC-27MAR20,1578394745126,open,0.01,520.7,0.0005,0.021,0.00589348,97.37,0.0065,0.0,BTC-27MAR20-20000-C,7884.27,96.32,0.0055,20.0,0.006,24.0,97.65,3.0821,-1.8786,0.55852,2e-05,0.03771
8181.74,BTC-26JUN20,1578394745126,open,0.03,968.6,0.012,0.069,0.03147074,90.72,0.033,0.0,BTC-26JUN20-20000-C,7884.27,89.69,0.03,10.0,0.0325,10.0,91.43,11.80009,-3.1325,3.74826,4e-05,0.12933
8181.74,BTC-26JUN20,1578394745126,open,0.02,18.5,0.0075,0.056,0.02260617,95.71,0.02,0.0,BTC-26JUN20-24000-C,7884.27,94.29,0.021,20.0,0.024,26.5,96.91,9.39706,-2.63182,2.73917,3e-05,0.09412
7973.31,SYN.BTC-28FEB20,1578394745124,open,0.4,0.0,0.3615,0.44,0.39718361,71.15,None,0.0,BTC-28FEB20-11000-P,7884.27,0.0,0.0,0.0,0.0,0.0,0.0,6.79723,-4.66142,-14.20898,0.00011,-0.85669
8021.69,BTC-27MAR20,1578394745126,open,0.0,115.2,0.0005,0.013,0.00277459,106.97,0.004,0.0,BTC-27MAR20-26000-C,7884.27,105.59,0.0025,20.0,0.003,24.0,108.04,1.65134,-1.10575,0.26508,1e-05,0.01787
8021.69,BTC-27MAR20,1578394745126,open,2.0,0.0,1.934,2.067,1.99575133,105.59,None,0.0,BTC-27MAR20-24000-P,7884.27,0.0,0.0005,5.0,0.0,0.0,0.0,2.1434,-1.41673,-52.1618,1e-05,-0.97567
8181.95,BTC-26JUN20,1578394745126,open,1.48,0.1,1.4105,1.5575,1.47593257,90.76,1.85,0.0,BTC-26JUN20-20000-P,7884.27,0.0,0.0005,5.0,1.88,0.1,254.24,11.81062,-3.13659,-89.87814,4e-05,-0.87051
7973.31,SYN.BTC-28FEB20,1578394745125,open,0.21,11.6,0.1855,0.2395,0.21081565,66.14,0.174,0.0,BTC-28FEB20-6500-C,7884.27,40.4,0.1905,5.0,0.234,5.0,88.31,7.6805,-4.8965,6.98726,0.00013,0.82741
8181.95,BTC-26JUN20,1578394745126,open,0.43,0.0,0.3995,0.458,0.42587151,76.25,None,0.0,BTC-26JUN20-5000-C,7884.27,72.48,0.421,5.1,0.429,5.0,78.59,10.80801,-2.41148,17.61963,5e-05,0.88587
8181.95,BTC-26JUN20,1578394745126,open,0.27,135.8,0.229,0.316,0.26916518,75.28,0.2755,0.0,BTC-26JUN20-7000-C,7884.27,72.42,0.2625,11.0,0.29,5.0,84.21,19.08777,-4.20467,16.97812,8e-05,0.71241
8021.69,BTC-27MAR20,1578394745126,open,2.74,0.0,2.667,2.8245,2.7415541,110.77,None,0.0,BTC-27MAR20-30000-P,7884.27,0.0,0.0,0.0,0.0,0.0,0.0,1.09629,-0.76013,-65.48594,1e-05,-0.98889
8021.69,BTC-27MAR20,1578394745126,open,0.0,262.9,0.0005,0.0105,0.00053987,110.0,0.001,0.0,BTC-27MAR20-36000-C,7884.27,116.62,0.001,20.0,0.0015,42.0,121.57,0.43482,-0.2994,0.05902,0.0,0.0039
8181.95,BTC-26JUN20,1578394745126,open,2.44,0.0,2.361,2.535,2.43928041,99.73,None,0.0,BTC-26JUN20-28000-P,7884.27,0.0,0.0005,1.0,0.0,0.0,0.0,7.67392,-2.23948,-128.98367,2e-05,-0.92809
8021.69,BTC-27MAR20,1578394745126,open,0.2,583.6,0.164,0.2335,0.1964204,70.43,0.187,0.0,BTC-27MAR20-7000-C,7884.27,64.75,0.1875,16.0,0.2175,8.0,83.64,12.66585,-5.58439,9.16385,0.00013,0.71844
8021.69,BTC-27MAR20,1578394745126,open,0.0,786.5,0.0005,0.0105,0.00027499,110.0,0.001,0.0,BTC-27MAR20-40000-C,7884.27,115.7,0.0005,64.8,0.001,9.0,123.39,0.24697,-0.17005,0.03176,0.0,0.00208
8181.95,BTC-26JUN20,1578394745127,open,2.2,0.0,2.1225,2.2895,2.197422,97.95,None,0.0,BTC-26JUN20-26000-P,7884.27,0.0,0.0005,1.0,0.0,0.0,0.0,8.49964,-2.43612,-119.32312,3e-05,-0.91774
7973.31,SYN.BTC-28FEB20,1578394745124,open,0.26,0.3,0.241,0.289,0.26322341,69.17,0.1885,0.0,BTC-28FEB20-6000-C,7884.27,43.92,0.25,5.1,0.284,5.0,94.05,5.69237,-3.79523,7.09029,9e-05,0.88891
8181.95,BTC-26JUN20,1578394745127,open,2.68,0.0,2.6,2.7815,2.68203152,101.84,None,0.0,BTC-26JUN20-30000-P,7884.27,0.0,0.0005,1.0,0.0,0.0,0.0,7.07577,-2.10855,-138.55695,2e-05,-0.93526
8181.95,BTC-26JUN20,1578394745127,open,0.27,112.0,0.225,0.3395,0.27692097,78.95,0.279,0.0,BTC-26JUN20-9000-P,7884.27,69.8,0.252,9.0,0.3165,3.0,93.58,22.23594,-5.13663,-28.32995,9e-05,-0.46269
8021.69,BTC-27MAR20,1578394745127,open,2.24,0.0,2.1785,2.319,2.24407575,107.4,None,0.0,BTC-27MAR20-26000-P,7884.27,0.0,0.0,0.0,0.0,0.0,0.0,1.68752,-1.13449,-56.62616,1e-05,-0.98166
8021.69,BTC-27MAR20,1578394745127,open,0.28,27.1,0.257,0.3145,0.28353129,72.39,0.2555,0.0,BTC-27MAR20-6000-C,7884.27,68.66,0.2795,10.0,0.3035,8.0,89.35,8.8366,-4.00431,9.90452,9e-05,0.84775
8181.95,BTC-26JUN20,1578394745127,open,0.78,13.4,0.718,0.8515,0.77776166,82.92,1.1,0.0,BTC-26JUN20-14000-P,7884.27,0.0,0.5,1.0,1.35,0.1,315.27,17.92685,-4.34974,-58.37923,7e-05,-0.74634
8181.95,BTC-26JUN20,1578394745127,open,0.04,333.4,0.019,0.065,0.03698697,76.26,0.0365,0.0,BTC-26JUN20-5000-P,7884.27,74.75,0.035,23.7,0.039,29.9,77.77,10.80926,-2.4121,-5.78926,5e-05,-0.11415
7925.14,SYN.BTC-31JAN20,1578394745125,open,0.52,0.0,0.485,0.552,0.51625611,80.68,None,0.0,BTC-31JAN20-12000-P,7884.27,0.0,0.0,0.0,0.0,0.0,0.0,1.31129,-2.21545,-7.714,4e-05,-0.97177
8021.69,BTC-27MAR20,1578394745127,open,0.0,78.2,0.0005,0.012,0.00226928,109.66,0.003,0.0,BTC-27MAR20-28000-C,7884.27,108.03,0.002,27.0,0.0025,24.0,110.94,1.38968,-0.95391,0.21672,1e-05,0.01462
8181.95,BTC-26JUN20,1578394745128,open,0.34,25.9,0.3055,0.38,0.33950133,75.28,0.3185,0.0,BTC-26JUN20-6000-C,7884.27,63.83,0.3185,8.8,0.37,5.0,91.06,15.43339,-3.39959,17.8316,7e-05,0.80503
7925.14,SYN.BTC-31JAN20,1578394745126,open,0.02,548.7,0.0065,0.039,0.01860844,59.95,0.019,0.0,BTC-31JAN20-9000-C,7884.27,58.5,0.0175,34.3,0.019,40.0,60.46,6.0909,-7.64698,1.07398,0.00025,0.22578
8181.95,BTC-26JUN20,1578394745128,open,0.02,80.0,0.006,0.051,0.01962162,97.88,0.0175,0.0,BTC-26JUN20-26000-C,7884.27,95.77,0.0175,20.0,0.021,26.8,99.18,8.48197,-2.42929,2.39068,3e-05,0.08203
7973.31,SYN.BTC-28FEB20,1578394745124,open,0.02,62.9,0.006,0.034,0.01574231,69.18,0.017,0.0,BTC-28FEB20-6000-P,7884.27,68.14,0.015,8.7,0.0165,39.0,70.24,5.69346,-3.79658,-1.43765,9e-05,-0.11112
7925.14,SYN.BTC-31JAN20,1578394745127,open,0.01,230.7,0.0005,0.0175,0.00541028,70.88,0.007,0.0,BTC-31JAN20-10500-C,7884.27,69.68,0.005,15.0,0.006,24.0,72.51,2.78002,-4.12646,0.34503,0.0001,0.07197
7973.31,SYN.BTC-28FEB20,1578394745125,open,0.01,86.8,0.0005,0.0165,0.00570599,78.5,0.0055,0.0,BTC-28FEB20-5000-P,7884.27,76.35,0.005,24.0,0.0065,39.1,80.76,2.70956,-2.05019,-0.54382,4e-05,-0.04228
7925.14,SYN.BTC-31JAN20,1578394745125,open,0.31,20.2,0.293,0.3275,0.30893643,82.32,0.2455,0.0,BTC-31JAN20-5500-C,7884.27,0.0,0.3055,0.1,0.322,7.0,123.5,1.48693,-2.56324,3.41218,4e-05,0.96714
7925.14,SYN.BTC-31JAN20,1578394745126,open,0.0,760.1,0.0005,0.0125,0.00293808,82.35,0.0025,0.0,BTC-31JAN20-5500-P,7884.27,79.92,0.0025,42.0,0.0035,39.0,85.2,1.48902,-2.56806,-0.18586,4e-05,-0.03291
7973.31,SYN.BTC-28FEB20,1578394745124,open,0.02,120.1,0.006,0.0395,0.01756562,71.13,0.018,0.0,BTC-28FEB20-11000-C,7884.27,69.26,0.016,59.0,0.0185,35.0,72.22,6.79485,-4.65865,1.42412,0.00011,0.14324
7925.14,SYN.BTC-31JAN20,1578394745126,open,0.0,521.8,0.0005,0.011,0.00146199,89.27,0.0015,0.0,BTC-31JAN20-5000-P,7884.27,84.34,0.001,44.0,0.002,39.1,93.89,0.83396,-1.55906,-0.09323,2e-05,-0.01652
7925.14,SYN.BTC-31JAN20,1578394745127,open,0.25,52.3,0.2295,0.2685,0.24775857,72.98,0.1805,0.0,BTC-31JAN20-6000-C,7884.27,39.84,0.243,6.0,0.2635,6.0,109.8,2.3053,-3.52315,3.60642,8e-05,0.94343
7925.14,SYN.BTC-31JAN20,1578394745125,open,0.02,1095.9,0.0065,0.037,0.01788527,61.22,0.0185,0.0,BTC-31JAN20-7000-P,7884.27,59.95,0.017,27.3,0.019,38.1,62.81,5.53353,-7.09467,-1.08738,0.00022,-0.19187
7925.14,SYN.BTC-31JAN20,1578394745126,open,0.0,393.8,0.0005,0.015,0.00406551,75.14,0.0035,0.0,BTC-31JAN20-11000-C,7884.27,73.03,0.0035,15.0,0.0045,24.3,76.65,2.21258,-3.48152,0.25732,7e-05,0.0537
7901.05,SYN.BTC-17JAN20,1578394745124,open,0.03,167.8,0.0145,0.058,0.02934246,53.4,0.0295,0.0,BTC-17JAN20-8000-C,7884.27,52.88,0.029,0.1,0.0295,1.0,53.64,5.16008,-13.9513,0.92291,0.00057,0.46106
7925.14,SYN.BTC-31JAN20,1578394745125,open,0.21,4.8,0.1815,0.2435,0.21005361,62.73,0.3445,0.0,BTC-31JAN20-9500-P,7884.27,0.0,0.002,0.1,0.0,0.0,0.0,4.66168,-6.12372,-5.51114,0.00018,-0.85304
7973.31,SYN.BTC-28FEB20,1578394745125,open,0.28,0.0,0.2475,0.325,0.28310671,67.43,None,0.0,BTC-28FEB20-10000-P,7884.27,0.0,0.0,0.0,0.0,0.0,0.0,8.95718,-5.82115,-12.01927,0.00015,-0.77753
7925.14,SYN.BTC-31JAN20,1578394745125,open,0.13,368.5,0.111,0.1605,0.13461045,61.21,0.1295,0.0,BTC-31JAN20-7000-C,7884.27,48.63,0.1265,15.0,0.1445,7.0,74.6,5.53278,-7.09218,3.49178,0.00022,0.80817
7973.31,SYN.BTC-28FEB20,1578394745125,open,0.04,99.5,0.0225,0.07,0.04229942,64.36,0.041,0.0,BTC-28FEB20-7000-P,7884.27,62.87,0.0405,19.3,0.0435,15.0,65.35,9.65849,-5.99189,-3.37261,0.00017,-0.25532
8304.13,SYN.BTC-25SEP20,1578394745124,open,0.11,53.1,0.07,0.151,0.10474491,76.05,0.105,0.0,BTC-25SEP20-6000-P,7884.27,73.65,0.099,14.0,0.1065,9.2,76.78,19.94058,-2.89551,-18.40876,5e-05,-0.20423
7925.14,SYN.BTC-31JAN20,1578394745125,open,0.01,795.5,0.0005,0.022,0.00766677,66.85,0.0085,0.0,BTC-31JAN20-10000-C,7884.27,65.35,0.007,15.0,0.008,24.0,67.58,3.58932,-5.02525,0.48508,0.00013,0.10124
7925.14,SYN.BTC-31JAN20,1578394745125,open,0.03,875.4,0.0145,0.055,0.03130097,57.59,0.032,0.0,BTC-31JAN20-8500-C,7884.27,56.2,0.03,34.3,0.032,20.0,58.33,7.45921,-8.99591,1.62063,0.00032,0.34392
7973.31,SYN.BTC-28FEB20,1578394745124,open,0.13,42.7,0.096,0.1575,0.12469965,63.2,0.126,0.0,BTC-28FEB20-7500-C,7884.27,58.77,0.1185,34.0,0.1255,20.0,63.77,11.1735,-6.8065,5.91344,0.0002,0.64653
7925.14,SYN.BTC-31JAN20,1578394745125,open,0.45,0.0,0.4235,0.49,0.4541424,78.81,None,0.0,BTC-31JAN20-11500-P,7884.27,0.0,0.0,0.0,0.0,0.0,0.0,1.75983,-2.90433,-7.32907,5e-05,-0.95963
7973.31,SYN.BTC-28FEB20,1578394745125,open,0.14,2.0,0.1025,0.1735,0.13493996,63.51,0.212,0.0,BTC-28FEB20-8500-P,7884.27,0.0,0.0,0.0,0.0,0.0,0.0,11.86214,-7.26118,-7.85939,0.00021,-0.55861
7925.14,SYN.BTC-31JAN20,1578394745126,open,0.01,295.5,0.0015,0.028,0.0113235,62.71,0.0115,0.0,BTC-31JAN20-9500-C,7884.27,61.28,0.0105,39.0,0.0115,5.0,63.01,4.65967,-6.11899,0.70265,0.00018,0.14686
7925.14,SYN.BTC-31JAN20,1578394745126,open,0.16,10.4,0.1255,0.187,0.1542475,59.97,0.272,0.0,BTC-31JAN20-9000-P,7884.27,0.0,0.005,0.5,0.0,0.0,0.0,6.09197,-7.65029,-4.81288,0.00025,-0.77415
7925.14,SYN.BTC-31JAN20,1578394745125,open,0.0,1123.1,0.0005,0.0155,0.00485127,73.0,0.0045,0.0,BTC-31JAN20-6000-P,7884.27,71.78,0.0045,24.0,0.0055,0.3,75.16,2.30721,-3.52738,-0.3187,8e-05,-0.05663
7973.31,SYN.BTC-28FEB20,1578394745125,open,0.07,62.0,0.0405,0.098,0.06534828,63.21,0.0665,0.0,BTC-28FEB20-7500-P,7884.27,62.25,0.064,20.0,0.0675,18.0,64.74,11.17356,-6.80733,-4.74613,0.0002,-0.35347
7973.31,SYN.BTC-28FEB20,1578394745125,open,0.38,0.0,0.3625,0.398,0.37860691,78.48,None,0.0,BTC-28FEB20-5000-C,7884.27,43.86,0.373,5.0,0.392,5.0,106.65,2.70786,-2.04838,6.56289,4e-05,0.95775
7973.31,SYN.BTC-28FEB20,1578394745125,open,0.18,0.0,0.1455,0.2205,0.17993388,64.58,None,0.0,BTC-28FEB20-9000-P,7884.27,0.0,0.0,0.0,0.0,0.0,0.0,11.1743,-6.95537,-9.36477,0.00019,-0.64646
7973.31,SYN.BTC-28FEB20,1578394745125,open,0.01,68.3,0.0005,0.0235,0.00942189,73.25,0.009,0.0,BTC-28FEB20-5500-P,7884.27,71.36,0.0085,24.3,0.01,24.0,74.38,3.99375,-2.81948,-0.88926,6e-05,-0.06905
7925.14,SYN.BTC-31JAN20,1578394745127,open,0.39,0.0,0.362,0.427,0.3920688,75.19,None,0.0,BTC-31JAN20-11000-P,7884.27,0.0,0.0025,1.0,0.0,0.0,0.0,2.21702,-3.49092,-6.93747,7e-05,-0.94616
7925.14,SYN.BTC-31JAN20,1578394745125,open,0.37,18.4,0.3565,0.3865,0.3705514,89.21,0.295,0.0,BTC-31JAN20-5000-C,7884.27,0.0,0.358,7.0,0.3815,7.0,137.74,0.83157,-1.55351,3.17773,2e-05,0.98353
7925.14,SYN.BTC-31JAN20,1578394745126,open,0.27,0.0,0.2405,0.3035,0.26948794,66.88,None,0.0,BTC-31JAN20-10000-P,7884.27,0.0,0.002,0.1,0.0,0.0,0.0,3.5922,-5.03148,-6.05569,0.00013,-0.89865
7901.05,SYN.BTC-17JAN20,1578394745125,open,0.12,145.9,0.0985,0.1425,0.11967541,62.36,0.085,0.0,BTC-17JAN20-7000-C,7884.27,0.0,0.114,4.1,0.1395,4.0,109.77,2.42837,-7.66739,1.64883,0.00023,0.89097
7925.14,SYN.BTC-31JAN20,1578394745126,open,0.09,574.5,0.064,0.115,0.08810678,57.81,0.0855,0.0,BTC-31JAN20-7500-C,7884.27,51.69,0.0825,35.0,0.0885,20.0,58.24,7.31799,-8.85949,3.02955,0.00031,0.6725
7925.14,SYN.BTC-31JAN20,1578394745126,open,0.19,51.4,0.1675,0.212,0.18866226,65.61,0.1545,0.0,BTC-31JAN20-6500-C,7884.27,44.38,0.1815,17.9,0.205,6.0,94.34,3.63201,-4.99059,3.6726,0.00013,0.8971
7925.14,SYN.BTC-31JAN20,1578394745126,open,0.33,0.0,0.301,0.3645,0.33032251,70.92,None,0.0,BTC-31JAN20-10500-P,7884.27,0.0,0.0,0.0,0.0,0.0,0.0,2.78374,-4.13429,-6.52274,0.0001,-0.92791
7925.14,SYN.BTC-31JAN20,1578394745125,open,0.0,431.8,0.0005,0.012,0.0020707,80.58,0.002,0.0,BTC-31JAN20-12000-C,7884.27,76.75,0.0015,67.1,0.0025,20.1,83.04,1.305,-2.2022,0.13478,4e-05,0.02807
7925.14,SYN.BTC-31JAN20,1578394745128,open,0.0,143.2,0.0005,0.013,0.00304805,78.74,0.0025,0.0,BTC-31JAN20-11500-C,7884.27,76.11,0.0025,15.0,0.0035,37.0,80.7,1.75462,-2.89322,0.19272,5e-05,0.04022
145.05,ETH-27MAR20,1578394745144,open,0.0,5913.0,0.001,0.012,0.002021,120.0,0.003,0.0,ETH-27MAR20-600-C,142.92,125.68,0.003,1110.0,0.004,97.0,130.26,0.0216,-0.01623,0.00325,0.00039,0.01227
145.05,ETH-27MAR20,1578394745144,open,2.31,0.0,2.215,2.428,2.315064,120.0,None,0.0,ETH-27MAR20-480-P,142.92,0.0,0.004,50.0,0.0,0.0,0.0,0.0488,-0.03666,-1.0421,0.00088,-0.96792
149.77,SYN.ETH-25SEP20,1578394745144,open,2.79,0.0,2.654,2.952,2.794072,108.02,None,0.0,ETH-25SEP20-560-P,142.92,0.0,0.0,0.0,0.0,0.0,0.0,0.31191,-0.06433,-3.90214,0.00179,-0.83741
7925.14,SYN.BTC-31JAN20,1578394745145,open,0.31,20.2,0.293,0.3275,0.30893643,82.32,0.2455,0.0,BTC-31JAN20-5500-C,7884.27,0.0,0.306,0.1,0.322,7.0,123.5,1.48693,-2.56324,3.41218,4e-05,0.96714
145.05,ETH-27MAR20,1578394745156,open,0.95,161.0,0.884,1.033,0.954319,100.93,1.397,0.0,ETH-27MAR20-280-P,142.92,0.0,0.002,50.0,0.0,0.0,0.0,0.13862,-0.08758,-0.5811,0.00298,-0.87635
145.05,ETH-27MAR20,1578394745156,open,0.01,1012.0,0.005,0.031,0.014423,96.49,0.015,0.0,ETH-27MAR20-80-P,142.92,93.92,0.013,320.0,0.016,1.0,99.21,0.0822,-0.04965,-0.02404,0.00185,-0.0613
145.05,ETH-27MAR20,1578394745156,open,0.46,20.0,0.438,0.489,0.462889,96.49,0.613,0.0,ETH-27MAR20-80-C,142.92,0.0,0.448,46.0,0.478,45.0,119.17,0.0822,-0.04965,0.15103,0.00185,0.9387
143.56,SYN.ETH-31JAN20,1578394745156,open,0.06,805.0,0.03,0.092,0.05614,67.38,0.053,0.0,ETH-31JAN20-140-P,142.92,65.22,0.054,401.0,0.06,1052.0,71.26,0.14259,-0.2012,-0.04362,0.0157,-0.40837
143.56,SYN.ETH-31JAN20,1578394745156,open,0.15,241.0,0.106,0.188,0.144817,68.6,0.143,0.0,ETH-31JAN20-160-P,142.92,66.54,0.143,144.0,0.149,240.0,73.27,0.12726,-0.18284,-0.07952,0.01376,-0.70205
143.56,SYN.ETH-31JAN20,1578394745156,open,0.68,0.0,0.624,0.732,0.674822,101.61,None,0.0,ETH-31JAN20-240-P,142.92,0.0,0.011,3.0,0.0,0.0,0.0,0.02657,-0.05655,-0.15424,0.00194,-0.96767
143.56,SYN.ETH-31JAN20,1578394745156,open,0.0,1797.0,0.001,0.012,0.002005,107.48,0.001,0.0,ETH-31JAN20-260-C,142.92,98.02,0.001,1110.0,0.003,1191.0,114.06,0.01892,-0.04258,0.00183,0.00131,0.02152
145.05,ETH-27MAR20,1578394745158,open,1.49,7.0,1.414,1.586,1.494314,110.23,1.702,0.0,ETH-27MAR20-360-P,142.92,0.0,0.01,30.0,0.0,0.0,0.0,0.08723,-0.06019,-0.77075,0.00172,-0.93384
147.56,ETH-26JUN20,1578394745162,open,0.18,3172.0,0.119,0.232,0.175543,91.35,0.169,0.0,ETH-26JUN20-180-C,142.92,88.95,0.169,203.0,0.177,272.0,91.88,0.40278,-0.10766,0.22263,0.00433,0.49782
145.05,ETH-27MAR20,1578394745162,open,0.02,1644.0,0.004,0.04,0.01653,105.5,0.014,0.0,ETH-27MAR20-320-C,142.92,103.39,0.015,1450.0,0.018,88.0,107.43,0.10787,-0.07124,0.02252,0.00222,0.08747
145.05,ETH-27MAR20,1578394745162,open,0.56,30.0,0.5,0.634,0.564271,92.92,0.306,0.0,ETH-27MAR20-220-P,142.92,0.0,0.001,9.0,0.0,0.0,0.0,0.20572,-0.11966,-0.42373,0.00481,-0.77063
145.05,ETH-27MAR20,1578394745162,open,0.09,2827.0,0.047,0.128,0.086018,87.81,0.08,0.0,ETH-27MAR20-180-C,142.92,86.67,0.084,616.0,0.088,5.0,88.93,0.25718,-0.14136,0.09155,0.00636,0.37443
145.05,ETH-27MAR20,1578394745162,open,0.17,1254.0,0.127,0.216,0.172363,84.72,0.178,0.0,ETH-27MAR20-140-C,142.92,82.84,0.169,672.0,0.178,752.0,87.87,0.25974,-0.13775,0.13992,0.00666,0.61316
145.05,ETH-27MAR20,1578394745162,open,0.0,2350.0,0.001,0.015,0.004062,120.0,0.004,0.0,ETH-27MAR20-520-C,142.92,123.42,0.005,240.0,0.006,650.0,126.62,0.0371,-0.02787,0.00604,0.00067,0.02309
143.56,SYN.ETH-31JAN20,1578394745162,open,0.01,1625.0,0.001,0.02,0.00653,83.53,0.007,0.0,ETH-31JAN20-200-C,142.92,78.97,0.005,1410.0,0.008,761.0,87.42,0.05155,-0.09018,0.00635,0.00458,0.0742
147.56,ETH-26JUN20,1578394745164,open,0.12,781.0,0.071,0.176,0.121377,92.82,0.116,0.0,ETH-26JUN20-220-C,142.92,91.52,0.118,282.0,0.126,1072.0,94.59,0.38373,-0.10422,0.17711,0.00406,0.37776
147.56,ETH-26JUN20,1578394745164,open,2.55,0.0,2.431,2.687,2.550989,110.73,None,0.0,ETH-26JUN20-520-P,142.92,0.0,0.01,50.0,0.0,0.0,0.0,0.1767,-0.05725,-2.38423,0.00157,-0.90038
147.56,ETH-26JUN20,1578394745164,open,0.02,635.0,0.005,0.048,0.018999,115.33,0.018,0.0,ETH-26JUN20-640-C,142.92,113.11,0.017,1070.0,0.021,770.0,117.41,0.13775,-0.04649,0.03625,0.00117,0.07148
147.56,ETH-26JUN20,1578394745164,open,0.73,4.0,0.647,0.819,0.730463,94.29,0.934,0.0,ETH-26JUN20-240-P,142.92,0.0,0.01,50.0,0.0,0.0,0.0,0.36699,-0.10125,-0.96532,0.00382,-0.66692
145.05,ETH-27MAR20,1578394745164,open,0.35,1100.0,0.311,0.379,0.344938,88.67,0.303,0.0,ETH-27MAR20-100-C,142.92,60.66,0.321,42.0,0.37,42.0,111.54,0.14718,-0.0817,0.16514,0.0036,0.86519
145.05,ETH-27MAR20,1578394745168,open,0.25,118.0,0.205,0.288,0.247095,85.65,0.19,0.0,ETH-27MAR20-120-C,142.92,65.5,0.218,44.0,0.277,44.0,105.43,0.21577,-0.11568,0.15953,0.00547,0.74969
147.56,ETH-26JUN20,1578394745168,open,2.28,0.0,2.17,2.413,2.283415,108.6,None,0.0,ETH-26JUN20-480-P,142.92,0.0,0.01,50.0,0.0,0.0,0.0,0.19234,-0.06112,-2.19082,0.00174,-0.88798
143.56,SYN.ETH-31JAN20,1578394745168,open,0.4,0.0,0.355,0.449,0.399708,83.53,None,0.0,ETH-31JAN20-200-P,142.92,0.0,0.011,3.0,0.0,0.0,0.0,0.05155,-0.09018,-0.12447,0.00458,-0.9258
147.56,ETH-26JUN20,1578394745170,open,0.05,778.0,0.019,0.094,0.050004,102.07,0.032,0.0,ETH-26JUN20-360-C,142.92,100.36,0.047,1053.0,0.053,140.0,103.74,0.2619,-0.07822,0.08756,0.00252,0.17675
147.56,ETH-26JUN20,1578394745170,open,0.14,3133.0,0.09,0.2,0.144167,91.63,0.14,0.0,ETH-26JUN20-200-C,142.92,90.08,0.14,442.0,0.148,277.0,93.06,0.3969,-0.10642,0.19877,0.00425,0.4319
147.56,ETH-26JUN20,1578394745170,open,1.49,1.0,1.392,1.599,1.48969,102.07,1.827,0.0,ETH-26JUN20-360-P,142.92,0.0,0.015,2.0,0.0,0.0,0.0,0.2619,-0.07822,-1.59779,0.00252,-0.82325
145.05,ETH-27MAR20,1578394745172,open,1.22,10.0,1.148,1.308,1.222666,105.5,1.59,0.0,ETH-27MAR20-320-P,142.92,0.0,0.011,5.0,0.0,0.0,0.0,0.10787,-0.07124,-0.67776,0.00222,-0.91253
147.56,ETH-26JUN20,1578394745175,open,0.13,2035.0,0.086,0.183,0.132509,87.67,0.18,0.0,ETH-26JUN20-120-P,142.92,86.09,0.129,918.0,0.136,180.0,89.24,0.32723,-0.08394,-0.27087,0.00366,-0.2596
145.05,ETH-27MAR20,1578394745175,open,0.03,1620.0,0.015,0.061,0.034356,88.67,0.035,0.0,ETH-27MAR20-100-P,142.92,88.32,0.034,320.0,0.036,1.0,90.28,0.14718,-0.0817,-0.0537,0.0036,-0.13481
147.56,ETH-26JUN20,1578394745175,open,0.03,379.0,0.009,0.067,0.0305,108.6,0.024,0.0,ETH-26JUN20-480-C,142.92,106.64,0.028,1070.0,0.033,551.0,110.48,0.19234,-0.06112,0.05631,0.00174,0.11202
145.05,ETH-27MAR20,1578394745175,open,2.59,0.0,2.482,2.708,2.589032,120.0,None,0.0,ETH-27MAR20-520-P,142.92,0.0,0.006,50.0,0.0,0.0,0.0,0.0371,-0.02787,-1.13191,0.00067,-0.97691
147.56,ETH-26JUN20,1578394745175,open,0.02,315.0,0.005,0.053,0.021497,114.21,0.023,0.0,ETH-26JUN20-600-C,142.92,111.68,0.019,1070.0,0.024,770.0,116.6,0.15028,-0.05023,0.0405,0.00129,0.08013
147.56,ETH-26JUN20,1578394745177,open,1.75,0.0,1.651,1.87,1.753493,105.12,None,0.0,ETH-26JUN20-400-P,142.92,0.0,0.01,50.0,0.0,0.0,0.0,0.23772,-0.07312,-1.79697,0.00222,-0.84778
145.05,ETH-27MAR20,1578394745177,open,2.86,0.0,2.749,2.989,2.863587,120.0,None,0.0,ETH-27MAR20-560-P,142.92,0.0,0.02,50.0,0.0,0.0,0.0,0.02827,-0.02123,-1.22107,0.00051,-0.98324
147.56,ETH-26JUN20,1578394745179,open,0.39,426.0,0.322,0.471,0.395385,91.35,0.47,0.0,ETH-26JUN20-180-P,142.92,82.77,0.372,180.0,0.425,200.0,102.2,0.40278,-0.10766,-0.62004,0.00433,-0.50218
145.05,ETH-27MAR20,1578394745179,open,0.05,1344.0,0.02,0.084,0.047553,92.92,0.046,0.0,ETH-27MAR20-220-C,142.92,91.11,0.045,1337.0,0.05,293.0,94.63,0.20572,-0.11966,0.05771,0.00481,0.22937
147.56,ETH-26JUN20,1578394745232,open,0.08,609.0,0.037,0.128,0.07819,96.81,0.083,0.0,ETH-26JUN20-280-C,142.92,95.37,0.075,432.0,0.082,140.0,98.51,0.32908,-0.09322,0.12729,0.00333,0.26246
145.05,ETH-27MAR20,1578394745232,open,0.0,2781.0,0.001,0.011,0.001449,120.0,0.002,0.0,ETH-27MAR20-640-C,142.92,130.23,0.003,240.0,0.004,650.0,134.92,0.01657,-0.01245,0.00241,0.0003,0.00905
147.56,ETH-26JUN20,1578394745232,open,0.01,1396.0,0.005,0.031,0.014988,94.74,0.015,0.0,ETH-26JUN20-60-P,142.92,93.15,0.014,950.0,0.016,1.0,96.32,0.09297,-0.02577,-0.04035,0.00096,-0.04342
147.56,ETH-26JUN20,1578394745232,open,0.97,0.0,0.888,1.071,0.975724,96.81,None,0.0,ETH-26JUN20-280-P,142.92,0.0,0.011,3.0,0.0,0.0,0.0,0.32908,-0.09322,-1.18353,0.00333,-0.73754
145.05,ETH-27MAR20,1578394745232,open,0.69,118.0,0.625,0.765,0.691576,95.68,0.978,0.0,ETH-27MAR20-240-P,142.92,0.0,0.005,10.0,0.0,0.0,0.0,0.18035,-0.10802,-0.47863,0.00409,-0.81627
143.56,SYN.ETH-31JAN20,1578394745232,open,0.0,825.0,0.001,0.013,0.003009,101.61,0.001,0.0,ETH-31JAN20-240-C,142.92,95.44,0.002,892.0,0.004,1191.0,106.5,0.02657,-0.05655,0.00275,0.00194,0.03233
143.56,SYN.ETH-31JAN20,1578394745232,open,0.54,1.0,0.489,0.589,0.53651,92.1,0.739,0.0,ETH-31JAN20-220-P,142.92,0.0,0.011,3.0,0.0,0.0,0.0,0.03485,-0.06722,-0.14005,0.00281,-0.95492
145.05,ETH-27MAR20,1578394745234,open,0.01,1572.0,0.003,0.033,0.012411,110.23,0.01,0.0,ETH-27MAR20-360-C,142.92,107.8,0.011,1450.0,0.014,1001.0,112.78,0.08723,-0.06019,0.01706,0.00172,0.06616
145.05,ETH-27MAR20,1578394745233,open,0.01,1506.0,0.001,0.029,0.009976,115.01,0.01,0.0,ETH-27MAR20-400-C,142.92,113.02,0.009,500.0,0.011,743.0,116.98,0.07331,-0.05278,0.01366,0.00138,0.05301
147.56,ETH-26JUN20,1578394745234,open,1.23,0.0,1.137,1.332,1.229765,99.32,1.06,0.0,ETH-26JUN20-320-P,142.92,0.0,0.015,2.0,0.0,0.0,0.0,0.29266,-0.08505,-1.39384,0.00289,-0.78793
147.56,ETH-26JUN20,1578394745233,open,0.06,434.0,0.026,0.108,0.061156,99.32,0.057,0.0,ETH-26JUN20-320-C,142.92,97.72,0.058,1121.0,0.065,140.0,101.24,0.29266,-0.08505,0.10425,0.00289,0.21207
145.05,ETH-27MAR20,1578394745234,open,0.14,605.0,0.092,0.186,0.137548,84.72,0.148,0.0,ETH-27MAR20-140-P,142.92,82.74,0.134,899.0,0.139,1.0,85.53,0.25974,-0.13775,-0.16645,0.00666,-0.38684
143.56,SYN.ETH-31JAN20,1578394745233,open,0.27,25.0,0.224,0.312,0.266433,75.07,0.35,0.0,ETH-31JAN20-180-P,142.92,0.0,0.012,5.0,0.0,0.0,0.0,0.08155,-0.12822,-0.10582,0.00806,-0.86042
145.05,ETH-27MAR20,1578394745236,open,0.12,1565.0,0.076,0.164,0.119786,85.35,0.124,0.0,ETH-27MAR20-160-C,142.92,83.86,0.117,698.0,0.125,917.0,88.15,0.27041,-0.14448,0.11486,0.00688,0.48164
147.56,ETH-26JUN20,1578394745236,open,0.5,0.0,0.464,0.528,0.495799,90.75,None,0.0,ETH-26JUN20-80-C,142.92,65.95,0.471,50.0,0.517,50.0,107.58,0.17383,-0.04616,0.28101,0.00188,0.90258
147.56,ETH-26JUN20,1578394745236,open,0.5,245.0,0.422,0.58,0.499548,91.63,0.71,0.0,ETH-26JUN20-200-P,142.92,19.57,0.356,1.0,0.523,1.0,100.3,0.3969,-0.10642,-0.73753,0.00425,-0.5681
147.56,ETH-26JUN20,1578394745236,open,0.08,643.0,0.044,0.117,0.077876,89.3,0.093,0.0,ETH-26JUN20-100-P,142.92,87.08,0.074,650.0,0.082,286.0,91.65,0.25839,-0.06752,-0.17333,0.00284,-0.17303
145.05,ETH-27MAR20,1578394745236,open,1.76,5.0,1.68,1.867,1.767646,115.01,2.004,0.0,ETH-27MAR20-400-P,142.92,0.0,0.046,50.0,0.0,0.0,0.0,0.07331,-0.05278,-0.86169,0.00138,-0.94699
145.05,ETH-27MAR20,1578394745236,open,0.06,3344.0,0.03,0.104,0.063779,90.74,0.069,0.0,ETH-27MAR20-200-C,142.92,89.0,0.061,334.0,0.067,478.0,92.73,0.2334,-0.13257,0.07277,0.00559,0.29303
145.05,ETH-27MAR20,1578394745238,open,0.33,1550.0,0.267,0.389,0.326969,87.81,0.407,0.0,ETH-27MAR20-180-P,142.92,71.0,0.298,300.0,0.0,0.0,0.0,0.25718,-0.14136,-0.30236,0.00636,-0.62557
145.05,ETH-27MAR20,1578394745238,open,0.0,1809.0,0.001,0.012,0.002849,120.0,0.003,0.0,ETH-27MAR20-560-C,142.92,125.23,0.004,240.0,0.005,602.0,128.99,0.02827,-0.02123,0.00442,0.00051,0.01676
145.05,ETH-27MAR20,1578394745238,open,0.07,1707.0,0.041,0.113,0.074396,85.65,0.089,0.0,ETH-27MAR20-120-P,142.92,84.04,0.072,325.0,0.078,1439.0,88.07,0.21577,-0.11568,-0.10307,0.00547,-0.25031
145.05,ETH-27MAR20,1578394745238,open,0.01,1737.0,0.001,0.02,0.00586,120.0,0.005,0.0,ETH-27MAR20-480-C,142.92,120.41,0.006,240.0,0.007,574.0,123.2,0.0488,-0.03666,0.00832,0.00088,0.03208
147.56,ETH-26JUN20,1578394745238,open,0.04,1008.0,0.017,0.065,0.037952,90.75,0.05,0.0,ETH-26JUN20-80-P,142.92,89.08,0.036,950.0,0.04,201.0,92.48,0.17383,-0.04616,-0.09351,0.00188,-0.09742
