underlying_price,underlying_index,timestamp,state,settlement_price,open_interest,min_price,max_price,mark_price,mark_iv,last_price,interest_rate,instrument_name,index_price,bid_iv,best_bid_price,best_bid_amount,best_ask_price,best_ask_amount,ask_iv,vega,theta,rho,gamma,delta
140.55,SYN.ETH-25MAR20,1585047540018,open,0.0,0.04,0.175,0.105438,141.63,None,0.0,ETH-25MAR20-155-P,140.59,0.0,0.0,0.0,0.0,0.0,0.0,0.01065,-0.75441,-0.00344,0.01587,-0.91563
140.5,SYN.ETH-26MAR20,1585047540026,open,0.0,0.0745,0.216,0.149275,175.44,None,0.0,ETH-26MAR20-160-P,140.59,0.0,0.0,0.0,0.0,0.0,0.0,0.02509,-1.17329,-0.0071,0.0141,-0.83412
140.44,SYN.ETH-3APR20,1585047540030,open,0.41,0.0,0.2815,0.463,0.36845,150.96,None,0.0,ETH-3APR20-190-P,140.59,0.0,0.0,0.0,0.0,0.0,0.0,0.05071,-0.38758,-0.04679,0.00629,-0.86281
140.41,SYN.ETH-24APR20,1585047540033,open,1.07,8.0,0.937,1.0725,1.006896,145.6,1.2975,0.0,ETH-24APR20-280-P,140.59,0.0,0.517,12.0,1.5175,12.0,500.0,0.0596,-0.14054,-0.22909,0.00245,-0.92192
140.41,SYN.ETH-24APR20,1585047540033,open,0.51,1276.0,0.406,0.533,0.470728,134.89,0.5965,0.0,ETH-24APR20-200-P,140.59,0.0,0.0,0.0,0.9775,12.0,500.0,0.12702,-0.27746,-0.14615,0.00565,-0.75976
140.41,SYN.ETH-24APR20,1585047540033,open,1.36,0.0,1.212,1.358,1.286452,150.14,None,0.0,ETH-24APR20-320-P,140.59,0.0,0.7985,12.0,1.799,12.0,500.0,0.04053,-0.09855,-0.26591,0.00162,-0.95234
140.41,SYN.ETH-24APR20,1585047540033,open,0.78,27.0,0.6655,0.795,0.732369,140.04,0.9705,0.0,ETH-24APR20-240-P,140.59,0.0,0.2405,12.0,1.241,12.0,500.0,0.08774,-0.19899,-0.18997,0.00376,-0.86704
140.41,SYN.ETH-24APR20,1585047540035,open,0.27,2158.0,0.1835,0.3005,0.245004,134.78,0.218,0.0,ETH-24APR20-160-P,140.59,128.68,0.238,144.0,0.2565,144.0,144.76,0.16139,-0.35227,-0.09497,0.00718,-0.55455
140.41,SYN.ETH-24APR20,1585047540035,open,1.94,0.0,1.7645,1.938,1.852025,159.79,None,0.0,ETH-24APR20-400-P,140.59,0.0,1.3675,12.0,2.3675,12.0,500.0,0.02117,-0.05477,-0.33617,0.00079,-0.97832
140.41,SYN.ETH-24APR20,1585047540035,open,1.65,0.0,1.4885,1.647,1.568746,155.5,None,0.0,ETH-24APR20-360-P,140.59,0.0,1.0825,12.0,2.0825,12.0,500.0,0.02912,-0.07333,-0.30133,0.00112,-0.96825
140.41,SYN.ETH-24APR20,1585047540037,open,2.24,0.0,2.041,2.2305,2.135481,159.42,None,0.0,ETH-24APR20-440-P,140.59,0.0,1.653,12.0,2.6535,12.0,500.0,0.01351,-0.03488,-0.37089,0.00051,-0.98718
140.44,SYN.ETH-3APR20,1585047540072,open,0.55,0.0,0.412,0.6075,0.504262,160.75,None,0.0,ETH-3APR20-210-P,140.59,0.0,0.0,0.0,0.0,0.0,0.0,0.0351,-0.28569,-0.05403,0.00409,-0.91764
140.44,SYN.ETH-3APR20,1585047540092,open,0.34,1.0,0.2185,0.3935,0.303315,147.11,0.4035,0.0,ETH-3APR20-180-P,140.59,0.0,0.0005,20.0,0.0,0.0,0.0,0.06121,-0.45589,-0.04258,0.0078,-0.81717
140.41,SYN.ETH-24APR20,1585047540176,open,0.36,0.0,0.3295,0.4215,0.381535,140.21,None,0.0,ETH-24APR20-90-C,140.59,0.0,0.0005,4.0,0.0,0.0,0.0,0.07048,-0.16004,0.06185,0.00301,0.90226
140.41,SYN.ETH-24APR20,1585047540178,open,0.31,0.0,0.2665,0.3705,0.324821,137.89,None,0.0,ETH-24APR20-100-C,140.59,0.0,0.0005,4.0,0.0,0.0,0.0,0.09419,-0.21034,0.06266,0.0041,0.8524
140.32,ETH-26JUN20,1585047540213,open,0.85,264.0,0.6685,0.933,0.804073,127.65,1.233,0.0,ETH-26JUN20-240-P,140.59,0.0,0.4,3.0,1.3225,10.0,407.05,0.24986,-0.16988,-0.54041,0.00387,-0.69335
140.32,ETH-26JUN20,1585047540220,open,1.97,0.0,1.6955,2.068,1.881723,135.79,None,0.0,ETH-26JUN20-400-P,140.59,0.0,1.413,10.0,2.4135,10.0,429.7,0.14204,-0.10272,-0.99683,0.00207,-0.88038
140.32,ETH-26JUN20,1585047540229,open,1.12,347.0,0.914,1.206,1.061829,128.75,1.34,0.0,ETH-26JUN20-280-P,140.59,0.0,0.586,10.0,1.5865,10.0,410.27,0.21723,-0.14896,-0.6603,0.00333,-0.7678
140.45,ETH-27MAR20,1585047540248,open,1.35,981.0,1.1485,1.4225,1.278229,0.0,1.452,0.0,ETH-27MAR20-320-P,140.59,0.0,0.8885,12.0,2.089,12.0,500.0,0.0,0.0,-0.02521,0.0,-1.0
141.03,ETH-25SEP20,1585047540275,open,0.57,1093.0,0.4075,0.644,0.527828,119.68,0.6,0.0,ETH-25SEP20-180-P,140.59,105.93,0.489,126.0,0.584,126.0,139.86,0.39655,-0.12835,-0.69461,0.00329,-0.44456
140.45,ETH-27MAR20,1585047540310,open,0.0,4596.0,0.0005,0.018,0.003137,226.04,0.003,0.0,ETH-27MAR20-100-P,140.59,216.48,0.0025,10.0,0.004,350.0,237.39,0.00996,-0.39148,-0.00044,0.00284,-0.03646
140.45,ETH-27MAR20,1585047540326,open,0.0,2975.0,0.0005,0.0155,0.000744,226.12,0.001,0.0,ETH-27MAR20-90-P,140.59,214.61,0.0005,31.0,0.003,417.0,281.92,0.00339,-0.10453,-0.00012,0.00096,-0.01023
140.32,ETH-26JUN20,1585047540341,open,1.68,1.0,1.431,1.7755,1.603101,132.32,1.827,0.0,ETH-26JUN20-360-P,140.59,0.0,1.1335,10.0,2.134,10.0,422.5,0.16041,-0.11305,-0.88797,0.00239,-0.85736
141.03,ETH-25SEP20,1585047540341,open,0.24,1178.0,0.1665,0.321,0.251594,119.71,0.2435,0.0,ETH-25SEP20-180-C,140.59,115.06,0.2385,274.0,0.2635,274.0,123.95,0.39654,-0.12838,0.2171,0.00329,0.55551
141.03,ETH-25SEP20,1585047540350,open,0.04,745.0,0.009,0.074,0.048358,128.33,0.056,0.0,ETH-25SEP20-560-C,140.59,125.91,0.0445,217.0,0.052,300.0,130.52,0.22994,-0.0798,0.06983,0.00178,0.14611
140.32,ETH-26JUN20,1585047540355,open,0.02,4188.0,0.0045,0.0355,0.019577,130.38,0.0275,0.0,ETH-26JUN20-60-P,140.59,126.51,0.0175,605.0,0.022,280.0,134.69,0.07699,-0.05347,-0.02623,0.00117,-0.0531
140.32,ETH-26JUN20,1585047540357,open,0.48,1847.0,0.337,0.552,0.446384,125.16,0.65,0.0,ETH-26JUN20-180-P,140.59,0.0,0.1175,4.0,0.69,1.0,249.3,0.2831,-0.18872,-0.35233,0.00447,-0.52989
140.45,ETH-27MAR20,1585047540357,open,0.0,6278.0,0.0005,0.0155,0.0,214.71,0.0005,0.0,ETH-27MAR20-360-C,140.59,0.0,0.0,0.0,0.0015,419.0,435.8,0.0,0.0,0.0,0.0,0.0
140.45,ETH-27MAR20,1585047540357,open,0.0,7905.0,0.0005,0.0155,0.0,216.86,0.0005,0.0,ETH-27MAR20-640-C,140.59,0.0,0.0,0.0,0.0005,34.0,500.0,0.0,0.0,0.0,0.0,0.0
140.45,ETH-27MAR20,1585047540360,open,0.0,2995.0,0.0005,0.0155,0.000718,213.89,0.0005,0.0,ETH-27MAR20-220-C,140.59,204.78,0.0005,712.0,0.0025,568.0,254.9,0.00379,-0.10081,0.00012,0.00114,0.01164
140.45,ETH-27MAR20,1585047540363,open,0.0,4605.0,0.0005,0.0155,0.0,215.01,0.0035,0.0,ETH-27MAR20-400-C,140.59,0.0,0.0,0.0,0.0015,419.0,475.81,0.0,0.0,0.0,0.0,0.0
140.32,ETH-26JUN20,1585047540366,open,0.58,42.0,0.5535,0.6205,0.591952,130.32,0.7865,0.0,ETH-26JUN20-60-C,140.59,0.0,0.02,5.0,0.0,0.0,0.0,0.07694,-0.05341,0.12811,0.00117,0.94694
141.03,ETH-25SEP20,1585047540366,open,0.07,523.0,0.024,0.123,0.071691,125.89,0.067,0.0,ETH-25SEP20-440-C,140.59,123.54,0.067,174.0,0.076,298.0,128.0,0.28564,-0.09725,0.09563,0.00225,0.20556
141.03,ETH-25SEP20,1585047540368,open,0.13,1361.0,0.071,0.209,0.142377,122.26,0.144,0.0,ETH-25SEP20-280-C,140.59,119.86,0.136,132.0,0.148,286.0,124.36,0.37622,-0.1244,0.15688,0.00305,0.362
140.45,ETH-27MAR20,1585047540368,open,0.0,7781.0,0.0005,0.0155,7.2e-05,264.93,0.0005,0.0,ETH-27MAR20-70-P,140.59,0.0,0.0,0.0,0.002,419.0,390.37,0.00043,-0.01015,-1e-05,0.00011,-0.00104
6737.96,BTC-27MAR20,1585047540425,open,0.0,591.3,0.0005,0.016,0.00145838,232.8,0.0015,0.0,BTC-27MAR20-10500-C,6746.09,221.02,0.001,22.0,0.002,44.5,243.9,0.29569,-9.82647,0.01011,4e-05,0.0205
6726.4,BTC-26JUN20,1585047540425,open,0.75,0.5,0.595,0.844,0.71916941,116.66,1.05,0.0,BTC-26JUN20-11000-P,6746.09,0.0,0.0005,1.0,1.1745,1.0,355.76,11.79116,-7.32679,-24.61795,9e-05,-0.70384
6737.96,BTC-27MAR20,1585047540425,open,0.75,0.1,0.6105,0.816,0.70793006,264.14,0.6,0.0,BTC-27MAR20-11500-P,6746.09,0.0,0.2585,2.5,1.159,2.5,500.0,0.23006,-10.56597,-0.89856,2e-05,-0.98472
6752.95,BTC-25SEP20,1585047540425,open,0.07,14.5,0.03,0.1035,0.06609131,114.28,0.075,0.0,BTC-25SEP20-3500-P,6746.09,112.74,0.064,14.0,0.0685,8.0,116.05,9.16826,-2.83369,-6.09958,3e-05,-0.11224
6737.96,BTC-27MAR20,1585047540425,open,0.6,0.1,0.4705,0.659,0.56011045,239.56,0.1395,0.0,BTC-27MAR20-10500-P,6746.09,0.0,0.1105,2.5,1.011,2.5,500.0,0.33606,-13.99789,-0.81553,4e-05,-0.97614
6726.4,BTC-26JUN20,1585047540425,open,0.4,2.0,0.3445,0.456,0.40751672,121.92,0.392,0.0,BTC-26JUN20-4500-C,6746.09,107.49,0.3895,16.5,0.43,16.5,139.19,8.59032,-5.57825,7.33115,6e-05,0.83129
6726.4,BTC-26JUN20,1585047540425,open,1.03,0.1,0.8525,1.1315,0.98866711,118.45,1.729,0.0,BTC-26JUN20-13000-P,6746.09,0.0,0.0005,1.0,0.0,0.0,0.0,9.90946,-6.25172,-30.72124,7e-05,-0.78714
6737.96,BTC-27MAR20,1585047540425,open,0.0,413.4,0.0005,0.0155,0.0,252.91,0.005,0.0,BTC-27MAR20-36000-C,6746.09,0.0,0.0,0.0,0.0005,0.2,500.0,0.0,0.0,0.0,0.0,0.0
6752.95,BTC-25SEP20,1585047540426,open,0.05,8.5,0.0185,0.076,0.04603962,117.06,0.048,0.0,BTC-25SEP20-3000-P,6746.09,115.63,0.0445,5.0,0.0475,8.0,118.41,7.29259,-2.30884,-4.38627,3e-05,-0.0822
6737.96,BTC-27MAR20,1585047540425,open,0.0,543.7,0.0005,0.0155,5.874e-05,300.0,0.0005,0.0,BTC-27MAR20-3000-P,6746.09,371.27,0.0005,35.5,0.001,25.2,405.0,0.0156,-0.39582,-0.00043,0.0,-0.00076
6726.4,BTC-26JUN20,1585047540426,open,0.45,28.6,0.4045,0.505,0.46089386,125.47,0.46,0.0,BTC-26JUN20-4000-C,6746.09,103.01,0.4385,16.5,0.4795,16.5,142.42,7.1467,-4.77597,7.10871,5e-05,0.87181
6726.4,BTC-26JUN20,1585047540426,open,2.66,0.0,2.37,2.82,2.58121858,131.68,None,0.0,BTC-26JUN20-24000-P,6746.09,0.0,0.0005,1.0,0.0,0.0,0.0,3.96229,-2.77889,-60.94951,3e-05,-0.9419
6737.96,BTC-27MAR20,1585047540426,open,0.47,4.6,0.448,0.51,0.48099709,300.8,0.3605,0.0,BTC-27MAR20-3500-C,6746.09,0.0,0.0155,1.0,0.0,0.0,0.0,0.08409,-4.39783,0.27294,1e-05,0.99515
6726.4,BTC-26JUN20,1585047540426,open,1.76,1.0,1.5335,1.887,1.70109043,124.06,0.9,0.0,BTC-26JUN20-18000-P,6746.09,0.0,0.0005,1.0,0.0,0.0,0.0,6.23064,-4.11687,-44.90079,4e-05,-0.89435
6737.96,BTC-27MAR20,1585047540426,open,3.86,0.0,3.4795,4.051,3.7491203,0.0,None,0.0,BTC-27MAR20-32000-P,6746.09,0.0,0.0,0.0,0.0,0.0,0.0,0.0,0.0,-2.52116,0.0,-1.0
6737.96,BTC-27MAR20,1585047540425,open,1.73,0.0,1.521,1.8425,1.67197545,404.5,1.23,0.0,BTC-27MAR20-18000-P,6746.09,0.0,1.2235,2.5,2.124,2.5,500.0,0.09069,-6.37858,-1.41564,1e-05,-0.99473
6752.95,BTC-25SEP20,1585047540425,open,0.4,64.3,0.3395,0.4665,0.41244967,109.76,0.394,0.0,BTC-25SEP20-5000-C,6746.09,107.41,0.4075,26.3,0.4175,33.3,112.17,14.196,-4.21424,12.6034,6e-05,0.78092
6737.96,BTC-27MAR20,1585047540426,open,0.54,0.1,0.5265,0.58,0.55482013,300.0,0.391,0.0,BTC-27MAR20-3000-C,6746.09,0.0,0.0005,0.5,0.0,0.0,0.0,0.0156,-0.81369,0.23593,0.0,0.99924
6753.04,BTC-25SEP20,1585047540426,open,0.1,547.7,0.043,0.1555,0.10095796,109.61,0.1,0.0,BTC-25SEP20-14000-C,6746.09,107.98,0.097,23.0,0.105,6.6,111.25,16.53119,-4.90043,6.56948,7e-05,0.29302
6753.04,BTC-25SEP20,1585047540426,open,0.44,0.1,0.3855,0.5035,0.45305927,110.72,0.3815,0.0,BTC-25SEP20-4500-C,6746.09,98.34,0.43,10.0,0.4645,10.0,116.8,12.68329,-3.79811,12.49488,5e-05,0.81836
6737.96,BTC-27MAR20,1585047540426,open,0.0,701.6,0.0005,0.0155,0.00043328,300.09,0.0005,0.0,BTC-27MAR20-3500-P,6746.09,305.24,0.0005,23.5,0.001,41.2,333.65,0.08289,-2.91945,-0.00276,1e-05,-0.00477
6753.04,BTC-25SEP20,1585047540426,open,0.54,0.0,0.494,0.5895,0.54782309,114.3,None,0.0,BTC-25SEP20-3500-C,6746.09,0.0,0.06,2.0,0.0,0.0,0.0,9.16876,-2.8342,11.62735,3e-05,0.88776
6753.04,BTC-25SEP20,1585047540426,open,0.03,255.4,0.01,0.052,0.02941261,119.82,0.038,0.0,BTC-25SEP20-2500-P,6746.09,118.04,0.028,45.0,0.031,8.0,121.79,5.40256,-1.75079,-2.91238,2e-05,-0.05573
6737.96,BTC-27MAR20,1585047540426,open,0.0,916.6,0.0005,0.016,0.00145835,252.82,0.001,0.0,BTC-27MAR20-11000-C,6746.09,240.32,0.001,22.0,0.002,89.5,264.57,0.27891,-9.82631,0.00938,3e-05,0.01914
6726.4,BTC-26JUN20,1585047540427,open,2.06,0.1,1.81,2.1955,1.99205269,125.42,1.85,0.0,BTC-26JUN20-20000-P,6746.09,0.0,0.0005,1.0,0.0,0.0,0.0,5.14172,-3.43462,-50.35267,4e-05,-0.91853
6753.04,BTC-25SEP20,1585047540427,open,0.65,1.8,0.6225,0.6895,0.65922103,119.84,0.613,0.0,BTC-25SEP20-2500-C,6746.09,0.0,0.6115,0.1,0.7485,0.1,210.38,5.40336,-1.75127,9.74957,2e-05,0.94426
6737.96,BTC-27MAR20,1585047540427,open,0.32,86.9,0.29,0.371,0.334593,249.93,0.2785,0.0,BTC-27MAR20-4500-C,6746.09,0.0,0.316,7.0,0.354,7.0,423.0,0.37008,-16.08183,0.33903,4e-05,0.97323
6753.04,BTC-25SEP20,1585047540427,open,2.08,1.4,1.8165,2.2265,2.01310544,111.88,2.526,0.0,BTC-25SEP20-20000-P,6746.09,0.0,0.0,0.0,0.0,0.0,0.0,12.03087,-3.64031,-97.34492,5e-05,-0.83284
6726.4,BTC-26JUN20,1585047540427,open,0.18,410.3,0.0985,0.2355,0.16845046,115.77,0.176,0.0,BTC-26JUN20-6000-P,6746.09,114.69,0.1665,27.3,0.1735,8.0,118.59,12.07998,-7.44892,-8.32386,9e-05,-0.3127
6737.96,BTC-27MAR20,1585047540427,open,0.0,2915.3,0.0005,0.0155,0.00047761,252.87,0.001,0.0,BTC-27MAR20-12000-C,6746.09,0.0,0.0,0.0,0.001,11.2,275.7,0.116,-3.21812,0.00344,1e-05,0.00696
6726.4,BTC-26JUN20,1585047540427,open,2.36,0.0,2.089,2.5065,2.28538395,127.38,None,0.0,BTC-26JUN20-22000-P,6746.09,0.0,0.0,0.0,0.0,0.0,0.0,4.3432,-2.94666,-55.70623,3e-05,-0.93465
6737.96,BTC-27MAR20,1585047540427,open,4.47,0.1,4.0395,4.6825,4.34276034,0.0,5.7275,0.0,BTC-27MAR20-36000-P,6746.09,0.0,0.0,0.0,0.0,0.0,0.0,0.0,0.0,-2.8363,0.0,-1.0
6737.96,BTC-27MAR20,1585047540427,open,0.0,185.5,0.0005,0.0155,0.0,252.9,0.001,0.0,BTC-27MAR20-34000-C,6746.09,0.0,0.0,0.0,0.0005,27.0,500.0,0.0,0.0,0.0,0.0,0.0
6726.4,BTC-26JUN20,1585047540427,open,3.57,5.5,3.208,3.7615,3.46741379,135.85,5.702,0.0,BTC-26JUN20-30000-P,6746.09,0.0,0.0005,1.0,0.0,0.0,0.0,2.57021,-1.85966,-76.69852,2e-05,-0.96606
6753.04,BTC-25SEP20,1585047540427,open,1.79,0.9,1.545,1.925,1.7286921,111.09,2.2055,0.0,BTC-25SEP20-18000-P,6746.09,0.0,0.0,0.0,0.0,0.0,0.0,13.42046,-4.03213,-86.52262,5e-05,-0.80086
6737.96,BTC-27MAR20,1585047540427,open,4.16,0.0,3.7595,4.3665,4.04594032,0.0,None,0.0,BTC-27MAR20-34000-P,6746.09,0.0,0.0,0.0,0.0,0.0,0.0,0.0,0.0,-2.67873,0.0,-1.0
6738.05,BTC-27MAR20,1585047540428,open,2.95,0.0,2.6395,3.104,2.85866024,0.0,None,0.0,BTC-27MAR20-26000-P,6746.09,0.0,0.0,0.0,0.0,0.0,0.0,0.0,0.0,-2.04844,0.0,-1.0
6738.05,BTC-27MAR20,1585047540428,open,3.25,0.0,2.9215,3.4215,3.15640554,500.0,None,0.0,BTC-27MAR20-28000-P,6746.09,0.0,0.0,0.0,0.0,0.0,0.0,0.0275,-2.39096,-2.20535,0.0,-0.99859
6743.55,SYN.BTC-25MAR20,1585047540425,open,0.19,0.0,0.1525,0.2485,0.2033323,206.48,None,0.0,BTC-25MAR20-5375-C,6746.09,0.0,0.002,6.9,0.0,0.0,0.0,0.09501,-9.80918,0.12713,4e-05,0.98909
6743.55,SYN.BTC-25MAR20,1585047540426,open,0.02,33.3,0.0005,0.089,0.03849012,149.0,0.045,0.0,BTC-25MAR20-6625-C,6746.09,127.66,0.0345,17.6,0.041,17.6,162.32,1.26725,-94.40799,0.09248,0.00078,0.61008
6738.05,BTC-27MAR20,1585047540428,open,3.56,0.0,3.1995,3.735,3.45230028,0.0,None,0.0,BTC-27MAR20-30000-P,6746.09,0.0,0.0,0.0,0.0,0.0,0.0,0.0,0.0,-2.36358,0.0,-1.0
6753.04,BTC-25SEP20,1585047540428,open,0.59,0.0,0.556,0.638,0.60180972,117.08,None,0.0,BTC-25SEP20-3000-C,6746.09,0.0,0.16,1.0,0.0,0.0,0.0,7.29325,-2.30935,10.80815,3e-05,0.91779
6740.76,SYN.BTC-26MAR20,1585047540425,open,0.0,0.0075,0.113,0.06135974,146.24,None,0.0,BTC-26MAR20-6500-C,6746.09,129.61,0.057,23.3,0.064,16.3,156.2,1.78002,-69.39182,0.2057,0.00052,0.65518
6753.04,BTC-25SEP20,1585047540428,open,0.68,257.4,0.5275,0.781,0.6574033,108.5,0.73,0.0,BTC-25SEP20-10000-P,6746.09,92.55,0.613,5.2,0.7,0.8,123.54,19.03062,-5.58424,-41.25392,8e-05,-0.54868
6740.76,SYN.BTC-26MAR20,1585047540425,open,0.0,0.0145,0.1265,0.0737944,147.8,None,0.0,BTC-26MAR20-6375-C,6746.09,123.16,0.068,14.1,0.0785,14.1,166.95,1.62976,-64.20825,0.22346,0.00047,0.71888
6738.05,BTC-27MAR20,1585047540428,open,0.39,61.0,0.369,0.44,0.40757781,279.47,0.32,0.0,BTC-27MAR20-4000-C,6746.09,0.0,0.391,7.0,0.4245,7.0,486.92,0.20021,-9.72872,0.30759,2e-05,0.987
6753.04,BTC-25SEP20,1585047540428,open,0.05,353.8,0.015,0.0935,0.05157279,111.93,0.051,0.0,BTC-25SEP20-20000-C,6746.09,110.47,0.049,28.2,0.054,0.1,113.28,12.04076,-3.64507,3.96083,5e-05,0.16737
6726.49,BTC-26JUN20,1585047540429,open,0.51,0.0,0.4695,0.5575,0.51845158,129.8,None,0.0,BTC-26JUN20-3500-C,6746.09,0.0,0.2165,7.5,0.697,7.5,306.68,5.68282,-3.92869,6.71927,4e-05,0.90685
6738.05,BTC-27MAR20,1585047540428,open,5.08,0.8,4.5995,5.3135,4.93640037,0.0,5.8915,0.0,BTC-27MAR20-40000-P,6746.09,0.0,0.0,0.0,0.0,0.0,0.0,0.0,0.0,-3.15145,0.0,-1.0
6737.07,SYN.BTC-3APR20,1585047540425,open,0.26,8.0,0.216,0.3195,0.27206092,159.11,0.1805,0.0,BTC-3APR20-5000-C,6746.09,0.0,0.1445,8.0,0.3225,11.5,288.13,1.97312,-15.89427,1.14098,0.0001,0.898
6743.55,SYN.BTC-25MAR20,1585047540425,open,0.01,0.1,0.0005,0.041,0.00653444,158.99,0.03,0.0,BTC-25MAR20-6250-P,6746.09,145.25,0.005,31.0,0.0085,31.0,175.1,0.78734,-44.0653,-0.02615,0.00045,-0.15508
6740.76,SYN.BTC-26MAR20,1585047540425,open,0.0,0.025,0.1405,0.08739109,149.44,None,0.0,BTC-26MAR20-6250-C,6746.09,0.0,0.0,0.0,0.0,0.0,0.0,1.4451,-57.56627,0.23858,0.00041,0.77613
6743.55,SYN.BTC-25MAR20,1585047540426,open,0.0,25.3,0.0005,0.0175,0.00285738,216.68,0.0025,0.0,BTC-25MAR20-5750-P,6746.09,200.62,0.002,0.1,0.004,34.0,234.62,0.39341,-19.26892,-0.01017,0.00017,-0.05999
6753.04,BTC-25SEP20,1585047540429,open,0.81,191.6,0.6425,0.914,0.78039901,108.5,0.915,0.0,BTC-25SEP20-11000-P,6746.09,90.04,0.731,1.0,0.97,0.5,175.92,18.60311,-5.45874,-47.1161,7e-05,-0.59707
6738.05,BTC-27MAR20,1585047540429,open,2.65,0.0,2.3595,2.788,2.56184023,0.0,None,0.0,BTC-27MAR20-24000-P,6746.09,0.0,0.0005,1.0,0.0,0.0,0.0,0.0,0.0,-1.89087,0.0,-1.0
6738.05,BTC-27MAR20,1585047540429,open,2.34,5.6,2.0795,2.4725,2.26502021,0.0,2.888,0.0,BTC-27MAR20-22000-P,6746.09,0.0,0.0,0.0,0.0,0.0,0.0,0.0,0.0,-1.7333,0.0,-1.0
6734.4,SYN.BTC-24APR20,1585047540425,open,0.84,0.0,0.6875,0.9215,0.79900875,136.81,None,0.0,BTC-24APR20-12000-P,6746.09,0.0,0.053,1.0,1.2535,1.0,500.0,3.56467,-7.89739,-9.64953,7e-05,-0.89487
6726.49,BTC-26JUN20,1585047540430,open,0.03,523.5,0.008,0.05,0.02639633,136.05,0.026,0.0,BTC-26JUN20-3000-P,6746.09,133.85,0.025,28.7,0.028,48.0,138.52,4.31767,-3.1286,-1.57861,3e-05,-0.06485
6743.55,SYN.BTC-25MAR20,1585047540425,open,0.05,29.5,0.0055,0.1175,0.06424272,153.25,0.0555,0.0,BTC-25MAR20-6375-C,6746.09,0.0,0.041,5.0,0.0815,5.0,260.38,0.96736,-74.1242,0.11647,0.00058,0.78414
6726.49,BTC-26JUN20,1585047540431,open,0.35,82.2,0.291,0.411,0.35937329,119.53,0.344,0.0,BTC-26JUN20-5000-C,6746.09,115.21,0.353,8.0,0.3625,16.5,121.65,9.94218,-6.32976,7.37959,7e-05,0.78594
6726.49,BTC-26JUN20,1585047540431,open,2.96,0.0,2.648,3.133,2.87551087,132.11,None,0.0,BTC-26JUN20-26000-P,6746.09,0.0,0.0005,1.0,0.0,0.0,0.0,3.302,-2.32347,-66.24767,2e-05,-0.95381
6737.07,SYN.BTC-3APR20,1585047540425,open,0.1,13.2,0.0315,0.15,0.0886143,133.71,0.093,0.0,BTC-3APR20-6750-P,6746.09,132.01,0.0875,37.3,0.097,29.5,146.56,4.39838,-29.77587,-0.99944,0.00027,-0.45967
6753.04,BTC-25SEP20,1585047540431,open,0.06,255.4,0.021,0.1095,0.06331271,111.13,0.055,0.0,BTC-25SEP20-18000-C,6746.09,109.45,0.06,36.1,0.0665,6.4,112.72,13.42775,-4.03591,4.65213,5e-05,0.19932
6726.49,BTC-26JUN20,1585047540431,open,0.1,919.6,0.0465,0.1565,0.10420408,115.83,0.1,0.0,BTC-26JUN20-10000-C,6746.09,113.86,0.1005,31.0,0.1075,19.5,117.58,12.65491,-7.80748,4.27813,9e-05,0.35149
6743.55,SYN.BTC-25MAR20,1585047540425,open,0.01,18.7,0.0005,0.048,0.0106733,154.92,0.0105,0.0,BTC-25MAR20-7125-C,6746.09,147.21,0.0095,20.0,0.0115,0.1,160.23,1.04061,-71.97596,0.03807,0.00062,0.24598
6734.4,SYN.BTC-24APR20,1585047540425,open,0.69,0.1,0.5515,0.7705,0.65703128,132.8,0.93,0.0,BTC-24APR20-11000-P,6746.09,0.0,0.0,0.0,1.112,1.0,500.0,4.37432,-9.40758,-8.63808,9e-05,-0.8593
6726.49,BTC-26JUN20,1585047540432,open,3.87,3.0,3.49,4.076,3.76455834,139.97,6.119,0.0,BTC-26JUN20-32000-P,6746.09,0.0,0.0005,1.0,0.0,0.0,0.0,2.49329,-1.85872,-81.86145,2e-05,-0.96729
6726.49,BTC-26JUN20,1585047540432,open,3.26,0.0,2.9295,3.4475,3.17224686,136.24,None,0.0,BTC-26JUN20-28000-P,6746.09,0.0,0.0005,1.0,0.0,0.0,0.0,3.10807,-2.25541,-71.43907,2e-05,-0.95715
6743.55,SYN.BTC-25MAR20,1585047540425,open,0.01,10.0,0.0005,0.0355,0.00502581,171.6,0.006,0.0,BTC-25MAR20-6125-P,6746.09,154.65,0.0035,32.0,0.007,32.0,190.72,0.65171,-33.89184,-0.01985,0.00035,-0.11768
6753.04,BTC-25SEP20,1585047540433,open,0.02,396.5,0.002,0.0405,0.01673244,119.27,0.019,0.0,BTC-25SEP20-36000-C,6746.09,117.18,0.015,37.0,0.0185,0.5,121.27,5.79359,-1.86884,1.51135,2e-05,0.06092
6737.07,SYN.BTC-3APR20,1585047540425,open,0.01,63.8,0.0005,0.033,0.01064264,165.25,0.0095,0.0,BTC-3APR20-4750-P,6746.09,160.34,0.0095,47.0,0.012,45.0,170.78,1.60937,-13.46465,-0.16079,8e-05,-0.07757
6738.05,BTC-27MAR20,1585047540433,open,2.04,3.0,1.8,2.1565,1.96820023,0.0,2.2095,0.0,BTC-27MAR20-20000-P,6746.09,0.0,1.521,2.5,2.4215,2.5,500.0,0.0,0.0,-1.57572,0.0,-1.0
6753.04,BTC-25SEP20,1585047540433,open,0.03,145.2,0.009,0.073,0.03676306,114.17,0.035,0.0,BTC-25SEP20-24000-C,6746.09,112.24,0.034,39.0,0.0395,24.0,116.02,9.84873,-3.04112,2.99045,4e-05,0.12419
6753.04,BTC-25SEP20,1585047540433,open,3.87,1.0,3.4755,4.08,3.75988175,117.93,7.779,0.0,BTC-25SEP20-32000-P,6746.09,0.0,0.0,0.0,0.0,0.0,0.0,6.85829,-2.18745,-160.21792,3e-05,-0.9242
6740.76,SYN.BTC-26MAR20,1585047540425,open,0.0,0.0165,0.146,0.0788958,152.2,None,0.0,BTC-26MAR20-7125-P,6746.09,0.0,0.0,0.0,0.0,0.0,0.0,1.73935,-70.57062,-0.26112,0.00049,-0.67492
6753.04,BTC-25SEP20,1585047540434,open,4.47,0.5,4.0325,4.7035,4.34749122,119.07,5.18,0.0,BTC-25SEP20-36000-P,6746.09,0.0,0.0,0.0,0.0,0.0,0.0,5.75704,-1.85389,-180.84265,2e-05,-0.93957
6743.55,SYN.BTC-25MAR20,1585047540425,open,0.13,0.0,0.093,0.198,0.15000628,213.46,None,0.0,BTC-25MAR20-5750-C,6746.09,0.0,0.002,6.9,0.0,0.0,0.0,0.38017,-40.57483,0.12823,0.00016,0.94257
6753.04,BTC-25SEP20,1585047540435,open,3.27,0.0,2.9195,3.4565,3.17267982,115.27,None,0.0,BTC-25SEP20-28000-P,6746.09,0.0,0.0,0.0,0.0,0.0,0.0,7.98592,-2.48951,-139.55016,3e-05,-0.90717
6737.07,SYN.BTC-3APR20,1585047540425,open,0.36,0.0,0.33,0.414,0.37544916,181.78,None,0.0,BTC-3APR20-4250-C,6746.09,0.0,0.0235,0.1,0.0,0.0,0.0,1.05958,-9.75189,1.05553,5e-05,0.95451
6734.4,SYN.BTC-24APR20,1585047540425,open,0.01,262.7,0.0005,0.028,0.01144462,158.49,0.012,0.0,BTC-24APR20-3500-P,6746.09,156.98,0.011,3.0,0.012,62.0,160.33,2.00204,-5.13825,-0.34685,3e-05,-0.04944
6743.55,SYN.BTC-25MAR20,1585047540425,open,0.11,9.0,0.0735,0.1815,0.13197157,198.2,0.0715,0.0,BTC-25MAR20-5875-C,6746.09,0.0,0.002,6.9,0.0,0.0,0.0,0.44807,-44.40261,0.12896,0.00021,0.92906
6734.4,SYN.BTC-24APR20,1585047540425,open,0.0,1507.0,0.0005,0.016,0.00106883,180.8,0.002,0.0,BTC-24APR20-28000-C,6746.09,168.09,0.0005,46.0,0.002,45.7,193.35,0.39148,-1.1462,0.03495,1e-05,0.0072
6743.55,SYN.BTC-25MAR20,1585047540425,open,0.2,0.0,0.172,0.2655,0.22164785,203.44,None,0.0,BTC-25MAR20-5250-C,6746.09,0.0,0.002,6.9,0.27,0.1,500.0,0.04945,-5.03042,0.12509,2e-05,0.9948
6753.04,BTC-25SEP20,1585047540438,open,2.67,16.1,2.366,2.8395,2.59060224,114.09,3.1855,0.0,BTC-25SEP20-24000-P,6746.09,0.0,0.0,0.0,0.0,0.0,0.0,9.83316,-3.0342,-118.57728,4e-05,-0.87609
6737.07,SYN.BTC-3APR20,1585047540425,open,0.01,165.2,0.0005,0.021,0.00641522,182.59,0.0065,0.0,BTC-3APR20-4250-P,6746.09,176.6,0.0055,47.0,0.0075,45.0,189.15,1.07067,-9.89786,-0.09569,5e-05,-0.04608
140.45,ETH-27MAR20,1585047540439,open,3.41,0.0,3.028,3.542,3.271679,0.0,None,0.0,ETH-27MAR20-600-P,140.59,0.0,0.03,50.0,0.0,0.0,0.0,0.0,0.0,-0.04727,0.0,-1.0
6737.07,SYN.BTC-3APR20,1585047540425,open,0.22,8.0,0.18,0.2885,0.23942201,152.88,0.1505,0.0,BTC-3APR20-5250-C,6746.09,0.0,0.112,8.0,0.2905,11.5,270.66,2.36777,-18.32662,1.14599,0.00013,0.86811
6734.4,SYN.BTC-24APR20,1585047540425,open,0.35,87.6,0.305,0.4025,0.35852911,137.96,0.2965,0.0,BTC-24APR20-4500-C,6746.09,77.59,0.3345,14.0,0.381,8.0,174.18,3.77911,-8.44322,3.00464,7e-05,0.88596
141.03,ETH-25SEP20,1585047540439,open,0.09,1009.0,0.0415,0.1605,0.099729,124.77,0.1,0.0,ETH-25SEP20-360-C,140.59,121.67,0.0925,150.0,0.1065,293.0,127.62,0.33217,-0.11209,0.12197,0.00264,0.27048
6737.07,SYN.BTC-3APR20,1585047540425,open,0.07,21.5,0.031,0.1365,0.08649175,133.4,0.082,0.0,BTC-3APR20-6750-C,6746.09,128.82,0.0835,41.1,0.0895,29.6,138.01,4.3985,-29.7073,0.82706,0.00027,0.54022
6740.76,SYN.BTC-26MAR20,1585047540425,open,0.0,0.0035,0.101,0.05061229,146.3,None,0.0,BTC-26MAR20-6625-C,6746.09,133.35,0.047,25.7,0.0525,18.7,153.06,1.88266,-73.42312,0.1855,0.00055,0.58613
141.03,ETH-25SEP20,1585047540440,open,0.02,187.0,0.0025,0.039,0.021189,132.26,0.0275,0.0,ETH-25SEP20-880-C,140.59,128.77,0.018,280.0,0.0245,300.0,135.57,0.13503,-0.0483,0.03499,0.00101,0.07018
6740.76,SYN.BTC-26MAR20,1585047540425,open,0.0,0.0005,0.041,0.00882871,160.47,None,0.0,BTC-26MAR20-6000-P,6746.09,152.0,0.0075,33.0,0.0105,20.0,170.52,1.08812,-46.5461,-0.05239,0.00029,-0.14242
6740.76,SYN.BTC-26MAR20,1585047540425,open,0.0,0.0005,0.05,0.01393475,155.95,None,0.0,BTC-26MAR20-7375-C,6746.09,105.25,0.0045,12.0,0.02,11.1,182.71,1.45679,-60.5589,0.07383,0.0004,0.22708
6740.76,SYN.BTC-26MAR20,1585047540425,open,0.0,0.0265,0.1635,0.09369628,156.76,None,0.0,BTC-26MAR20-7250-P,6746.09,0.0,0.0,0.0,0.0,0.0,0.0,1.61799,-67.61161,-0.28292,0.00044,-0.72304
141.03,ETH-25SEP20,1585047540447,open,0.05,498.0,0.0115,0.0835,0.054627,127.53,0.045,0.0,ETH-25SEP20-520-C,140.59,125.13,0.0505,202.0,0.0585,300.0,129.71,0.24678,-0.08511,0.07712,0.00192,0.16258
6734.4,SYN.BTC-24APR20,1585047540426,open,0.29,207.8,0.2395,0.347,0.29920419,132.83,0.267,0.0,BTC-24APR20-5000-C,6746.09,89.38,0.2715,14.0,0.3095,8.0,146.59,4.91005,-10.56188,3.03786,0.0001,0.83247
6743.55,SYN.BTC-25MAR20,1585047540425,open,0.06,0.6,0.0005,0.1005,0.03991615,147.71,0.039,0.0,BTC-25MAR20-6875-P,6746.09,129.67,0.0365,14.6,0.0465,14.6,182.09,1.28315,-94.76949,-0.10211,0.0008,-0.5912
6743.55,SYN.BTC-25MAR20,1585047540425,open,0.0,12.7,0.0005,0.016,0.00101457,217.09,0.0015,0.0,BTC-25MAR20-5500-P,6746.09,194.61,0.0005,34.3,0.0025,14.0,256.56,0.18923,-6.84178,-0.00411,8e-05,-0.02441
6734.4,SYN.BTC-24APR20,1585047540425,open,2.65,0.0,2.3625,2.797,2.56614663,179.56,None,0.0,BTC-24APR20-24000-P,6746.09,0.0,0.0,0.0,0.0,0.0,0.0,0.73816,-2.14636,-20.23028,1e-05,-0.98508
6737.07,SYN.BTC-3APR20,1585047540425,open,0.33,0.0,0.2915,0.3825,0.3398313,171.14,None,0.0,BTC-3APR20-4500-C,6746.09,0.0,0.2125,8.0,0.3905,11.5,332.11,1.28042,-11.09452,1.09818,6e-05,0.94229
6743.55,SYN.BTC-25MAR20,1585047540425,open,0.11,0.0,0.0175,0.1535,0.08369755,165.91,None,0.0,BTC-25MAR20-7250-P,6746.09,0.0,0.0,0.0,0.0,0.0,0.0,0.91782,-76.13571,-0.14337,0.00051,-0.80247
6743.55,SYN.BTC-25MAR20,1585047540428,open,0.17,5.0,0.1325,0.2315,0.18524394,210.42,0.134,0.0,BTC-25MAR20-5500-C,6746.09,0.0,0.002,6.9,0.0,0.0,0.0,0.16813,-17.6892,0.12839,7e-05,0.97878
6743.55,SYN.BTC-25MAR20,1585047540425,open,0.09,0.0,0.0065,0.1345,0.06746706,156.4,None,0.0,BTC-25MAR20-7125-P,6746.09,0.0,0.0,0.0,0.0,0.0,0.0,1.04576,-81.77689,-0.13254,0.00061,-0.75174
6734.4,SYN.BTC-24APR20,1585047540425,open,1.44,0.0,1.243,1.5405,1.38259015,153.43,None,0.0,BTC-24APR20-16000-P,6746.09,0.0,0.637,1.0,1.8375,1.0,500.0,1.79201,-4.45237,-13.32755,3e-05,-0.95693
6743.55,SYN.BTC-25MAR20,1585047540425,open,0.02,10.1,0.0005,0.0495,0.00979503,154.67,0.01,0.0,BTC-25MAR20-6375-P,6746.09,149.1,0.009,0.2,0.011,0.1,162.92,0.97233,-66.05332,-0.03682,0.00058,-0.21778
6743.55,SYN.BTC-25MAR20,1585047540428,open,0.15,14.0,0.113,0.2145,0.16743049,212.39,0.116,0.0,BTC-25MAR20-5625-C,6746.09,0.0,0.002,6.9,0.0,0.0,0.0,0.26296,-27.92595,0.12883,0.00011,0.9637
6743.55,SYN.BTC-25MAR20,1585047540426,open,0.01,56.4,0.0005,0.0285,0.00313782,173.96,0.0035,0.0,BTC-25MAR20-6000-P,6746.09,164.61,0.0025,20.0,0.004,0.3,185.27,0.48512,-21.16006,-0.01324,0.00026,-0.07873
6743.55,SYN.BTC-25MAR20,1585047540425,open,0.0,36.4,0.0005,0.0155,0.00056268,217.27,0.001,0.0,BTC-25MAR20-5375-P,6746.09,213.65,0.0005,20.3,0.0025,34.2,280.02,0.1212,-3.79446,-0.00243,5e-05,-0.01446
6740.76,SYN.BTC-26MAR20,1585047540425,open,5.0,0.002,0.0995,0.04249608,146.15,0.0495,0.0,BTC-26MAR20-6750-P,6746.09,137.42,0.04,18.6,0.046,18.6,158.41,1.92627,-75.04626,-0.18249,0.00056,-0.48432
6743.55,SYN.BTC-25MAR20,1585047540426,open,0.0,7.0,0.0005,0.0225,0.00336292,201.0,0.0035,0.0,BTC-25MAR20-5875-P,6746.09,187.45,0.0025,0.1,0.0045,33.1,216.5,0.46073,-22.67805,-0.01245,0.00021,-0.07357
6734.4,SYN.BTC-24APR20,1585047540425,open,0.48,0.0,0.4515,0.5265,0.49162017,158.13,0.395,0.0,BTC-24APR20-3500-C,6746.09,0.0,0.218,6.0,0.5995,8.5,369.56,1.99325,-5.10426,2.61598,3e-05,0.95083
6740.76,SYN.BTC-26MAR20,1585047540425,open,0.0,0.0005,0.057,0.01792339,155.82,None,0.0,BTC-26MAR20-7250-C,6746.09,147.69,0.016,20.0,0.0195,31.0,162.35,1.61391,-67.03557,0.08924,0.00044,0.27553
6743.55,SYN.BTC-25MAR20,1585047540427,open,0.04,31.9,0.0005,0.085,0.02918472,146.86,0.0265,0.0,BTC-25MAR20-6750-P,6746.09,130.55,0.026,6.0,0.034,30.5,171.51,1.3174,-96.73345,-0.08415,0.00082,-0.49095
6734.4,SYN.BTC-24APR20,1585047540425,open,1.14,0.0,0.964,1.229,1.08880938,144.73,None,0.0,BTC-24APR20-14000-P,6746.09,0.0,0.343,1.0,1.5435,1.0,500.0,2.4314,-5.69874,-11.53898,4e-05,-0.93675
6737.07,SYN.BTC-3APR20,1585047540426,open,0.03,53.3,0.003,0.061,0.02526316,149.08,0.024,0.0,BTC-3APR20-5500-P,6746.09,144.82,0.0235,28.5,0.027,43.8,153.2,2.81564,-21.25256,-0.3579,0.00015,-0.17108
6743.55,SYN.BTC-25MAR20,1585047540426,open,0.02,14.1,0.0005,0.0595,0.01426395,150.09,0.015,0.0,BTC-25MAR20-6500-P,6746.09,139.57,0.0125,29.0,0.016,0.9,160.28,1.14074,-85.60893,-0.05013,0.0007,-0.2956
6734.4,SYN.BTC-24APR20,1585047540425,open,0.41,0.0,0.376,0.462,0.4225946,144.65,None,0.0,BTC-24APR20-4000-C,6746.09,0.0,0.1505,6.0,0.532,8.5,325.79,2.73668,-6.41071,2.86929,5e-05,0.92627
6743.55,SYN.BTC-25MAR20,1585047540425,open,0.07,0.1,0.0015,0.1175,0.05310218,152.6,0.0555,0.0,BTC-25MAR20-7000-P,6746.09,0.0,0.0005,0.1,0.0,0.0,0.0,1.18437,-90.36934,-0.11828,0.00071,-0.67794
6740.76,SYN.BTC-26MAR20,1585047540425,open,0.1,0.0015,0.0895,0.04091442,145.42,0.0445,0.0,BTC-26MAR20-6750-C,6746.09,135.22,0.038,20.0,0.043,20.0,152.71,1.9263,-74.66937,0.16441,0.00057,0.51554
6743.55,SYN.BTC-25MAR20,1585047540426,open,0.0,4.1,0.0005,0.0155,0.00033799,221.13,0.0005,0.0,BTC-25MAR20-5250-P,6746.09,232.98,0.0005,20.0,0.001,2.0,258.24,0.08029,-2.27926,-0.00151,3e-05,-0.009
6740.76,SYN.BTC-26MAR20,1585047540425,open,7.4,0.0005,0.0745,0.02584579,147.01,0.026,0.0,BTC-26MAR20-6500-P,6746.09,138.1,0.0235,29.0,0.028,20.0,155.14,1.78111,-69.79823,-0.12859,0.00052,-0.34539
6743.55,SYN.BTC-25MAR20,1585047540425,open,0.08,6.2,0.0345,0.1495,0.09655398,169.55,0.079,0.0,BTC-25MAR20-6125-C,6746.09,0.0,0.0725,5.0,0.1145,5.0,308.09,0.64141,-54.37424,0.12755,0.00035,0.88493
6737.07,SYN.BTC-3APR20,1585047540426,open,0.01,108.2,0.0005,0.027,0.007913,171.85,0.0075,0.0,BTC-3APR20-4500-P,6746.09,166.94,0.007,47.0,0.009,24.0,177.35,1.29122,-11.23453,-0.12075,6e-05,-0.05833
6743.55,SYN.BTC-25MAR20,1585047540425,open,0.06,41.7,0.017,0.1325,0.07952236,157.26,0.08,0.0,BTC-25MAR20-6250-C,6746.09,0.0,0.056,5.0,0.0975,5.0,282.26,0.7791,-61.26281,0.12423,0.00045,0.84737
6734.4,SYN.BTC-24APR20,1585047540426,open,0.01,406.3,0.0005,0.0215,0.00668891,168.95,0.006,0.0,BTC-24APR20-3000-P,6746.09,165.3,0.006,15.0,0.0075,88.0,173.0,1.30666,-3.57505,-0.20499,2e-05,-0.02929
6734.4,SYN.BTC-24APR20,1585047540425,open,0.55,14.5,0.419,0.6235,0.51887541,129.0,0.9535,0.0,BTC-24APR20-10000-P,6746.09,0.0,0.0,0.0,0.974,1.0,500.0,5.36991,-11.21796,-7.55193,0.00011,-0.80679
6743.55,SYN.BTC-25MAR20,1585047540426,open,0.0,0.5,0.0005,0.0165,0.00174135,216.88,0.004,0.0,BTC-25MAR20-5625-P,6746.09,196.13,0.001,20.1,0.0035,34.0,251.39,0.27984,-11.74291,-0.00662,0.00012,-0.03917
6737.07,SYN.BTC-3APR20,1585047540425,open,0.12,5.0,0.0465,0.177,0.11062776,134.47,0.1385,0.0,BTC-3APR20-7000-P,6746.09,130.45,0.108,34.1,0.12,26.3,148.77,4.41235,-30.03918,-1.15849,0.00027,-0.52492
6734.4,SYN.BTC-24APR20,1585047540425,open,3.26,10.0,2.923,3.426,3.15966441,192.34,3.795,0.0,BTC-24APR20-28000-P,6746.09,0.0,0.0,0.0,0.0,0.0,0.0,0.59745,-1.8609,-23.62982,1e-05,-0.98832
6743.55,SYN.BTC-25MAR20,1585047540425,open,0.01,19.5,0.0005,0.056,0.01484866,151.32,0.02,0.0,BTC-25MAR20-7000-C,6746.09,140.67,0.013,20.0,0.0165,0.1,160.67,1.18188,-89.42159,0.04944,0.00072,0.32043
6734.4,SYN.BTC-24APR20,1585047540426,open,0.0,396.9,0.0005,0.0165,0.00163613,172.12,0.001,0.0,BTC-24APR20-24000-C,6746.09,163.22,0.001,59.0,0.0025,45.9,180.84,0.56994,-1.5886,0.05369,1e-05,0.01106
6734.4,SYN.BTC-24APR20,1585047540426,open,0.99,0.5,0.825,1.074,0.94304525,140.39,0.869,0.0,BTC-24APR20-13000-P,6746.09,0.0,0.0,0.0,1.1735,1.9,382.08,2.9057,-6.60624,-10.61448,5e-05,-0.92022
6734.4,SYN.BTC-24APR20,1585047540425,open,2.04,0.0,1.8025,2.168,1.97363042,168.57,2.4195,0.0,BTC-24APR20-20000-P,6746.09,0.0,1.2295,1.0,2.43,1.0,500.0,1.11142,-3.03404,-16.80238,2e-05,-0.97586
6737.07,SYN.BTC-3APR20,1585047540426,open,0.29,15.0,0.253,0.3505,0.30544529,164.65,0.214,0.0,BTC-3APR20-4750-C,6746.09,0.0,0.178,8.0,0.356,11.5,308.77,1.59977,-13.33569,1.12577,8e-05,0.92304
6734.4,SYN.BTC-24APR20,1585047540425,open,0.05,290.1,0.0125,0.078,0.04181054,133.04,0.0385,0.0,BTC-24APR20-5000-P,6746.09,131.23,0.0405,15.0,0.0435,53.1,135.34,4.91428,-10.58734,-1.19381,0.0001,-0.16775
6740.76,SYN.BTC-26MAR20,1585047540425,open,0.0,0.001,0.0795,0.03310952,146.61,None,0.0,BTC-26MAR20-6875-C,6746.09,137.39,0.0305,20.0,0.035,20.0,153.27,1.91025,-74.65304,0.14312,0.00056,0.44627
6737.07,SYN.BTC-3APR20,1585047540426,open,0.19,18.7,0.146,0.2595,0.20871885,148.69,0.1695,0.0,BTC-3APR20-5500-C,6746.09,0.0,0.181,7.0,0.2335,7.0,202.98,2.81061,-21.15806,1.1314,0.00015,0.8294
6743.55,SYN.BTC-25MAR20,1585047540426,open,0.1,1.1,0.0535,0.1655,0.11320623,171.24,0.093,0.0,BTC-25MAR20-6000-C,6746.09,0.0,0.0895,4.0,0.1335,4.0,346.21,0.47076,-40.306,0.13123,0.00025,0.92433
6740.76,SYN.BTC-26MAR20,1585047540425,open,0.0,0.0005,0.0435,0.01070447,156.02,None,0.0,BTC-26MAR20-7500-C,6746.09,118.72,0.0045,12.0,0.017,12.1,186.59,1.28766,-53.55323,0.0602,0.00035,0.18449
6734.4,SYN.BTC-24APR20,1585047540425,open,0.23,165.5,0.182,0.296,0.24573051,129.0,0.235,0.0,BTC-24APR20-5500-C,6746.09,124.23,0.2415,9.0,0.25,8.0,133.77,5.99813,-12.53008,2.9665,0.00012,0.76647
6743.55,SYN.BTC-25MAR20,1585047540427,open,0.03,8.2,0.0005,0.072,0.02112292,150.13,0.024,0.0,BTC-25MAR20-6625-P,6746.09,138.81,0.019,20.0,0.024,33.9,165.39,1.2678,-95.16663,-0.0666,0.00077,-0.39052
6737.07,SYN.BTC-3APR20,1585047540427,open,0.16,71.4,0.115,0.2315,0.17945296,144.25,0.1495,0.0,BTC-3APR20-5750-C,6746.09,69.48,0.1505,7.0,0.2055,7.0,195.38,3.24528,-23.70086,1.10228,0.00018,0.78416
6734.4,SYN.BTC-24APR20,1585047540426,open,0.29,486.0,0.183,0.3505,0.26734203,123.6,0.6628,0.0,BTC-24APR20-8000-P,6746.09,0.0,0.1795,0.5,0.373,1.0,215.64,7.47165,-14.95493,-5.04154,0.00016,-0.61765
6737.96,BTC-27MAR20,1585047540468,open,0.0,1991.9,0.0005,0.0165,0.00198043,221.48,0.002,0.0,BTC-27MAR20-10000-C,6746.09,212.32,0.0015,22.0,0.0025,1.0,229.92,0.38492,-13.34405,0.01384,5e-05,0.02806
6738.05,BTC-27MAR20,1585047540474,open,0.01,1986.7,0.0005,0.041,0.0107052,171.28,0.011,0.0,BTC-27MAR20-8000-C,6746.09,167.76,0.01,26.2,0.0115,15.0,175.13,1.37026,-40.80601,0.07189,0.00022,0.14612
6734.4,SYN.BTC-24APR20,1585047540475,open,0.01,420.0,0.002,0.0405,0.0167535,136.12,0.0185,0.0,BTC-24APR20-12000-C,6746.09,133.69,0.0155,18.7,0.018,43.0,138.46,3.52772,-7.77647,0.49489,7e-05,0.10363
6738.05,BTC-27MAR20,1585047540477,open,0.01,803.6,0.0005,0.0275,0.00654839,185.11,0.007,0.0,BTC-27MAR20-8500-C,6746.09,177.62,0.0055,59.5,0.0075,50.3,191.42,0.98314,-31.64291,0.04509,0.00015,0.09149
6734.4,SYN.BTC-24APR20,1585047540479,open,0.01,403.1,0.0005,0.0325,0.01226873,139.48,0.0115,0.0,BTC-24APR20-13000-C,6746.09,136.4,0.011,42.8,0.0135,18.4,142.31,2.85744,-6.45435,0.37463,5e-05,0.07803
6726.49,BTC-26JUN20,1585047540480,open,0.02,1688.0,0.003,0.044,0.01875068,125.49,0.0135,0.0,BTC-26JUN20-20000-C,6746.09,123.14,0.017,34.3,0.0205,18.6,127.72,5.15042,-3.44243,1.08824,4e-05,0.08165
6734.4,SYN.BTC-24APR20,1585047540482,open,0.01,624.0,0.0005,0.027,0.00951159,143.56,0.009,0.0,BTC-24APR20-14000-C,6746.09,140.59,0.0085,25.0,0.0105,19.9,146.28,2.37245,-5.51531,0.29498,4e-05,0.06129
6734.4,SYN.BTC-24APR20,1585047540484,open,0.11,224.8,0.066,0.176,0.12537743,122.57,0.1205,0.0,BTC-24APR20-7000-C,6746.09,120.52,0.123,11.7,0.1275,18.5,124.4,7.79498,-15.47209,2.29247,0.00017,0.5278
6734.4,SYN.BTC-24APR20,1585047540486,open,0.13,62.1,0.0625,0.1845,0.12307025,123.28,0.129,0.0,BTC-24APR20-6500-P,6746.09,122.32,0.122,25.8,0.128,31.4,127.69,7.5176,-15.0076,-2.92551,0.00016,-0.39048
6726.49,BTC-26JUN20,1585047540490,open,0.03,517.7,0.0075,0.066,0.03283101,121.14,0.032,0.0,BTC-26JUN20-16000-C,6746.09,119.45,0.031,33.9,0.0345,16.0,122.64,7.40434,-4.77733,1.76652,5e-05,0.13494
6726.49,BTC-26JUN20,1585047540491,open,0.02,569.6,0.0045,0.0535,0.02453439,123.48,0.022,0.0,BTC-26JUN20-18000-C,6746.09,121.77,0.023,34.2,0.026,17.0,125.05,6.16233,-4.0527,1.37567,4e-05,0.10405
6726.4,BTC-26JUN20,1585047540493,open,0.01,1592.6,0.0005,0.0325,0.01247718,130.45,0.011,0.0,BTC-26JUN20-24000-C,6746.09,127.76,0.011,57.0,0.014,21.3,133.03,3.8327,-2.66296,0.74771,3e-05,0.0557
6743.55,SYN.BTC-25MAR20,1585047540493,open,0.02,14.1,0.0005,0.0595,0.01426395,150.09,0.015,0.0,BTC-25MAR20-6500-P,6746.09,139.57,0.0125,29.0,0.0155,0.9,157.36,1.14074,-85.60893,-0.05013,0.0007,-0.2956
6734.4,SYN.BTC-24APR20,1585047540495,open,0.02,476.8,0.004,0.0515,0.0232973,132.3,0.0205,0.0,BTC-24APR20-11000-C,6746.09,130.26,0.022,19.2,0.0245,41.2,134.14,4.34777,-9.3146,0.66166,9e-05,0.13944
6737.07,SYN.BTC-3APR20,1585047540498,open,0.05,52.6,0.0085,0.0895,0.04350005,141.6,0.043,0.0,BTC-3APR20-6000-P,6746.09,137.91,0.0415,15.0,0.046,64.2,146.18,3.66167,-26.25114,-0.5708,0.00021,-0.26964
6726.49,BTC-26JUN20,1585047540500,open,0.1,919.6,0.0465,0.1565,0.10420408,115.83,0.1,0.0,BTC-26JUN20-10000-C,6746.09,113.86,0.1005,31.3,0.1075,19.5,117.58,12.65491,-7.80748,4.27813,9e-05,0.35149
6737.07,SYN.BTC-3APR20,1585047540502,open,0.03,53.3,0.003,0.0605,0.02526316,149.08,0.024,0.0,BTC-3APR20-5500-P,6746.09,144.82,0.0235,27.7,0.027,43.8,153.2,2.81564,-21.25256,-0.3579,0.00015,-0.17108
6738.05,BTC-27MAR20,1585047540504,open,0.03,1619.9,0.002,0.0835,0.03734828,151.38,0.0415,0.0,BTC-27MAR20-7000-C,6746.09,146.03,0.0355,37.8,0.0385,26.9,154.7,2.33064,-61.34298,0.20008,0.00043,0.41423
6726.49,BTC-26JUN20,1585047540504,open,0.04,935.5,0.013,0.085,0.04608107,119.09,0.037,0.0,BTC-26JUN20-14000-C,6746.09,117.51,0.044,25.6,0.048,18.5,120.51,8.98084,-5.6963,2.33325,6e-05,0.18095
6753.04,BTC-25SEP20,1585047540506,open,0.06,255.4,0.021,0.1095,0.06331271,111.13,0.055,0.0,BTC-25SEP20-18000-C,6746.09,109.71,0.0605,15.0,0.0665,6.4,112.72,13.42775,-4.03591,4.65213,5e-05,0.19932
6737.07,SYN.BTC-3APR20,1585047540508,open,0.07,3.2,0.0215,0.1285,0.07180466,137.25,0.075,0.0,BTC-3APR20-6500-P,6746.09,134.4,0.07,23.7,0.074,9.0,140.72,4.26094,-29.60918,-0.84723,0.00025,-0.39298
6726.49,BTC-26JUN20,1585047540510,open,0.12,1088.8,0.0655,0.1845,0.12935658,114.3,0.1235,0.0,BTC-26JUN20-9000-C,6746.09,113.36,0.1275,28.8,0.131,1.0,115.13,13.30538,-8.10031,4.9568,0.0001,0.41588
6737.07,SYN.BTC-3APR20,1585047540512,open,0.02,140.5,0.002,0.0565,0.02288187,144.04,0.022,0.0,BTC-3APR20-8500-C,6746.09,142.08,0.022,21.0,0.0235,18.7,145.4,3.04749,-22.22389,0.31224,0.00017,0.19418
6726.4,BTC-26JUN20,1585047540514,open,0.18,410.3,0.0985,0.2355,0.16845046,115.77,0.176,0.0,BTC-26JUN20-6000-P,6746.09,114.69,0.1665,26.7,0.1735,8.0,118.59,12.07998,-7.44892,-8.32386,9e-05,-0.3127
6737.07,SYN.BTC-3APR20,1585047540516,open,0.02,134.6,0.003,0.063,0.02722092,141.56,0.0245,0.0,BTC-3APR20-8250-C,6746.09,140.1,0.0265,22.0,0.028,17.9,143.14,3.32817,-23.85407,0.36152,0.00019,0.22555
6738.05,BTC-27MAR20,1585047540518,open,0.06,628.2,0.014,0.1225,0.07053802,146.55,0.076,0.0,BTC-27MAR20-6500-C,6746.09,140.44,0.0685,14.7,0.073,0.4,153.91,2.2508,-57.35161,0.29894,0.00043,0.63366
6734.4,SYN.BTC-24APR20,1585047540531,open,0.03,963.3,0.0075,0.067,0.0336627,128.62,0.0325,0.0,BTC-24APR20-10000-C,6746.09,127.15,0.0325,21.0,0.035,38.7,130.29,5.35299,-11.14993,0.9032,0.00011,0.19221
6726.49,BTC-26JUN20,1585047540534,open,0.16,578.2,0.095,0.2225,0.16535453,114.12,0.166,0.0,BTC-26JUN20-8000-C,6746.09,112.95,0.163,28.5,0.1675,0.1,115.18,13.60837,-8.27128,5.7188,0.0001,0.49592
6737.07,SYN.BTC-3APR20,1585047540536,open,0.02,39.1,0.0005,0.041,0.01437393,159.62,0.0175,0.0,BTC-3APR20-5000-P,6746.09,156.61,0.0135,25.3,0.0155,22.1,163.39,1.98125,-16.01129,-0.21319,0.0001,-0.10258
6734.4,SYN.BTC-24APR20,1585047540537,open,0.03,318.7,0.0065,0.055,0.02687483,138.2,0.029,0.0,BTC-24APR20-4500-P,6746.09,136.64,0.026,15.0,0.028,24.6,140.19,3.78548,-8.47219,-0.80426,7e-05,-0.11431
6737.07,SYN.BTC-3APR20,1585047540542,open,0.02,51.8,0.0015,0.0495,0.01885067,153.33,0.0155,0.0,BTC-3APR20-5250-P,6746.09,149.45,0.0175,47.0,0.0205,21.6,157.94,2.37449,-18.43267,-0.27576,0.00013,-0.13243
6734.4,SYN.BTC-24APR20,1585047540544,open,0.07,544.6,0.031,0.125,0.07917186,123.38,0.081,0.0,BTC-24APR20-8000-C,6746.09,121.42,0.077,12.0,0.081,19.4,125.03,7.46907,-14.92358,1.7246,0.00016,0.38191
6737.07,SYN.BTC-3APR20,1585047540545,open,0.06,66.8,0.013,0.106,0.05526807,137.37,0.056,0.0,BTC-3APR20-6250-P,6746.09,134.39,0.0535,38.5,0.06,43.2,145.31,4.00406,-27.84804,-0.69886,0.00024,-0.32813
6737.07,SYN.BTC-3APR20,1585047540547,open,0.07,21.5,0.031,0.1365,0.08649175,133.4,0.082,0.0,BTC-3APR20-6750-C,6746.09,128.82,0.0835,41.5,0.0895,29.6,138.01,4.3985,-29.7073,0.82706,0.00027,0.54022
6737.07,SYN.BTC-3APR20,1585047540549,open,0.11,122.5,0.064,0.18,0.12737681,137.05,0.1045,0.0,BTC-3APR20-6250-C,6746.09,131.36,0.124,15.8,0.129,8.0,139.78,4.00315,-27.7775,0.99286,0.00024,0.67206
6734.4,SYN.BTC-24APR20,1585047540550,open,0.18,1034.5,0.095,0.2345,0.16502632,122.75,0.1635,0.0,BTC-24APR20-7000-P,6746.09,121.0,0.163,37.2,0.1715,30.7,128.35,7.79475,-15.49453,-3.62913,0.00017,-0.47203
6738.05,BTC-27MAR20,1585047540550,open,0.06,628.2,0.014,0.1225,0.07053802,146.55,0.076,0.0,BTC-27MAR20-6500-C,6746.09,140.44,0.0685,32.0,0.073,0.4,153.91,2.2508,-57.35161,0.29894,0.00043,0.63366
6738.05,BTC-27MAR20,1585047540569,open,0.06,628.2,0.014,0.1225,0.07053802,146.55,0.076,0.0,BTC-27MAR20-6500-C,6746.09,140.44,0.0685,32.0,0.073,17.7,153.91,2.2508,-57.35161,0.29894,0.00043,0.63366
6734.4,SYN.BTC-24APR20,1585047540574,open,0.23,165.5,0.182,0.296,0.24573051,129.0,0.235,0.0,BTC-24APR20-5500-C,6746.09,124.23,0.2415,15.0,0.25,8.0,133.77,5.99813,-12.53008,2.9665,0.00012,0.76647
6738.05,BTC-27MAR20,1585047540575,open,0.04,653.9,0.002,0.0865,0.03532833,146.91,0.034,0.0,BTC-27MAR20-6500-P,6746.09,141.43,0.0335,37.4,0.037,41.4,151.9,2.2512,-57.50171,-0.21334,0.00043,-0.36654
6734.4,SYN.BTC-24APR20,1585047540576,open,0.99,0.5,0.825,1.074,0.94304525,140.39,0.869,0.0,BTC-24APR20-13000-P,6746.09,0.0,0.0,0.0,1.1725,1.9,381.22,2.9057,-6.60624,-10.61448,5e-05,-0.92022
6737.96,BTC-27MAR20,1585047540577,open,0.09,1181.5,0.0165,0.1415,0.07621835,151.33,0.0785,0.0,BTC-27MAR20-7000-P,6746.09,143.46,0.0735,14.1,0.078,0.4,156.48,2.33051,-61.32192,-0.35146,0.00043,-0.58584
6726.4,BTC-26JUN20,1585047540578,open,0.75,0.5,0.595,0.844,0.71916941,116.66,1.05,0.0,BTC-26JUN20-11000-P,6746.09,0.0,0.0005,1.0,1.174,1.0,355.46,11.79116,-7.32679,-24.61795,9e-05,-0.70384
6734.4,SYN.BTC-24APR20,1585047540579,open,0.41,215.8,0.294,0.482,0.38755725,125.93,0.74,0.0,BTC-24APR20-9000-P,6746.09,0.0,0.001,100.0,0.8415,1.0,500.0,6.49286,-13.24123,-6.35847,0.00013,-0.72861
6738.05,BTC-27MAR20,1585047540580,open,0.15,1070.6,0.06,0.207,0.13256048,160.01,0.132,0.0,BTC-27MAR20-7500-P,6746.09,145.1,0.1285,6.0,0.1365,0.4,173.75,1.8892,-52.55817,-0.47001,0.00033,-0.7528
140.41,SYN.ETH-24APR20,1585047540579,open,1.21,0.0,1.0745,1.2145,1.146301,148.11,None,0.0,ETH-24APR20-300-P,140.59,0.0,0.6575,12.0,1.658,12.0,500.0,0.04923,-0.11808,-0.24769,0.00199,-0.93908
140.44,SYN.ETH-3APR20,1585047540579,open,0.48,0.0,0.346,0.534,0.435235,154.04,None,0.0,ETH-3APR20-200-P,140.59,0.0,0.0,0.0,0.0,0.0,0.0,0.04122,-0.32145,-0.05065,0.00501,-0.89771
140.41,SYN.ETH-24APR20,1585047540579,open,0.93,2.0,0.8005,0.9325,0.868746,142.98,1.136,0.0,ETH-24APR20-260-P,140.59,0.0,0.378,12.0,1.3785,12.0,500.0,0.0724,-0.16762,-0.20992,0.00304,-0.89861
141.03,ETH-25SEP20,1585047540581,open,0.51,19.0,0.466,0.573,0.525606,120.0,0.481,0.0,ETH-25SEP20-80-C,140.59,88.53,0.479,1.0,0.6415,1.0,192.77,0.22086,-0.07168,0.24053,0.00183,0.86233
141.03,ETH-25SEP20,1585047540581,open,0.02,3.0,0.003,0.0425,0.023212,131.91,0.0155,0.0,ETH-25SEP20-840-C,140.59,128.62,0.02,280.0,0.0265,300.0,135.01,0.14376,-0.05129,0.03782,0.00108,0.07616
140.45,ETH-27MAR20,1585047540581,open,0.0,4351.0,0.0005,0.0175,0.002742,213.72,0.001,0.0,ETH-27MAR20-200-C,140.59,202.75,0.002,200.0,0.0035,299.0,223.21,0.01041,-0.38507,0.0004,0.00313,0.03849
6734.4,SYN.BTC-24APR20,1585047540581,open,0.69,0.1,0.5515,0.7705,0.65703128,132.8,0.93,0.0,BTC-24APR20-11000-P,6746.09,0.0,0.0,0.0,1.1115,1.0,500.0,4.37432,-9.40758,-8.63808,9e-05,-0.8593
140.45,ETH-27MAR20,1585047540581,open,0.0,2193.0,0.0005,0.0155,0.0,215.89,0.0015,0.0,ETH-27MAR20-560-C,140.59,0.0,0.0,0.0,0.0015,419.0,500.0,0.0,0.0,0.0,0.0,0.0
141.03,ETH-25SEP20,1585047540581,open,0.03,329.0,0.004,0.051,0.028257,131.25,0.021,0.0,ETH-25SEP20-760-C,140.59,128.35,0.025,280.0,0.0315,300.0,133.95,0.164,-0.05821,0.04464,0.00124,0.09075
6737.07,SYN.BTC-3APR20,1585047540585,open,0.06,110.2,0.021,0.12,0.07138955,134.14,0.0705,0.0,BTC-3APR20-7000-C,6746.09,129.73,0.0685,42.5,0.074,31.4,138.13,4.41217,-29.96592,0.73537,0.00027,0.47481
140.32,ETH-26JUN20,1585047540586,open,0.47,0.0,0.425,0.521,0.481028,128.39,None,0.0,ETH-26JUN20-80-C,140.59,0.0,0.02,1.0,0.0,0.0,0.0,0.14009,-0.0958,0.14496,0.00215,0.88269
141.03,ETH-25SEP20,1585047540588,open,0.08,1984.0,0.0315,0.14,0.083218,124.94,0.0755,0.0,ETH-25SEP20-400-C,140.59,122.52,0.078,162.0,0.088,296.0,127.11,0.30725,-0.10382,0.10726,0.00244,0.23337
141.03,ETH-25SEP20,1585047540590,open,0.8,307.0,0.6175,0.894,0.757032,120.76,1.124,0.0,ETH-25SEP20-220-P,140.59,0.0,0.154,1.0,1.6475,1.0,500.0,0.39888,-0.13027,-0.92289,0.00328,-0.53493
6734.4,SYN.BTC-24APR20,1585047540591,open,0.55,14.5,0.419,0.6235,0.51887541,129.0,0.9535,0.0,BTC-24APR20-10000-P,6746.09,0.0,0.0,0.0,0.9735,1.0,500.0,5.36991,-11.21796,-7.55193,0.00011,-0.80679
140.32,ETH-26JUN20,1585047540593,open,4.01,0.0,3.57,4.1605,3.852613,139.27,None,0.0,ETH-26JUN20-680-P,140.59,0.0,3.4105,10.0,4.411,10.0,480.11,0.04837,-0.03588,-1.74047,0.00069,-0.97004
6737.07,SYN.BTC-3APR20,1585047540593,open,0.29,15.0,0.253,0.3505,0.30544529,164.65,0.214,0.0,BTC-3APR20-4750-C,6746.09,0.0,0.178,8.0,0.3565,11.5,309.95,1.59977,-13.33569,1.12577,8e-05,0.92304
6726.4,BTC-26JUN20,1585047540594,open,0.49,626.3,0.3585,0.572,0.46733617,114.29,0.56,0.0,BTC-26JUN20-9000-P,6746.09,95.85,0.4315,7.4,0.9065,0.1,349.5,13.30485,-8.09899,-18.19096,0.0001,-0.58417
6734.4,SYN.BTC-24APR20,1585047540597,open,0.14,321.4,0.0945,0.2095,0.15768199,123.1,0.154,0.0,BTC-24APR20-6500-C,6746.09,120.7,0.155,30.5,0.16,29.5,125.18,7.51784,-14.9868,2.57376,0.00016,0.60948
6734.4,SYN.BTC-24APR20,1585047540598,open,0.11,224.8,0.066,0.176,0.12537743,122.57,0.1205,0.0,BTC-24APR20-7000-C,6746.09,120.52,0.123,11.7,0.1275,39.7,124.4,7.79498,-15.47209,2.29247,0.00017,0.5278
6734.4,SYN.BTC-24APR20,1585047540600,open,0.09,224.8,0.0455,0.148,0.09958446,122.77,0.101,0.0,BTC-24APR20-7500-C,6746.09,120.96,0.0975,11.0,0.1015,40.5,124.43,7.75505,-15.41775,2.00216,0.00016,0.45104
6734.4,SYN.BTC-24APR20,1585047540602,open,0.07,544.6,0.031,0.125,0.07917186,123.38,0.081,0.0,BTC-24APR20-8000-C,6746.09,121.42,0.077,12.0,0.081,42.1,125.03,7.46907,-14.92358,1.7246,0.00016,0.38191
6737.07,SYN.BTC-3APR20,1585047540607,open,0.27,7.8,0.1695,0.3365,0.25203738,142.07,0.3985,0.0,BTC-3APR20-8250-P,6746.09,0.0,0.0,0.0,0.6135,2.5,500.0,3.33692,-24.00169,-1.86919,0.00019,-0.7734
6737.07,SYN.BTC-3APR20,1585047540609,open,0.31,12.4,0.201,0.372,0.28481398,144.6,0.444,0.0,BTC-3APR20-8500-P,6746.09,0.0,0.0,0.0,0.6465,2.5,500.0,3.05878,-22.39381,-1.98588,0.00017,-0.80464
6734.4,SYN.BTC-24APR20,1585047540610,open,0.19,226.9,0.1335,0.25,0.19847545,125.81,0.187,0.0,BTC-24APR20-6000-C,6746.09,121.93,0.1945,16.0,0.2,27.4,127.3,6.9009,-14.06005,2.80542,0.00014,0.69094
6734.4,SYN.BTC-24APR20,1585047540612,open,0.14,321.4,0.0945,0.2095,0.15768199,123.1,0.154,0.0,BTC-24APR20-6500-C,6746.09,120.7,0.155,36.4,0.16,29.5,125.18,7.51784,-14.9868,2.57376,0.00016,0.60948
6726.49,BTC-26JUN20,1585047540614,open,0.11,400.1,0.0505,0.155,0.10269529,119.53,0.0975,0.0,BTC-26JUN20-5000-P,6746.09,118.04,0.1005,27.7,0.1055,18.5,121.42,9.94212,-6.32945,-5.47992,7e-05,-0.21406
6726.49,BTC-26JUN20,1585047540616,open,0.1,919.6,0.0465,0.1565,0.10420408,115.83,0.1,0.0,BTC-26JUN20-10000-C,6746.09,113.86,0.1005,31.3,0.1075,37.8,117.58,12.65491,-7.80748,4.27813,9e-05,0.35149
6734.4,SYN.BTC-24APR20,1585047540617,open,0.1,392.5,0.0395,0.143,0.08960308,125.99,0.09,0.0,BTC-24APR20-6000-P,6746.09,123.94,0.0875,27.5,0.092,35.0,128.33,6.90153,-14.08098,-2.27143,0.00014,-0.30912
6738.05,BTC-27MAR20,1585047540618,open,0.82,145.5,0.6805,0.8945,0.78139772,252.24,0.92,0.0,BTC-27MAR20-12000-P,6746.09,0.0,0.3325,2.5,1.2335,2.5,500.0,0.11414,-5.00597,-0.94205,1e-05,-0.99316
6738.05,BTC-27MAR20,1585047540620,open,2.04,3.0,1.8005,2.1575,1.96820023,0.0,2.2095,0.0,BTC-27MAR20-20000-P,6746.09,0.0,1.5205,2.5,2.4215,2.5,500.0,0.0,0.0,-1.57572,0.0,-1.0
6737.96,BTC-27MAR20,1585047540621,open,0.45,33.1,0.3305,0.5025,0.4129591,212.72,1.108,0.0,BTC-27MAR20-9500-P,6746.09,0.0,0.0005,5.0,0.8635,2.5,500.0,0.53887,-19.93048,-0.72765,7e-05,-0.95774
6726.49,BTC-26JUN20,1585047540625,open,0.02,569.6,0.0045,0.0535,0.02453439,123.48,0.022,0.0,BTC-26JUN20-18000-C,6746.09,121.77,0.023,54.2,0.026,17.0,125.05,6.16233,-4.0527,1.37567,4e-05,0.10405
6738.05,BTC-27MAR20,1585047540633,open,0.22,1446.6,0.122,0.2785,0.19801544,171.39,0.1945,0.0,BTC-27MAR20-8000-P,6746.09,0.0,0.1595,4.0,0.2305,4.0,293.39,1.37141,-40.86744,-0.55832,0.00022,-0.85369
6738.05,BTC-27MAR20,1585047540635,open,0.37,766.9,0.2605,0.426,0.3399595,198.49,0.388,0.0,BTC-27MAR20-9000-P,6746.09,0.0,0.0,0.0,0.7905,2.5,500.0,0.71238,-24.58518,-0.67949,0.0001,-0.94001
6753.04,BTC-25SEP20,1585047540636,open,0.06,255.4,0.021,0.1095,0.06331271,111.13,0.055,0.0,BTC-25SEP20-18000-C,6746.09,109.71,0.0605,34.7,0.0665,6.4,112.72,13.42775,-4.03591,4.65213,5e-05,0.19932
6738.05,BTC-27MAR20,1585047540636,open,0.3,916.1,0.1905,0.3515,0.26803347,185.06,0.2905,0.0,BTC-27MAR20-8500-P,6746.09,0.0,0.21,15.0,0.7185,2.5,500.0,0.9826,-31.61666,-0.62462,0.00015,-0.90858
6726.4,BTC-26JUN20,1585047540638,open,0.64,0.0,0.612,0.673,0.64468242,142.18,None,0.0,BTC-26JUN20-2500-C,6746.09,0.0,0.3775,7.5,0.8575,7.5,457.29,3.03073,-2.29512,5.42842,2e-05,0.95847
6737.07,SYN.BTC-3APR20,1585047540643,open,0.21,0.0,0.1125,0.2685,0.19027126,138.21,None,0.0,BTC-3APR20-7750-P,6746.09,0.0,0.0,0.0,0.8285,5.0,500.0,3.89671,-27.2668,-1.60882,0.00023,-0.69233
6738.05,BTC-27MAR20,1585047540646,open,0.15,1070.6,0.06,0.207,0.13256048,160.01,0.132,0.0,BTC-27MAR20-7500-P,6746.09,145.1,0.1285,0.4,0.1365,0.4,173.75,1.8892,-52.55817,-0.47001,0.00033,-0.7528
6726.4,BTC-26JUN20,1585047540648,open,0.37,380.2,0.256,0.4485,0.35466973,114.11,0.38,0.0,BTC-26JUN20-8000-P,6746.09,110.56,0.3475,15.7,0.4065,0.6,139.77,13.60817,-8.27031,-14.85687,0.0001,-0.50411
6734.4,SYN.BTC-24APR20,1585047540666,open,0.01,403.1,0.0005,0.0325,0.01226873,139.48,0.0115,0.0,BTC-24APR20-13000-C,6746.09,136.4,0.011,42.8,0.0135,18.3,142.31,2.85744,-6.45435,0.37463,5e-05,0.07803
140.32,ETH-26JUN20,1585047540700,open,0.37,5.0,0.3195,0.438,0.388778,127.64,0.337,0.0,ETH-26JUN20-100-C,140.59,107.64,0.361,60.0,0.41,60.0,142.54,0.19833,-0.13483,0.14895,0.00307,0.8015
141.03,ETH-25SEP20,1585047540700,open,0.32,436.0,0.2475,0.3975,0.33165,119.44,0.29,0.0,ETH-25SEP20-140-C,140.59,115.14,0.3205,269.0,0.3445,269.0,124.43,0.36448,-0.11774,0.24007,0.00303,0.66773
141.03,ETH-25SEP20,1585047540700,open,0.44,64.0,0.376,0.5035,0.44789,119.45,0.43,0.0,ETH-25SEP20-100-C,140.59,108.32,0.4255,38.0,0.486,38.0,138.46,0.28386,-0.0917,0.24908,0.00236,0.79658
141.03,ETH-25SEP20,1585047540700,open,0.61,6.0,0.575,0.6545,0.618316,120.0,0.574,0.0,ETH-25SEP20-60-C,140.59,0.0,0.05,1.0,0.0,0.0,0.0,0.14451,-0.0469,0.21787,0.0012,0.92331
6734.4,SYN.BTC-24APR20,1585047540700,open,0.01,420.0,0.002,0.0405,0.0167535,136.12,0.0185,0.0,BTC-24APR20-12000-C,6746.09,133.69,0.0155,18.7,0.018,42.0,138.46,3.52772,-7.77647,0.49489,7e-05,0.10363
140.45,ETH-27MAR20,1585047540704,open,0.0,13078.0,0.0005,0.0155,9e-06,214.04,0.0005,0.0,ETH-27MAR20-280-C,140.59,0.0,0.0,0.0,0.0005,400.0,296.24,0.0001,-0.00129,0.0,3e-05,0.0002
140.32,ETH-26JUN20,1585047540708,open,2.26,0.0,1.9615,2.363,2.15927,135.85,None,0.0,ETH-26JUN20-440-P,140.59,0.0,1.6955,10.0,2.6955,10.0,437.18,0.11967,-0.08659,-1.10611,0.00174,-0.90565
140.45,ETH-27MAR20,1585047540710,open,0.0,3779.0,0.0005,0.0155,0.0,215.32,0.01,0.0,ETH-27MAR20-480-C,140.59,0.0,0.0,0.0,0.0015,419.0,500.0,0.0,0.0,0.0,0.0,0.0
140.45,ETH-27MAR20,1585047540713,open,3.7,0.0,3.2965,3.845,3.556457,0.0,None,0.0,ETH-27MAR20-640-P,140.59,0.0,0.01,50.0,0.0,0.0,0.0,0.0,0.0,-0.05042,0.0,-1.0
140.45,ETH-27MAR20,1585047540713,open,0.33,2045.0,0.2085,0.364,0.28774,191.37,0.42,0.0,ETH-27MAR20-180-P,140.59,0.0,0.001,10.0,1.094,12.0,500.0,0.01931,-0.64234,-0.01331,0.00649,-0.91555
6737.07,SYN.BTC-3APR20,1585047540747,open,0.03,53.3,0.003,0.0605,0.02526316,149.08,0.024,0.0,BTC-3APR20-5500-P,6746.09,144.82,0.0235,27.7,0.027,44.1,153.2,2.81564,-21.25256,-0.3579,0.00015,-0.17108
6737.07,SYN.BTC-3APR20,1585047540756,open,0.05,52.6,0.0085,0.0895,0.04350005,141.6,0.043,0.0,BTC-3APR20-6000-P,6746.09,137.91,0.0415,3.0,0.046,64.2,146.18,3.66167,-26.25114,-0.5708,0.00021,-0.26964
6737.07,SYN.BTC-3APR20,1585047540756,open,0.07,21.5,0.031,0.1365,0.08649175,133.4,0.082,0.0,BTC-3APR20-6750-C,6746.09,128.82,0.0835,41.5,0.0895,41.1,138.01,4.3985,-29.7073,0.82706,0.00027,0.54022
6737.07,SYN.BTC-3APR20,1585047540760,open,0.26,8.0,0.216,0.3195,0.27206092,159.11,0.1805,0.0,BTC-3APR20-5000-C,6746.09,0.0,0.1445,8.0,0.323,11.5,289.24,1.97312,-15.89427,1.14098,0.0001,0.898
6737.07,SYN.BTC-3APR20,1585047540759,open,0.1,13.2,0.0315,0.15,0.0886143,133.71,0.093,0.0,BTC-3APR20-6750-P,6746.09,132.01,0.0875,26.0,0.097,29.5,146.56,4.39838,-29.77587,-0.99944,0.00027,-0.45967
140.45,ETH-27MAR20,1585047540768,open,0.0,3356.0,0.0005,0.0155,0.0,215.15,0.003,0.0,ETH-27MAR20-440-C,140.59,0.0,0.0,0.0,0.0005,283.0,456.11,0.0,0.0,0.0,0.0,0.0
140.32,ETH-26JUN20,1585047540768,open,3.42,0.0,3.033,3.5585,3.28588,138.9,None,0.0,ETH-26JUN20-600-P,140.59,0.0,2.836,10.0,3.8365,10.0,466.47,0.06575,-0.04864,-1.53102,0.00093,-0.95641
140.32,ETH-26JUN20,1585047540771,open,0.01,898.0,0.0005,0.029,0.014223,136.29,0.0105,0.0,ETH-26JUN20-520-C,140.59,132.46,0.012,300.0,0.0165,305.0,139.87,0.08546,-0.06204,0.01675,0.00124,0.06063
6738.05,BTC-27MAR20,1585047540775,open,2.04,3.0,1.8005,2.1575,1.96820023,0.0,2.2095,0.0,BTC-27MAR20-20000-P,6746.09,0.0,1.5205,2.5,2.421,2.5,500.0,0.0,0.0,-1.57572,0.0,-1.0
6738.05,BTC-27MAR20,1585047540778,open,0.82,145.5,0.6805,0.8945,0.78139772,252.24,0.92,0.0,BTC-27MAR20-12000-P,6746.09,0.0,0.3325,2.5,1.233,2.5,500.0,0.11414,-5.00597,-0.94205,1e-05,-0.99316
140.32,ETH-26JUN20,1585047540782,open,0.37,169.0,0.2435,0.4365,0.341885,125.05,0.4855,0.0,ETH-26JUN20-160-P,140.59,113.2,0.318,201.0,0.3715,201.0,139.83,0.28218,-0.18794,-0.28801,0.00446,-0.45615
6726.49,BTC-26JUN20,1585047540793,open,0.35,82.2,0.291,0.411,0.35937329,119.53,0.344,0.0,BTC-26JUN20-5000-C,6746.09,115.55,0.3535,9.0,0.3625,16.5,121.65,9.94218,-6.32976,7.37959,7e-05,0.78594
6734.4,SYN.BTC-24APR20,1585047540795,open,0.23,165.5,0.182,0.296,0.24573051,129.0,0.235,0.0,BTC-24APR20-5500-C,6746.09,124.23,0.2415,9.0,0.25,8.0,133.77,5.99813,-12.53008,2.9665,0.00012,0.76647
6737.07,SYN.BTC-3APR20,1585047540793,open,0.11,122.5,0.064,0.18,0.12737681,137.05,0.1045,0.0,BTC-3APR20-6250-C,6746.09,131.36,0.124,10.1,0.129,8.0,139.78,4.00315,-27.7775,0.99286,0.00024,0.67206
6734.4,SYN.BTC-24APR20,1585047540796,open,0.19,226.9,0.1335,0.25,0.19847545,125.81,0.187,0.0,BTC-24APR20-6000-C,6746.09,121.93,0.1945,10.0,0.2,27.4,127.3,6.9009,-14.06005,2.80542,0.00014,0.69094
6734.4,SYN.BTC-24APR20,1585047540797,open,0.14,321.4,0.0945,0.2095,0.15768199,123.1,0.154,0.0,BTC-24APR20-6500-C,6746.09,120.7,0.155,30.5,0.16,29.5,125.18,7.51784,-14.9868,2.57376,0.00016,0.60948
6726.4,BTC-26JUN20,1585047540799,open,0.37,380.2,0.256,0.4485,0.35466973,114.11,0.38,0.0,BTC-26JUN20-8000-P,6746.09,110.56,0.3475,7.2,0.4065,0.6,139.77,13.60817,-8.27031,-14.85687,0.0001,-0.50411
6737.07,SYN.BTC-3APR20,1585047540803,open,0.05,52.6,0.0085,0.0895,0.04350005,141.6,0.043,0.0,BTC-3APR20-6000-P,6746.09,136.98,0.041,31.0,0.046,64.2,146.18,3.66167,-26.25114,-0.5708,0.00021,-0.26964
6737.07,SYN.BTC-3APR20,1585047540807,open,0.05,52.6,0.0085,0.0895,0.04350005,141.6,0.043,0.0,BTC-3APR20-6000-P,6746.09,136.98,0.041,53.7,0.046,64.2,146.18,3.66167,-26.25114,-0.5708,0.00021,-0.26964
141.03,ETH-25SEP20,1585047540937,open,0.1,522.0,0.048,0.14,0.092837,119.97,0.1055,0.0,ETH-25SEP20-80-P,140.59,117.21,0.0885,285.0,0.098,511.0,123.27,0.22084,-0.07165,-0.16463,0.00183,-0.13765
141.03,ETH-25SEP20,1585047540951,open,0.25,228.0,0.154,0.3135,0.235209,119.42,0.296,0.0,ETH-25SEP20-120-P,140.59,115.95,0.227,401.0,0.242,401.0,122.33,0.33143,-0.10704,-0.36036,0.00275,-0.26929
141.03,ETH-25SEP20,1585047540952,open,0.17,482.0,0.098,0.245,0.176194,121.36,0.174,0.0,ETH-25SEP20-240-C,140.59,119.14,0.17,408.0,0.1815,282.0,123.26,0.39372,-0.12923,0.17925,0.00322,0.42713
141.03,ETH-25SEP20,1585047540954,open,0.13,1361.0,0.071,0.209,0.142369,122.26,0.144,0.0,ETH-25SEP20-280-C,140.59,119.86,0.136,418.0,0.148,286.0,124.36,0.37622,-0.1244,0.15688,0.00305,0.362
141.03,ETH-25SEP20,1585047540959,open,0.02,202.0,0.0035,0.0465,0.025192,131.25,0.0285,0.0,ETH-25SEP20-800-C,140.59,128.17,0.022,580.0,0.025,1.0,131.07,0.15217,-0.05402,0.04065,0.00115,0.08211
6752.75,BTC-25SEP20,1585047541125,open,0.56,277.0,0.419,0.6525,0.5395604,108.48,0.5665,0.0,BTC-25SEP20-9000-P,6746.09,103.88,0.5265,5.2,0.546,4.8,110.75,19.17087,-5.6247,-35.36591,8e-05,-0.49443
6734.4,SYN.BTC-24APR20,1585047541219,open,0.11,224.8,0.066,0.176,0.12537743,122.57,0.1205,0.0,BTC-24APR20-7000-C,6746.09,120.52,0.123,11.7,0.1275,18.5,124.4,7.79498,-15.47209,2.29247,0.00017,0.5278
6737.07,SYN.BTC-3APR20,1585047541220,open,0.06,110.2,0.021,0.12,0.07138955,134.14,0.0705,0.0,BTC-3APR20-7000-C,6746.09,129.73,0.0685,42.5,0.074,10.0,138.13,4.41217,-29.96592,0.73537,0.00027,0.47481
6734.4,SYN.BTC-24APR20,1585047541222,open,0.09,224.8,0.0455,0.148,0.09958446,122.77,0.101,0.0,BTC-24APR20-7500-C,6746.09,120.96,0.0975,11.0,0.1015,18.5,124.43,7.75505,-15.41775,2.00216,0.00016,0.45104
6738.05,BTC-27MAR20,1585047541223,open,0.06,628.2,0.014,0.1225,0.07053802,146.55,0.076,0.0,BTC-27MAR20-6500-C,6746.09,140.44,0.0685,32.0,0.073,0.4,153.91,2.2508,-57.35161,0.29894,0.00043,0.63366
6726.49,BTC-26JUN20,1585047541226,open,0.11,400.1,0.0505,0.155,0.10269529,119.53,0.0975,0.0,BTC-26JUN20-5000-P,6746.09,118.04,0.1005,10.0,0.1055,18.5,121.42,9.94212,-6.32945,-5.47992,7e-05,-0.21406
6726.49,BTC-26JUN20,1585047541227,open,0.1,919.6,0.0465,0.1565,0.10420408,115.83,0.1,0.0,BTC-26JUN20-10000-C,6746.09,113.86,0.1005,31.3,0.1075,19.5,117.58,12.65491,-7.80748,4.27813,9e-05,0.35149
6738.05,BTC-27MAR20,1585047541276,open,0.03,1619.9,0.002,0.0835,0.03734828,151.38,0.0415,0.0,BTC-27MAR20-7000-C,6746.09,146.03,0.0355,37.8,0.0385,26.5,154.7,2.33064,-61.34298,0.20008,0.00043,0.41423
6737.96,BTC-27MAR20,1585047541288,open,0.09,1181.5,0.0165,0.1415,0.07621835,151.33,0.0785,0.0,BTC-27MAR20-7000-P,6746.09,143.46,0.0735,13.7,0.078,0.4,156.48,2.33051,-61.32192,-0.35146,0.00043,-0.58584
6737.96,BTC-27MAR20,1585047541290,open,0.01,1218.0,0.0005,0.0185,0.00387747,211.89,0.0035,0.0,BTC-27MAR20-5000-P,6746.09,201.02,0.003,40.0,0.0045,29.3,218.82,0.58162,-21.42766,-0.02672,8e-05,-0.04646
6737.96,BTC-27MAR20,1585047541296,open,0.01,1218.0,0.0005,0.0185,0.00387747,211.89,0.0035,0.0,BTC-27MAR20-5000-P,6746.09,201.02,0.003,65.0,0.0045,29.3,218.82,0.58162,-21.42766,-0.02672,8e-05,-0.04646
140.45,ETH-27MAR20,1585047541307,open,0.91,7.0,0.746,0.9685,0.851233,213.95,1.163,0.0,ETH-27MAR20-260-P,140.59,0.0,0.4595,12.0,1.66,12.0,500.0,0.00035,-0.01304,-0.02048,0.00011,-0.99918
140.45,ETH-27MAR20,1585047541307,open,0.0,14.0,0.0005,0.0155,0.0,214.85,0.0005,0.0,ETH-27MAR20-380-C,140.59,0.0,0.0,0.0,0.0005,1.0,405.58,0.0,0.0,0.0,0.0,0.0
140.45,ETH-27MAR20,1585047541307,open,0.0,8766.0,0.0005,0.0155,4.1e-05,213.95,0.0005,0.0,ETH-27MAR20-260-C,140.59,0.0,0.0,0.0,0.0005,589.0,268.71,0.00035,-0.00571,1e-05,0.00011,0.00082
140.45,ETH-27MAR20,1585047541307,open,1.5,0.0,1.283,1.574,1.42079,214.5,None,0.0,ETH-27MAR20-340-P,140.59,0.0,1.0315,12.0,2.232,12.0,500.0,0.0,-6e-05,-0.02679,0.0,-1.0
140.45,ETH-27MAR20,1585047541307,open,1.2,0.0,1.0145,1.271,1.135993,214.14,None,0.0,ETH-27MAR20-300-P,140.59,0.0,0.7455,12.0,1.946,12.0,500.0,2e-05,-0.00093,-0.02364,1e-05,-0.99995
140.45,ETH-27MAR20,1585047541307,open,0.0,251.0,0.0005,0.0155,0.0,214.5,0.002,0.0,ETH-27MAR20-340-C,140.59,0.0,0.0,0.0,0.0005,470.0,366.45,0.0,-1e-05,0.0,0.0,0.0
140.45,ETH-27MAR20,1585047541307,open,1.79,0.0,1.5515,1.877,1.705589,214.85,None,0.0,ETH-27MAR20-380-P,140.59,0.0,1.3175,12.0,2.518,12.0,500.0,0.0,0.0,-0.02994,0.0,-1.0
140.45,ETH-27MAR20,1585047541307,open,0.0,1368.0,0.0005,0.0155,2e-06,214.14,0.002,0.0,ETH-27MAR20-300-C,140.59,0.0,0.0,0.0,0.0005,200.0,321.49,2e-05,-0.00029,0.0,1e-05,5e-05
6753.04,BTC-25SEP20,1585047541345,open,0.33,185.9,0.2615,0.3995,0.34084654,107.74,0.34,0.0,BTC-25SEP20-6000-C,6746.09,106.17,0.337,26.5,0.346,7.0,109.84,16.59397,-4.83503,12.44089,7e-05,0.70456
6726.33,BTC-26JUN20,1585047541432,open,0.02,513.2,0.0015,0.0335,0.01641583,142.32,0.015,0.0,BTC-26JUN20-2500-P,6746.27,139.12,0.015,62.0,0.018,17.0,145.76,3.03599,-2.30137,-1.00406,2e-05,-0.04162
6752.75,BTC-25SEP20,1585047541432,open,0.2,366.0,0.1265,0.27,0.20685878,108.52,0.194,0.0,BTC-25SEP20-9000-C,6746.27,107.68,0.2045,1.0,0.209,8.0,109.27,19.17082,-5.6263,10.21982,8e-05,0.50566
6726.33,BTC-26JUN20,1585047541432,open,0.08,295.4,0.033,0.1325,0.08353533,116.5,0.0845,0.0,BTC-26JUN20-11000-C,6746.27,114.76,0.0805,11.0,0.0865,20.5,118.19,11.781,-7.31029,3.66878,9e-05,0.29561
6752.75,BTC-25SEP20,1585047541433,open,0.13,13.3,0.0645,0.1725,0.11941556,110.71,0.14,0.0,BTC-25SEP20-4500-P,6746.27,108.89,0.116,36.6,0.123,9.0,112.62,12.68322,-3.79767,-10.29759,5e-05,-0.18165
6737.95,BTC-27MAR20,1585047541432,open,1.43,21.1,1.24,1.5255,1.37461063,234.57,2.255,0.0,BTC-27MAR20-16000-P,6746.27,0.0,0.9265,2.5,1.827,2.5,500.0,0.00066,-0.02674,-1.26057,0.0,-0.99997
6737.95,BTC-27MAR20,1585047541433,open,1.73,0.0,1.52,1.841,1.67143217,0.0,1.23,0.0,BTC-27MAR20-18000-P,6746.27,0.0,1.2235,2.5,2.124,2.5,500.0,0.0,0.0,-1.41815,0.0,-1.0
6737.95,BTC-27MAR20,1585047541433,open,0.67,251.7,0.54,0.7365,0.63397774,252.22,1.07,0.0,BTC-27MAR20-11000-P,6746.27,0.0,0.1845,2.5,1.085,2.5,500.0,0.27578,-12.09396,-0.85738,3e-05,-0.98112
6726.33,BTC-26JUN20,1585047541433,open,0.57,26.1,0.539,0.6145,0.58040115,136.06,0.502,0.0,BTC-26JUN20-3000-C,6746.27,0.0,0.293,7.5,0.7735,7.5,364.29,4.31848,-3.12959,6.13671,3e-05,0.93513
6752.93,BTC-25SEP20,1585047541433,open,0.12,548.6,0.0645,0.1905,0.13165301,108.9,0.12,0.0,BTC-25SEP20-12000-C,6746.27,107.15,0.127,40.5,0.136,18.5,110.53,18.00693,-5.30348,7.86385,7e-05,0.36156
6726.51,BTC-26JUN20,1585047541433,open,2.66,0.0,2.3685,2.82,2.58051545,130.56,None,0.0,BTC-26JUN20-24000-P,6746.27,0.0,0.0005,1.0,0.0,0.0,0.0,3.845,-2.67385,-60.976,3e-05,-0.94408
6726.51,BTC-26JUN20,1585047541434,open,3.87,3.0,3.4885,4.076,3.76355118,137.16,6.119,0.0,BTC-26JUN20-32000-P,6746.27,0.0,0.0005,1.0,0.0,0.0,0.0,2.26184,-1.65232,-81.90711,1e-05,-0.97092
6726.51,BTC-26JUN20,1585047541434,open,1.76,1.0,1.5325,1.8865,1.70057158,123.54,0.9,0.0,BTC-26JUN20-18000-P,6746.27,0.0,0.0005,1.0,0.0,0.0,0.0,6.16987,-4.05973,-44.91717,4e-05,-0.89577
6726.51,BTC-26JUN20,1585047541434,open,3.26,0.0,2.928,3.447,3.17136775,134.31,None,0.0,BTC-26JUN20-28000-P,6746.27,0.0,0.0005,1.0,0.0,0.0,0.0,2.92694,-2.09384,-71.477,2e-05,-0.96021
6734.37,SYN.BTC-24APR20,1585047541432,open,0.07,137.8,0.023,0.1075,0.06254172,129.12,0.06,0.0,BTC-24APR20-5500-P,6746.27,126.82,0.0605,20.0,0.065,49.9,131.87,5.99959,-12.54493,-1.68721,0.00012,-0.23363
6734.37,SYN.BTC-24APR20,1585047541432,open,3.26,10.0,2.922,3.425,3.15882523,180.52,3.795,0.0,BTC-24APR20-28000-P,6746.27,0.0,0.0,0.0,0.0,0.0,0.0,0.38701,-1.13133,-23.65095,1e-05,-0.99289
6752.93,BTC-25SEP20,1585047541438,open,0.02,356.5,0.004,0.049,0.02142737,118.08,0.0215,0.0,BTC-25SEP20-32000-C,6746.27,116.14,0.0195,9.0,0.0235,27.0,120.06,6.8865,-2.19925,1.87372,3e-05,0.07621
6738.13,BTC-27MAR20,1585047541440,open,3.25,0.0,2.9195,3.4195,3.15550493,459.59,None,0.0,BTC-27MAR20-28000-P,6746.27,0.0,0.0,0.0,0.0,0.0,0.0,0.01073,-0.85718,-2.20577,0.0,-0.9995
6743.61,SYN.BTC-25MAR20,1585047541432,open,0.01,24.7,0.0005,0.065,0.02028099,146.95,0.0185,0.0,BTC-25MAR20-6875-C,6746.27,134.92,0.018,20.0,0.022,0.1,155.96,1.28273,-94.24563,0.06277,0.0008,0.40823
6743.61,SYN.BTC-25MAR20,1585047541433,open,0.04,50.1,0.001,0.1025,0.0503211,149.71,0.05,0.0,BTC-25MAR20-6500-C,6746.27,113.9,0.0445,19.1,0.0535,14.1,168.26,1.13994,-85.3309,0.1059,0.0007,0.70485
6734.37,SYN.BTC-24APR20,1585047541432,open,2.65,0.0,2.3615,2.796,2.56542809,171.96,None,0.0,BTC-24APR20-24000-P,6746.27,0.0,0.0,0.0,0.0,0.0,0.0,0.5666,-1.57785,-20.24849,1e-05,-0.98901
6734.37,SYN.BTC-24APR20,1585047541432,open,2.04,0.0,1.802,2.1675,1.97303346,164.66,2.4195,0.0,BTC-24APR20-20000-P,6746.27,0.0,1.2295,1.0,2.43,1.0,500.0,0.98862,-2.63621,-16.81673,2e-05,-0.97899
6734.37,SYN.BTC-24APR20,1585047541433,open,0.55,0.0,0.528,0.5905,0.56120877,168.93,None,0.0,BTC-24APR20-3000-C,6746.27,0.0,0.2885,6.0,0.67,8.5,426.56,1.30619,-3.57325,2.33284,2e-05,0.97072
6737.06,SYN.BTC-3APR20,1585047541433,open,0.13,225.9,0.088,0.2055,0.15284277,141.49,0.136,0.0,BTC-3APR20-6000-C,6746.27,134.37,0.149,11.3,0.1555,8.0,146.36,3.661,-26.22543,1.0529,0.00021,0.73046
6734.37,SYN.BTC-24APR20,1585047541466,open,0.05,290.1,0.0125,0.078,0.04177266,132.98,0.0385,0.0,BTC-24APR20-5000-P,6746.27,131.23,0.0405,15.0,0.043,16.0,134.66,4.91322,-10.58083,-1.19328,0.0001,-0.1677
140.32,ETH-26JUN20,1585047541500,open,0.52,0.0,0.487,0.569,0.533635,128.42,None,0.0,ETH-26JUN20-70-C,140.59,0.0,0.01,100.0,0.0,0.0,0.0,0.10753,-0.07355,0.13881,0.00165,0.91825
140.32,ETH-26JUN20,1585047541500,open,0.14,12.0,0.07,0.1895,0.132589,127.05,0.2375,0.0,ETH-26JUN20-110-P,140.59,124.15,0.128,250.0,0.1385,517.0,130.78,0.22221,-0.15036,-0.13517,0.00345,-0.24197
140.32,ETH-26JUN20,1585047541500,open,0.33,44.0,0.275,0.4015,0.348667,127.05,0.32,0.0,ETH-26JUN20-110-C,140.59,113.96,0.328,60.0,0.3705,60.0,140.82,0.22221,-0.15036,0.14774,0.00345,0.75803
140.32,ETH-26JUN20,1585047541500,open,0.64,0.0,0.6245,0.6765,0.653337,130.38,None,0.0,ETH-26JUN20-50-C,140.59,0.0,0.0005,3.0,0.0,0.0,0.0,0.04748,-0.03297,0.11454,0.00072,0.9707
140.32,ETH-26JUN20,1585047541500,open,0.04,1069.0,0.0095,0.0565,0.032494,128.42,0.0345,0.0,ETH-26JUN20-70-P,140.59,120.32,0.0265,324.0,0.0355,1280.0,132.29,0.10753,-0.07355,-0.04123,0.00165,-0.08175
140.32,ETH-26JUN20,1585047541500,open,0.01,7159.0,0.0005,0.0245,0.009666,130.38,0.0145,0.0,ETH-26JUN20-50-P,140.59,114.18,0.005,300.0,0.012,280.0,136.9,0.04748,-0.03297,-0.01406,0.00072,-0.0293
140.32,ETH-26JUN20,1585047541500,open,0.42,0.0,0.3695,0.4775,0.433202,128.42,None,0.0,ETH-26JUN20-90-C,140.59,0.0,0.2255,25.0,0.626,25.0,280.73,0.17089,-0.11689,0.14795,0.00263,0.84316
6737.95,BTC-27MAR20,1585047541567,open,0.06,628.2,0.0145,0.1225,0.07065829,146.93,0.076,0.0,BTC-27MAR20-6500-C,6746.27,140.46,0.0685,32.4,0.073,0.4,153.93,2.25128,-57.51451,0.29874,0.00043,0.6334
140.41,SYN.ETH-24APR20,1585047541565,open,0.07,764.0,0.043,0.1255,0.086001,134.69,0.0565,0.0,ETH-24APR20-170-C,140.59,128.36,0.079,584.0,0.086,367.0,134.68,0.1561,-0.34048,0.03552,0.00695,0.38502
140.41,SYN.ETH-24APR20,1585047541565,open,0.21,224.0,0.18,0.2685,0.228571,135.35,0.202,0.0,ETH-24APR20-120-C,140.59,69.28,0.1685,70.0,0.4265,40.0,338.19,0.13642,-0.29901,0.05889,0.00604,0.72436
140.41,SYN.ETH-24APR20,1585047541565,open,0.45,1.0,0.3455,0.4715,0.410175,134.8,0.605,0.0,ETH-24APR20-190-P,140.59,0.0,0.0,0.0,0.9155,12.0,500.0,0.13806,-0.30139,-0.13394,0.00614,-0.71749
140.41,SYN.ETH-24APR20,1585047541565,open,0.32,66.0,0.2335,0.3545,0.296741,134.69,0.3,0.0,ETH-24APR20-170-P,140.59,0.0,0.0,0.0,0.7985,12.0,500.0,0.1561,-0.34048,-0.10829,0.00695,-0.61498
140.41,SYN.ETH-24APR20,1585047541565,open,0.22,427.0,0.1385,0.2495,0.196982,134.68,0.176,0.0,ETH-24APR20-150-P,140.59,129.96,0.1915,246.0,0.2045,497.0,141.17,0.16286,-0.3552,-0.08149,0.00725,-0.48915
140.41,SYN.ETH-24APR20,1585047541567,open,0.05,478.0,0.0225,0.0925,0.056995,134.8,0.0445,0.0,ETH-24APR20-190-C,140.59,130.18,0.0525,617.0,0.0585,337.0,136.33,0.13806,-0.30139,0.02678,0.00614,0.28251
140.41,SYN.ETH-24APR20,1585047541567,open,0.11,357.0,0.079,0.171,0.128682,134.68,0.105,0.0,ETH-24APR20-150-C,140.59,125.91,0.1185,334.0,0.1315,355.0,137.11,0.16286,-0.3552,0.04539,0.00725,0.51085
6737.06,SYN.BTC-3APR20,1585047541651,open,0.02,51.8,0.0015,0.0495,0.01882313,153.25,0.0155,0.0,BTC-3APR20-5250-P,6746.27,149.44,0.0175,47.0,0.0205,46.6,157.94,2.37333,-18.41415,-0.27554,0.00013,-0.13234
6737.06,SYN.BTC-3APR20,1585047541665,open,0.04,81.6,0.0095,0.0925,0.04851298,136.77,0.051,0.0,BTC-3APR20-7500-C,6746.27,133.48,0.0465,40.7,0.0505,11.0,140.0,4.13701,-28.64693,0.56376,0.00025,0.35779
6734.37,SYN.BTC-24APR20,1585047541674,open,0.19,226.9,0.1335,0.2505,0.19857941,125.92,0.187,0.0,BTC-24APR20-6000-C,6746.27,121.93,0.1945,29.4,0.2,27.4,127.3,6.90128,-14.0724,2.80458,0.00014,0.6909
6734.37,SYN.BTC-24APR20,1585047541675,open,0.1,392.5,0.0395,0.143,0.08952697,125.91,0.09,0.0,BTC-24APR20-6000-P,6746.27,123.93,0.0875,27.5,0.092,56.5,128.33,6.90127,-14.07196,-2.27085,0.00014,-0.3091
6734.37,SYN.BTC-24APR20,1585047541677,open,0.11,224.8,0.066,0.176,0.12545461,122.64,0.1205,0.0,BTC-24APR20-7000-C,6746.27,120.52,0.123,32.9,0.1275,18.5,124.4,7.79487,-15.48047,2.29235,0.00017,0.52786
6734.37,SYN.BTC-24APR20,1585047541679,open,0.07,544.6,0.031,0.125,0.07922836,123.43,0.081,0.0,BTC-24APR20-8000-C,6746.27,121.42,0.077,12.0,0.081,19.4,125.03,7.46963,-14.93101,1.72485,0.00016,0.38201
6734.37,SYN.BTC-24APR20,1585047541686,open,0.01,420.0,0.002,0.0405,0.01677019,136.16,0.0185,0.0,BTC-24APR20-12000-C,6746.27,133.69,0.0155,43.7,0.018,42.0,138.46,3.52942,-7.78208,0.49518,7e-05,0.1037
6726.33,BTC-26JUN20,1585047541688,open,0.08,295.4,0.033,0.1325,0.08353533,116.5,0.0845,0.0,BTC-26JUN20-11000-C,6746.27,114.76,0.0805,29.8,0.0865,20.5,118.19,11.781,-7.31029,3.66878,9e-05,0.29561
6752.75,BTC-25SEP20,1585047541689,open,0.17,395.0,0.1,0.239,0.17662584,108.52,0.182,0.0,BTC-25SEP20-10000-C,6746.27,106.52,0.171,29.9,0.1805,26.9,109.89,19.03,-5.58496,9.39647,8e-05,0.45135
6752.93,BTC-25SEP20,1585047541691,open,0.1,547.7,0.043,0.1555,0.10095224,109.61,0.1,0.0,BTC-25SEP20-14000-C,6746.27,107.98,0.097,42.0,0.105,6.6,111.25,16.53062,-4.90022,6.56917,7e-05,0.29301
140.41,SYN.ETH-24APR20,1585047541733,open,0.38,751.0,0.2875,0.412,0.352007,134.72,0.313,0.0,ETH-24APR20-180-P,140.59,0.0,0.02,1.0,0.8555,12.0,500.0,0.14802,-0.32292,-0.12131,0.00659,-0.66931
140.41,SYN.ETH-24APR20,1585047541733,open,0.03,1045.0,0.0085,0.058,0.031949,136.91,0.0285,0.0,ETH-24APR20-220-C,140.59,133.61,0.0295,627.0,0.034,365.0,139.6,0.10586,-0.2347,0.01717,0.00464,0.17654
140.41,SYN.ETH-24APR20,1585047541733,open,0.64,252.0,0.5335,0.6615,0.598789,136.91,0.733,0.0,ETH-24APR20-220-P,140.59,0.0,0.1065,12.0,1.107,12.0,500.0,0.10586,-0.2347,-0.16893,0.00464,-0.82346
140.55,SYN.ETH-25MAR20,1585047542055,open,0.0,0.0,0.0005,0.0155,0.000475,190.54,None,0.0,ETH-25MAR20-115-P,140.59,191.92,0.0005,5.0,0.004,364.0,280.84,0.00246,-0.06682,-5e-05,0.00273,-0.01404
140.55,SYN.ETH-25MAR20,1585047542055,open,0.03,158.0,0.0015,0.102,0.049452,130.02,0.036,0.0,ETH-25MAR20-135-C,140.59,107.04,0.046,181.0,0.0655,181.0,224.15,0.02203,-1.43199,0.00235,0.03575,0.74671
140.55,SYN.ETH-25MAR20,1585047542055,open,0.12,0.0,0.0925,0.195,0.147146,173.14,None,0.0,ETH-25MAR20-120-C,140.59,0.0,0.0005,5.0,0.0,0.0,0.0,0.00447,-0.38654,0.00278,0.00544,0.97168
140.55,SYN.ETH-25MAR20,1585047542055,open,0.09,24.0,0.0545,0.1625,0.113186,166.08,0.092,0.0,ETH-25MAR20-125-C,140.59,0.0,0.0005,15.0,0.25,4.0,500.0,0.00916,-0.76073,0.00276,0.01164,0.93081
140.55,SYN.ETH-25MAR20,1585047542055,open,0.06,71.0,0.0185,0.1315,0.082073,165.98,0.056,0.0,ETH-25MAR20-130-C,140.59,0.0,0.05,22.0,0.115,22.0,379.74,0.01665,-1.38216,0.00256,0.02117,0.84139
140.55,SYN.ETH-25MAR20,1585047542055,open,0.19,2.0,0.168,0.262,0.217457,190.58,0.2355,0.0,ETH-25MAR20-110-C,140.59,0.0,0.0005,5.0,0.0,0.0,0.0,0.00077,-0.07372,0.00263,0.00086,0.99623
140.55,SYN.ETH-25MAR20,1585047542055,open,0.0,0.0,0.0005,0.0155,0.000951,173.14,None,0.0,ETH-25MAR20-120-P,140.59,174.67,0.001,300.0,0.005,300.0,246.81,0.00447,-0.13363,-0.0001,0.00544,-0.02832
140.55,SYN.ETH-25MAR20,1585047542055,open,0.0,346.0,0.0005,0.0155,0.000111,190.59,0.0005,0.0,ETH-25MAR20-110-P,140.59,0.0,0.0,0.0,0.003,366.0,309.69,0.00077,-0.01566,-1e-05,0.00086,-0.00377
140.55,SYN.ETH-25MAR20,1585047542055,open,0.02,1.0,0.0005,0.052,0.009982,130.02,0.0165,0.0,ETH-25MAR20-135-P,140.59,130.13,0.01,278.0,0.02,278.0,190.01,0.02203,-1.40295,-0.00089,0.03575,-0.25329
140.55,SYN.ETH-25MAR20,1585047542055,open,0.0,30.0,0.0005,0.0175,0.002566,166.08,0.003,0.0,ETH-25MAR20-125-P,140.59,156.85,0.002,300.0,0.0075,358.0,223.55,0.00916,-0.36066,-0.00024,0.01164,-0.06919
140.55,SYN.ETH-25MAR20,1585047542055,open,0.16,1.0,0.13,0.2285,0.182246,190.54,0.0745,0.0,ETH-25MAR20-115-C,140.59,0.0,0.0005,5.0,0.0,0.0,0.0,0.00246,-0.23464,0.00271,0.00273,0.98596
140.41,SYN.ETH-24APR20,1585047542228,open,0.56,1.0,0.546,0.6,0.575217,148.28,0.5555,0.0,ETH-24APR20-60-C,140.59,0.0,0.0005,4.0,0.0,0.0,0.0,0.0149,-0.03579,0.04875,0.0006,0.98563
140.41,SYN.ETH-24APR20,1585047542228,open,0.0,8201.0,0.0005,0.0175,0.002537,148.28,0.004,0.0,ETH-24APR20-60-P,140.59,136.87,0.0015,70.0,0.004,1380.0,160.2,0.0149,-0.03579,-0.00201,0.0006,-0.01437
140.44,SYN.ETH-3APR20,1585047542230,open,0.28,0.0,0.2465,0.345,0.298937,163.0,None,0.0,ETH-3APR20-100-C,140.59,0.0,0.2685,26.0,0.3305,26.0,258.22,0.03455,-0.28516,0.02357,0.00397,0.91935
140.44,SYN.ETH-3APR20,1585047542230,open,0.01,251.0,0.0005,0.035,0.010985,163.0,0.0115,0.0,ETH-3APR20-100-P,140.59,154.58,0.009,580.0,0.013,325.0,170.89,0.03455,-0.28516,-0.00348,0.00397,-0.08065
140.44,SYN.ETH-3APR20,1585047542230,open,0.0,5103.0,0.0005,0.0175,0.002905,185.42,0.004,0.0,ETH-3APR20-80-P,140.59,166.46,0.0015,300.0,0.005,312.0,205.28,0.01253,-0.11765,-0.00098,0.00127,-0.02288
140.44,SYN.ETH-3APR20,1585047542230,open,0.41,1.0,0.3945,0.4665,0.433267,185.42,0.4535,0.0,ETH-3APR20-80-C,140.59,0.0,0.4105,29.0,0.459,29.0,321.16,0.01253,-0.11765,0.02067,0.00127,0.97712
140.44,SYN.ETH-3APR20,1585047542230,open,0.02,9.0,0.002,0.051,0.019227,152.19,0.0165,0.0,ETH-3APR20-110-P,140.59,147.29,0.0175,280.0,0.0215,578.0,158.42,0.05027,-0.38733,-0.00588,0.00619,-0.13544
140.44,SYN.ETH-3APR20,1585047542230,open,0.21,2.0,0.177,0.286,0.235974,152.19,0.251,0.0,ETH-3APR20-110-C,140.59,0.0,0.203,26.0,0.269,26.0,230.81,0.05027,-0.38733,0.02389,0.00619,0.86456
140.44,SYN.ETH-3APR20,1585047542230,open,0.16,4.0,0.1155,0.232,0.179118,144.97,0.099,0.0,ETH-3APR20-120-C,140.59,45.68,0.146,27.0,0.2145,27.0,213.31,0.06805,-0.49948,0.02291,0.0088,0.78196
140.44,SYN.ETH-3APR20,1585047542230,open,0.01,2616.0,0.0005,0.021,0.006041,175.05,0.0125,0.0,ETH-3APR20-90-P,140.59,164.51,0.0045,580.0,0.008,322.0,186.6,0.02212,-0.19606,-0.00196,0.00237,-0.04558
140.44,SYN.ETH-3APR20,1585047542230,open,0.35,1.0,0.3195,0.404,0.365198,175.05,0.3125,0.0,ETH-3APR20-90-C,140.59,0.0,0.3385,27.0,0.3935,27.0,286.58,0.02212,-0.19606,0.02239,0.00237,0.95442
140.44,SYN.ETH-3APR20,1585047542232,open,0.21,0.0,0.1065,0.2615,0.182683,139.62,None,0.0,ETH-3APR20-160-P,140.59,0.0,0.0855,37.0,0.386,37.0,454.67,0.08318,-0.58797,-0.03258,0.01116,-0.6747
140.44,SYN.ETH-3APR20,1585047542232,open,0.07,158.0,0.036,0.1455,0.092977,139.81,0.077,0.0,ETH-3APR20-140-C,140.59,125.26,0.0835,304.0,0.101,304.0,152.15,0.0914,-0.64699,0.01741,0.01225,0.55118
140.44,SYN.ETH-3APR20,1585047542232,open,0.11,6.0,0.0685,0.1855,0.131427,141.86,0.0745,0.0,ETH-3APR20-130-C,140.59,121.6,0.1195,275.0,0.14,275.0,156.24,0.08337,-0.59878,0.02057,0.01101,0.67282
140.44,SYN.ETH-3APR20,1585047542232,open,0.03,299.0,0.008,0.087,0.043407,139.62,0.0375,0.0,ETH-3APR20-160-C,140.59,133.83,0.04,279.0,0.046,530.0,143.98,0.08318,-0.58797,0.01071,0.01116,0.3253
140.44,SYN.ETH-3APR20,1585047542234,open,0.02,192.0,0.004,0.069,0.030281,142.91,0.0295,0.0,ETH-3APR20-170-C,140.59,136.45,0.027,289.0,0.033,280.0,148.13,0.07238,-0.52372,0.0081,0.00949,0.24351
140.45,ETH-27MAR20,1585047542313,open,3.12,1.0,2.762,3.2415,2.987184,215.94,3.3565,0.0,ETH-27MAR20-560-P,140.62,0.0,0.02,50.0,0.0,0.0,0.0,0.0,0.0,-0.04412,0.0,-1.0
141.06,ETH-25SEP20,1585047542313,open,0.68,111.0,0.5095,0.7665,0.639639,120.15,0.6725,0.0,ETH-25SEP20-200-P,140.62,104.76,0.596,124.0,0.7045,124.0,143.11,0.40043,-0.13011,-0.80877,0.00331,-0.49233
140.45,ETH-27MAR20,1585047542313,open,0.76,1727.0,0.6125,0.8175,0.708968,213.9,1.25,0.0,ETH-27MAR20-240-P,140.62,0.0,0.3165,12.0,1.517,12.0,500.0,0.00121,-0.0449,-0.01888,0.00036,-0.9968
140.32,ETH-26JUN20,1585047542313,open,0.1,1293.0,0.05,0.165,0.112886,127.34,0.1225,0.0,ETH-26JUN20-220-C,140.62,125.0,0.1085,187.0,0.1165,309.0,129.25,0.26477,-0.17957,0.08716,0.00411,0.3544
140.32,ETH-26JUN20,1585047542313,open,4.3,1.0,3.841,4.4645,4.136156,138.25,4.3,0.0,ETH-26JUN20-720-P,140.62,0.0,3.698,10.0,4.6985,10.0,486.49,0.03983,-0.02933,-1.84504,0.00057,-0.97625
141.06,ETH-25SEP20,1585047542313,open,0.03,1916.0,0.0055,0.0585,0.038291,129.51,0.036,0.0,ETH-25SEP20-640-C,140.62,126.76,0.0345,550.0,0.042,300.0,132.07,0.19968,-0.06994,0.05769,0.00153,0.11903
140.45,ETH-27MAR20,1585047542313,open,1.06,914.0,0.881,1.1205,0.993601,214.02,1.274,0.0,ETH-27MAR20-280-P,140.62,0.0,0.6025,12.0,1.803,12.0,500.0,0.0001,-0.00356,-0.02206,3e-05,-0.9998
140.45,ETH-27MAR20,1585047542313,open,0.02,1616.0,0.0005,0.0255,0.010913,171.2,0.009,0.0,ETH-27MAR20-120-P,140.62,158.0,0.0085,350.0,0.014,350.0,186.67,0.02682,-0.79824,-0.00159,0.01008,-0.13318
141.06,ETH-25SEP20,1585047542313,open,3.16,0.0,2.7595,3.2845,3.019131,128.82,None,0.0,ETH-25SEP20-560-P,140.62,0.0,0.0,0.0,0.0,0.0,0.0,0.23188,-0.08079,-2.76592,0.00179,-0.8521
140.32,ETH-26JUN20,1585047542313,open,0.04,1258.0,0.0065,0.063,0.037354,132.16,0.032,0.0,ETH-26JUN20-360-C,140.62,129.15,0.034,308.0,0.0405,597.0,134.86,0.16005,-0.11266,0.03783,0.00239,0.14217
140.45,ETH-27MAR20,1585047542313,open,0.47,4045.0,0.3435,0.515,0.426732,213.67,0.889,0.0,ETH-27MAR20-200-P,140.62,0.0,0.032,12.0,1.2325,12.0,500.0,0.0104,-0.38652,-0.01536,0.00313,-0.96154
140.32,ETH-26JUN20,1585047542313,open,0.02,1301.0,0.0015,0.0325,0.017861,135.59,0.015,0.0,ETH-26JUN20-480-C,140.62,128.97,0.0135,325.0,0.018,291.0,135.78,0.09997,-0.0722,0.02035,0.00146,0.07426
140.45,ETH-27MAR20,1585047542313,open,0.0,4930.0,0.0005,0.0155,0.00049,264.96,0.004,0.0,ETH-27MAR20-80-P,140.62,265.61,0.0005,25.0,0.002,418.0,322.72,0.00213,-0.06884,-7e-05,0.00052,-0.00602
141.06,ETH-25SEP20,1585047542314,open,4.32,0.0,3.824,4.477,4.136568,131.68,None,0.0,ETH-25SEP20-720-P,140.62,0.0,0.0,0.0,0.0,0.0,0.0,0.17861,-0.06361,-3.59718,0.00135,-0.89811
140.48,ETH-27MAR20,1585047542314,open,0.0,4525.0,0.0005,0.0155,0.0,215.51,0.0105,0.0,ETH-27MAR20-520-C,140.62,0.0,0.0,0.0,0.0015,419.0,500.0,0.0,0.0,0.0,0.0,0.0
140.35,ETH-26JUN20,1585047542314,open,0.11,894.0,0.0485,0.15,0.101475,127.71,0.107,0.0,ETH-26JUN20-100-P,140.62,124.9,0.0975,275.0,0.1065,554.0,131.26,0.19833,-0.13491,-0.10826,0.00307,-0.19844
140.35,ETH-26JUN20,1585047542314,open,0.06,3494.0,0.0185,0.083,0.051188,128.46,0.044,0.0,ETH-26JUN20-80-P,140.62,122.67,0.0455,317.0,0.0555,572.0,132.73,0.14012,-0.09587,-0.06082,0.00215,-0.1173
140.48,ETH-27MAR20,1585047542314,open,0.62,2164.0,0.478,0.6665,0.567111,224.58,0.7845,0.0,ETH-27MAR20-220-P,140.62,0.0,0.174,12.0,1.3745,12.0,500.0,0.00493,-0.19232,-0.01717,0.00141,-0.98425
140.35,ETH-26JUN20,1585047542314,open,0.01,2430.0,0.0005,0.026,0.011118,136.28,0.011,0.0,ETH-26JUN20-560-C,140.62,131.88,0.009,305.0,0.0125,304.0,138.88,0.07199,-0.05226,0.0136,0.00104,0.04879
141.06,ETH-25SEP20,1585047542314,open,0.93,145.0,0.7305,1.0245,0.877934,121.46,0.9705,0.0,ETH-25SEP20-240-P,140.62,0.0,0.0,0.0,1.4485,1.0,363.04,0.39388,-0.12939,-1.03626,0.00322,-0.57243
140.48,ETH-27MAR20,1585047542315,open,0.0,5014.0,0.0005,0.021,0.006228,191.85,0.0075,0.0,ETH-27MAR20-180-C,140.62,178.34,0.0045,385.0,0.008,361.0,203.87,0.01945,-0.64868,0.00087,0.00652,0.08525
140.48,ETH-27MAR20,1585047542314,open,0.08,277.0,0.0305,0.142,0.099606,159.66,0.09,0.0,ETH-27MAR20-130-C,140.62,127.36,0.0905,60.0,0.1085,60.0,189.37,0.0411,-1.14092,0.007,0.01656,0.73169
140.48,ETH-27MAR20,1585047542315,open,0.03,1287.0,0.0005,0.054,0.025202,160.34,0.025,0.0,ETH-27MAR20-130-P,140.62,145.78,0.021,382.0,0.03,332.0,176.5,0.04115,-1.14717,-0.00326,0.01651,-0.26897
140.48,ETH-27MAR20,1585047542314,open,2.82,1.0,2.4935,2.9385,2.702385,500.0,3.276,0.0,ETH-27MAR20-520-P,140.62,0.0,2.3185,12.0,3.519,12.0,500.0,0.00121,-0.10497,-0.04094,0.00016,-0.9968
140.48,ETH-27MAR20,1585047542315,open,0.34,68.0,0.3185,0.395,0.359948,220.23,0.332,0.0,ETH-27MAR20-90-C,140.62,0.0,0.1575,50.0,0.758,50.0,500.0,0.00296,-0.11337,0.00699,0.00086,0.99124
140.35,ETH-26JUN20,1585047542315,open,1.68,1.0,1.432,1.7765,1.602919,132.62,1.827,0.0,ETH-26JUN20-360-P,140.62,0.0,1.1335,10.0,2.134,10.0,422.81,0.16117,-0.11384,-0.88774,0.0024,-0.8564
141.06,ETH-25SEP20,1585047542315,open,4.9,0.0,4.357,5.072,4.697742,132.33,None,0.0,ETH-25SEP20-800-P,140.62,0.0,0.0,0.0,0.0,0.0,0.0,0.15632,-0.05595,-4.01015,0.00117,-0.91493
140.35,ETH-26JUN20,1585047542315,open,0.24,481.0,0.1735,0.3115,0.252414,126.43,0.24,0.0,ETH-26JUN20-140-C,140.62,119.98,0.24,290.0,0.26,290.0,130.39,0.26939,-0.18141,0.13529,0.00421,0.62721
140.35,ETH-26JUN20,1585047542315,open,2.55,0.0,2.23,2.661,2.438614,136.58,None,0.0,ETH-26JUN20-480-P,140.62,0.0,1.979,10.0,2.9795,10.0,445.27,0.10231,-0.07442,-1.21362,0.00148,-0.92348
140.48,ETH-27MAR20,1585047542315,open,0.0,5012.0,0.0005,0.0155,0.000175,213.83,0.0005,0.0,ETH-27MAR20-240-C,140.62,0.0,0.0,0.0,0.0005,400.0,238.34,0.00121,-0.02455,3e-05,0.00036,0.0032
140.35,ETH-26JUN20,1585047542315,open,0.72,528.0,0.552,0.802,0.680731,127.49,0.869,0.0,ETH-26JUN20-220-P,140.62,0.0,0.194,10.0,1.1945,10.0,407.28,0.26498,-0.17993,-0.47856,0.0041,-0.64503
140.55,SYN.ETH-25MAR20,1585047542313,open,0.07,0.0,0.0005,0.1075,0.044678,130.02,None,0.0,ETH-25MAR20-145-P,140.62,111.6,0.0415,173.0,0.066,173.0,244.61,0.02473,-1.6077,-0.00243,0.04014,-0.67649
140.35,ETH-26JUN20,1585047542315,open,3.71,0.0,3.303,3.861,3.568706,140.63,None,0.0,ETH-26JUN20-640-P,140.62,0.0,3.123,10.0,4.1235,10.0,473.9,0.0592,-0.04434,-1.63535,0.00083,-0.96171
141.06,ETH-25SEP20,1585047542316,open,2.58,0.0,2.2375,2.7115,2.467114,127.78,None,0.0,ETH-25SEP20-480-P,140.62,0.0,0.0,0.0,0.0,0.0,0.0,0.26907,-0.09298,-2.34414,0.00209,-0.81378
141.06,ETH-25SEP20,1585047542316,open,1.46,89.0,1.2115,1.569,1.386313,123.38,1.4935,0.0,ETH-25SEP20-320-P,140.62,0.0,0.0,0.0,4.44,1.0,500.0,0.35452,-0.11829,-1.48299,0.00285,-0.6893
140.35,ETH-26JUN20,1585047542315,open,0.04,1318.0,0.0115,0.0815,0.050708,131.64,0.0475,0.0,ETH-26JUN20-320-C,140.62,130.36,0.049,3.0,0.052,275.0,132.59,0.18927,-0.1327,0.04806,0.00284,0.18386
140.48,ETH-27MAR20,1585047542315,open,0.41,38.0,0.3945,0.4625,0.430892,256.2,0.368,0.0,ETH-27MAR20-80-C,140.62,0.0,0.2285,50.0,0.829,50.0,500.0,0.00174,-0.0775,0.00625,0.00044,0.9952
141.06,ETH-25SEP20,1585047542315,open,1.19,684.0,0.966,1.293,1.127739,122.39,1.22,0.0,ETH-25SEP20-280-P,140.62,0.0,0.0,0.0,2.42,1.0,500.0,0.3765,-0.12462,-1.26118,0.00305,-0.63743
141.06,ETH-25SEP20,1585047542316,open,5.48,0.0,4.891,5.6695,5.260991,133.61,None,0.0,ETH-25SEP20-880-P,140.62,0.0,0.0,0.0,0.0,0.0,0.0,0.14,-0.05059,-4.42081,0.00104,-0.92646
140.35,ETH-26JUN20,1585047542315,open,1.4,122.0,1.1705,1.4885,1.33121,132.0,1.646,0.0,ETH-26JUN20-320-P,140.62,0.0,0.8575,10.0,1.858,10.0,416.21,0.19,-0.13358,-0.77472,0.00284,-0.815
141.06,ETH-25SEP20,1585047542315,open,0.37,468.0,0.3045,0.4465,0.384326,119.4,0.379,0.0,ETH-25SEP20-120-C,140.62,108.69,0.359,38.0,0.4255,38.0,137.13,0.33146,-0.10704,0.24753,0.00275,0.73078
140.35,ETH-26JUN20,1585047542316,open,2.84,0.0,2.498,2.9595,2.72004,137.56,None,0.0,ETH-26JUN20-520-P,140.62,0.0,2.264,10.0,3.2645,10.0,452.76,0.08828,-0.06468,-1.32002,0.00127,-0.93681
140.35,ETH-26JUN20,1585047542316,open,0.02,1733.0,0.0025,0.039,0.02336,135.57,0.0245,0.0,ETH-26JUN20-440-C,140.62,131.44,0.02,309.0,0.0255,605.0,138.03,0.1191,-0.086,0.0254,0.00173,0.09372
140.41,SYN.ETH-24APR20,1585047542312,open,0.01,2697.0,0.0005,0.027,0.012317,142.24,0.015,0.0,ETH-24APR20-80-P,140.62,136.7,0.0105,870.0,0.0145,390.0,148.42,0.04776,-0.11,-0.00842,0.00201,-0.0586
140.48,ETH-27MAR20,1585047542316,open,0.01,5172.0,0.0005,0.0335,0.015663,163.64,0.018,0.0,ETH-27MAR20-160-C,140.62,150.67,0.0125,377.0,0.0185,240.0,174.6,0.03545,-1.00861,0.0021,0.01393,0.20521
140.48,ETH-27MAR20,1585047542316,open,0.01,1779.0,0.0005,0.02,0.005001,191.09,0.0035,0.0,ETH-27MAR20-110-P,140.62,176.28,0.0035,370.0,0.007,350.0,207.74,0.01551,-0.51521,-0.00076,0.00522,-0.0634
140.35,ETH-26JUN20,1585047542316,open,1.97,0.0,1.6965,2.069,1.88152,136.17,None,0.0,ETH-26JUN20-400-P,140.62,0.0,1.413,10.0,2.4135,10.0,430.04,0.143,-0.10371,-0.99657,0.00207,-0.87927
140.5,SYN.ETH-26MAR20,1585047542312,open,0.0,0.0445,0.182,0.117874,167.47,None,0.0,ETH-26MAR20-155-P,140.62,0.0,0.0,0.0,0.0,0.0,0.0,0.03014,-1.34563,-0.00645,0.01774,-0.77583
141.06,ETH-25SEP20,1585047542316,open,2.87,0.0,2.4955,2.991,2.741774,127.95,None,0.0,ETH-25SEP20-520-P,140.62,0.0,0.0,0.0,0.0,0.0,0.0,0.24842,-0.08597,-2.55611,0.00193,-0.8358
140.48,ETH-27MAR20,1585047542316,open,2.23,1.0,1.956,2.3325,2.132787,469.17,2.11,0.0,ETH-27MAR20-440-P,140.62,0.0,1.7465,12.0,2.947,12.0,500.0,0.00201,-0.16393,-0.03461,0.00028,-0.99435
141.06,ETH-25SEP20,1585047542316,open,4.02,0.0,3.558,4.18,3.856198,130.95,None,0.0,ETH-25SEP20-680-P,140.62,0.0,0.0,0.0,0.0,0.0,0.0,0.1899,-0.06726,-3.39042,0.00144,-0.88908
140.41,SYN.ETH-24APR20,1585047542312,open,0.01,4050.0,0.0025,0.032,0.017071,143.07,0.0125,0.0,ETH-24APR20-260-C,140.62,138.93,0.015,630.0,0.019,670.0,146.7,0.07249,-0.16795,0.01004,0.00304,0.10158
141.06,ETH-25SEP20,1585047542316,open,3.73,0.0,3.29,3.8745,3.576333,130.19,None,0.0,ETH-25SEP20-640-P,140.62,0.0,0.0,0.0,0.0,0.0,0.0,0.20226,-0.07122,-3.18309,0.00154,-0.87878
141.06,ETH-25SEP20,1585047542316,open,0.03,615.0,0.006,0.062,0.034529,130.19,0.028,0.0,ETH-25SEP20-680-C,140.62,127.45,0.031,267.0,0.038,300.0,132.74,0.18696,-0.06583,0.05288,0.00142,0.10853
140.35,ETH-26JUN20,1585047542316,open,0.18,381.0,0.097,0.2335,0.167694,126.59,0.1555,0.0,ETH-26JUN20-120-P,140.62,123.58,0.1625,231.0,0.173,257.0,129.66,0.24207,-0.16321,-0.16378,0.00377,-0.28604
140.44,SYN.ETH-3APR20,1585047542313,open,0.01,1557.0,0.0005,0.0365,0.011217,154.3,0.012,0.0,ETH-3APR20-200-C,140.62,144.46,0.0085,300.0,0.014,627.0,163.27,0.04135,-0.32306,0.00348,0.00502,0.10276
140.48,ETH-27MAR20,1585047542317,open,0.19,3243.0,0.0775,0.2205,0.154859,164.6,0.24,0.0,ETH-27MAR20-160-P,140.62,125.16,0.146,60.0,0.164,60.0,198.3,0.03561,-1.01926,-0.01049,0.01392,-0.79318
141.06,ETH-25SEP20,1585047542317,open,0.28,256.0,0.2025,0.357,0.288339,119.65,0.26,0.0,ETH-25SEP20-160-C,140.62,114.96,0.2755,272.0,0.3,272.0,123.93,0.38534,-0.1247,0.22941,0.0032,0.60942
140.48,ETH-27MAR20,1585047542317,open,2.53,0.0,2.2245,2.6355,2.417586,500.0,None,0.0,ETH-27MAR20-480-P,140.62,0.0,2.0325,12.0,3.233,12.0,500.0,0.00194,-0.16889,-0.03776,0.00025,-0.99456
140.35,ETH-26JUN20,1585047542317,open,0.01,2479.0,0.0005,0.021,0.006202,138.24,0.005,0.0,ETH-26JUN20-680-C,140.62,132.56,0.0045,580.0,0.008,305.0,143.19,0.04668,-0.03437,0.00812,0.00067,0.0287
140.41,SYN.ETH-24APR20,1585047542313,open,0.01,2392.0,0.0005,0.0245,0.009757,148.27,0.009,0.0,ETH-24APR20-300-C,140.62,142.99,0.008,630.0,0.0115,320.0,152.99,0.04939,-0.11859,0.00611,0.002,0.06117
140.35,ETH-26JUN20,1585047542317,open,0.01,5549.0,0.0005,0.0225,0.007702,138.23,0.007,0.0,ETH-26JUN20-640-C,140.62,131.96,0.0055,300.0,0.0095,305.0,142.53,0.0548,-0.04035,0.0098,0.00078,0.03485
140.35,ETH-26JUN20,1585047542317,open,3.13,0.0,2.766,3.2595,3.001996,137.9,None,0.0,ETH-26JUN20-560-P,140.62,0.0,2.5495,10.0,3.55,10.0,459.87,0.07535,-0.05534,-1.42596,0.00108,-0.94834
140.48,ETH-27MAR20,1585047542317,open,0.0,11029.0,0.0005,0.0155,0.0,214.25,0.0005,0.0,ETH-27MAR20-320-C,140.62,0.0,0.0,0.0,0.0005,923.0,344.73,1e-05,-6e-05,0.0,0.0,1e-05
140.35,ETH-26JUN20,1585047542317,open,0.01,4001.0,0.0005,0.0245,0.009636,138.23,0.008,0.0,ETH-26JUN20-600-C,140.62,133.21,0.0075,300.0,0.012,605.0,143.03,0.06449,-0.04748,0.01188,0.00092,0.04255
141.06,ETH-25SEP20,1585047542317,open,4.61,0.0,4.0905,4.7745,4.417174,132.21,None,0.0,ETH-25SEP20-760-P,140.62,0.0,0.0,0.0,0.0,0.0,0.0,0.16771,-0.05996,-3.80366,0.00126,-0.90649
140.48,ETH-27MAR20,1585047542317,open,1.65,6.0,1.4185,1.7265,1.56319,390.1,1.8335,0.0,ETH-27MAR20-360-P,140.62,0.0,1.1745,12.0,2.375,12.0,500.0,0.00195,-0.13247,-0.02831,0.00032,-0.99453
140.41,SYN.ETH-24APR20,1585047542312,open,0.04,1659.0,0.016,0.079,0.046337,134.9,0.039,0.0,ETH-24APR20-200-C,140.62,131.17,0.043,621.0,0.0485,371.0,137.27,0.12703,-0.2775,0.02303,0.00565,0.24026
141.06,ETH-25SEP20,1585047542318,open,3.44,0.0,3.0245,3.579,3.297492,129.64,None,0.0,ETH-25SEP20-600-P,140.62,0.0,0.0,0.0,0.0,0.0,0.0,0.21682,-0.07602,-2.97476,0.00166,-0.86604
140.5,SYN.ETH-26MAR20,1585047542312,open,0.0,0.0005,0.0265,0.010511,175.65,None,0.0,ETH-26MAR20-160-C,140.62,154.55,0.007,297.0,0.014,354.0,194.19,0.02512,-1.1761,0.00112,0.0141,0.1662
140.35,ETH-26JUN20,1585047542318,open,0.03,5450.0,0.004,0.049,0.030893,135.57,0.031,0.0,ETH-26JUN20-400-C,140.62,129.96,0.0255,325.0,0.0365,325.0,140.9,0.14162,-0.10225,0.03183,0.00206,0.11908
140.44,SYN.ETH-3APR20,1585047542312,open,0.01,607.0,0.0005,0.032,0.009043,161.07,0.0055,0.0,ETH-3APR20-210-C,140.62,154.63,0.0075,300.0,0.0105,314.0,166.65,0.03527,-0.28759,0.00281,0.0041,0.08286
140.48,ETH-27MAR20,1585047542318,open,0.0,12974.0,0.0005,0.0155,0.0,216.27,0.0005,0.0,ETH-27MAR20-600-C,140.62,0.0,0.0,0.0,0.0005,343.0,500.0,0.0,0.0,0.0,0.0,0.0
140.35,ETH-26JUN20,1585047542319,open,0.0,1428.0,0.0005,0.02,0.005027,138.24,0.004,0.0,ETH-26JUN20-720-C,140.62,132.17,0.0035,300.0,0.0065,301.0,142.98,0.03984,-0.02934,0.00676,0.00057,0.02375
141.06,ETH-25SEP20,1585047542319,open,0.04,413.0,0.007,0.0655,0.043078,129.05,0.0455,0.0,ETH-25SEP20-600-C,140.62,126.64,0.0395,233.0,0.0465,300.0,131.25,0.21458,-0.07489,0.06351,0.00165,0.13196
140.41,SYN.ETH-24APR20,1585047542313,open,0.0,3905.0,0.0005,0.0165,0.001886,160.29,0.005,0.0,ETH-24APR20-440-C,140.62,149.28,0.001,50.0,0.0015,1.0,156.09,0.01395,-0.03622,0.00136,0.00052,0.01331
141.06,ETH-25SEP20,1585047542320,open,5.19,0.0,4.624,5.3705,4.979386,133.12,None,0.0,ETH-25SEP20-840-P,140.62,0.0,0.0,0.0,0.0,0.0,0.0,0.1483,-0.05339,-4.21548,0.00111,-0.92067
141.06,ETH-25SEP20,1585047542320,open,0.03,523.0,0.005,0.0565,0.031271,130.81,0.022,0.0,ETH-25SEP20-720-C,140.62,128.1,0.028,280.0,0.0345,300.0,133.34,0.17531,-0.06202,0.04862,0.00133,0.09932
140.48,ETH-27MAR20,1585047542320,open,0.04,1944.0,0.0045,0.0945,0.057143,156.89,0.0395,0.0,ETH-27MAR20-140-C,140.62,130.97,0.048,531.0,0.0625,337.0,172.09,0.04952,-1.351,0.00532,0.0203,0.53753
141.06,ETH-25SEP20,1585047542321,open,2.02,0.0,1.719,2.136,1.919478,125.2,None,0.0,ETH-25SEP20-400-P,140.62,0.0,0.0,0.0,0.0,0.0,0.0,0.30811,-0.10432,-1.9184,0.00244,-0.76555
140.41,SYN.ETH-24APR20,1585047542313,open,0.03,377.0,0.0045,0.0445,0.022499,140.18,0.0195,0.0,ETH-24APR20-90-P,140.62,135.09,0.02,869.0,0.025,365.0,145.07,0.07046,-0.15996,-0.01428,0.00301,-0.09771
140.5,SYN.ETH-26MAR20,1585047542312,open,0.0,0.006,0.1185,0.063481,157.33,None,0.0,ETH-26MAR20-145-P,140.62,130.3,0.056,191.0,0.0755,191.0,200.07,0.03919,-1.64362,-0.00471,0.02456,-0.58832
140.5,SYN.ETH-26MAR20,1585047542312,open,0.0,0.0005,0.046,0.01627,159.55,None,0.0,ETH-26MAR20-130-P,140.62,139.31,0.012,287.0,0.0215,287.0,182.84,0.03064,-1.30325,-0.00178,0.01893,-0.2308
140.55,SYN.ETH-25MAR20,1585047542312,open,0.0,0.0005,0.0235,0.002624,141.86,None,0.0,ETH-25MAR20-155-C,140.62,140.21,0.0025,299.0,0.0095,55.0,207.28,0.01069,-0.36874,0.00028,0.0159,0.08473
140.41,SYN.ETH-24APR20,1585047542314,open,0.02,1204.0,0.0045,0.0425,0.023126,140.1,0.02,0.0,ETH-24APR20-240-C,140.62,136.63,0.021,630.0,0.025,647.0,143.05,0.08781,-0.19922,0.01306,0.00376,0.1331
140.5,SYN.ETH-26MAR20,1585047542312,open,0.0,0.0005,0.0205,0.005819,175.4,None,0.0,ETH-26MAR20-120-P,140.62,153.91,0.0035,300.0,0.009,300.0,199.46,0.01688,-0.78915,-0.00072,0.00949,-0.0939
140.41,SYN.ETH-24APR20,1585047542313,open,0.0,14222.0,0.0005,0.0195,0.004894,155.83,0.006,0.0,ETH-24APR20-360-C,140.62,148.44,0.0035,630.0,0.0065,670.0,162.82,0.02938,-0.07415,0.00323,0.00113,0.03209
140.41,SYN.ETH-24APR20,1585047542313,open,0.43,1.0,0.3985,0.477,0.442557,142.24,0.4035,0.0,ETH-24APR20-80-C,140.62,0.0,0.0005,4.0,0.0,0.0,0.0,0.04776,-0.11,0.05925,0.00201,0.9414
140.41,SYN.ETH-24APR20,1585047542312,open,0.49,0.0,0.471,0.5365,0.507357,144.32,None,0.0,ETH-24APR20-70-C,140.62,0.0,0.0005,4.0,0.0,0.0,0.0,0.02845,-0.06649,0.05485,0.00118,0.96913
140.41,SYN.ETH-24APR20,1585047542313,open,0.09,1780.0,0.0585,0.1465,0.105369,134.68,0.1,0.0,ETH-24APR20-160-C,140.62,127.39,0.097,569.0,0.105,361.0,134.36,0.16138,-0.35199,0.04037,0.00718,0.44529
140.5,SYN.ETH-26MAR20,1585047542312,open,1.0,0.0915,0.197,0.151718,175.4,0.13,0.0,ETH-26MAR20-120-C,140.62,0.0,0.128,22.0,0.184,22.0,354.33,0.01688,-0.78915,0.00545,0.00949,0.9061
140.41,SYN.ETH-24APR20,1585047542313,open,0.01,3067.0,0.0005,0.022,0.00747,150.35,0.008,0.0,ETH-24APR20-320-C,140.62,144.94,0.006,351.0,0.009,318.0,155.33,0.04072,-0.09915,0.00481,0.00162,0.04794
140.41,SYN.ETH-24APR20,1585047542313,open,0.01,2435.0,0.0005,0.0275,0.012785,145.72,0.0125,0.0,ETH-24APR20-280-C,140.62,141.35,0.011,630.0,0.0145,320.0,149.62,0.05973,-0.14094,0.00778,0.00246,0.07829
140.5,SYN.ETH-26MAR20,1585047542312,open,0.0,0.025,0.1375,0.090995,159.55,None,0.0,ETH-26MAR20-130-C,140.62,0.0,0.0695,24.0,0.1205,24.0,282.03,0.03064,-1.30325,0.0049,0.01893,0.7692
140.5,SYN.ETH-26MAR20,1585047542312,open,0.0,0.0005,0.03,0.009107,162.63,None,0.0,ETH-26MAR20-125-P,140.62,142.15,0.006,298.0,0.013,298.0,185.11,0.02289,-0.99226,-0.00111,0.01387,-0.14437
140.41,SYN.ETH-24APR20,1585047542313,open,0.01,5437.0,0.0005,0.0205,0.005897,144.32,0.0055,0.0,ETH-24APR20-70-P,140.62,139.69,0.005,4.0,0.007,2022.0,149.51,0.02845,-0.06649,-0.00437,0.00118,-0.03087
140.44,SYN.ETH-3APR20,1585047542312,open,0.01,14.0,0.001,0.045,0.015625,151.14,0.016,0.0,ETH-3APR20-190-C,140.62,145.09,0.0135,300.0,0.0175,280.0,156.2,0.0508,-0.38875,0.00463,0.0063,0.13755
140.55,SYN.ETH-25MAR20,1585047542313,open,0.04,0.0,0.0005,0.0775,0.02345,130.0,None,0.0,ETH-25MAR20-140-P,140.62,127.69,0.023,251.0,0.035,252.0,189.35,0.02735,-1.77745,-0.00164,0.04438,-0.4629
140.41,SYN.ETH-24APR20,1585047542313,open,0.04,404.0,0.01,0.069,0.037016,137.88,0.063,0.0,ETH-24APR20-100-P,140.62,134.86,0.035,209.0,0.0395,621.0,141.55,0.09419,-0.21032,-0.02193,0.0041,-0.14759
140.5,SYN.ETH-26MAR20,1585047542312,open,0.0,0.0015,0.0905,0.039589,144.87,None,0.0,ETH-26MAR20-140-P,140.62,137.54,0.0375,251.0,0.051,251.0,184.93,0.04003,-1.54596,-0.00365,0.02724,-0.46567
140.5,SYN.ETH-26MAR20,1585047542312,open,0.0,0.0015,0.0875,0.043138,144.87,None,0.0,ETH-26MAR20-140-C,140.62,130.35,0.039,250.0,0.0535,250.0,181.25,0.04003,-1.54596,0.00355,0.02724,0.53433
140.5,SYN.ETH-26MAR20,1585047542312,open,0.0,0.0005,0.0665,0.027709,159.07,None,0.0,ETH-26MAR20-135-P,140.62,139.11,0.0225,270.0,0.033,270.0,179.03,0.03698,-1.56823,-0.00267,0.02292,-0.34196
140.5,SYN.ETH-26MAR20,1585047542312,open,0.0,0.055,0.166,0.119419,162.63,None,0.0,ETH-26MAR20-125-C,140.62,0.0,0.0965,23.0,0.1515,23.0,316.45,0.02289,-0.99226,0.00532,0.01387,0.85563
140.44,SYN.ETH-3APR20,1585047542313,open,0.02,108.0,0.002,0.0555,0.021687,147.24,0.0105,0.0,ETH-3APR20-180-C,140.62,140.93,0.019,296.0,0.024,280.0,152.45,0.06127,-0.45672,0.00613,0.0078,0.1831
140.5,SYN.ETH-26MAR20,1585047542312,open,0.0,0.0005,0.0675,0.031443,157.33,None,0.0,ETH-26MAR20-145-C,140.62,135.89,0.0255,266.0,0.037,266.0,177.16,0.03919,-1.64362,0.00275,0.02456,0.41168
140.5,SYN.ETH-26MAR20,1585047542313,open,1.0,0.02,0.149,0.089034,161.84,0.058,0.0,ETH-26MAR20-150-P,140.62,0.0,0.058,21.0,0.114,21.0,255.52,0.03535,-1.52508,-0.00565,0.02153,-0.69359
140.41,SYN.ETH-24APR20,1585047542313,open,0.0,3908.0,0.0005,0.018,0.003301,160.29,0.0015,0.0,ETH-24APR20-400-C,140.62,150.31,0.002,630.0,0.005,403.0,169.9,0.0215,-0.05581,0.00223,0.0008,0.02208
140.55,SYN.ETH-25MAR20,1585047542313,open,0.11,0.0,0.0115,0.1405,0.072547,130.33,None,0.0,ETH-25MAR20-150-P,140.62,0.0,0.0005,5.0,0.0,0.0,0.0,0.01686,-1.0989,-0.00307,0.0273,-0.83835
140.41,SYN.ETH-24APR20,1585047542334,open,0.26,77.0,0.2285,0.3095,0.273856,136.54,0.208,0.0,ETH-24APR20-110-C,140.62,97.52,0.2435,9.0,0.4,4.0,277.79,0.11705,-0.25882,0.06154,0.00514,0.79195
6752.64,BTC-25SEP20,1585047542340,open,0.17,395.0,0.1,0.239,0.17662584,108.52,0.182,0.0,BTC-25SEP20-10000-C,6746.27,106.52,0.171,35.1,0.1805,26.9,109.89,19.02968,-5.58494,9.39621,8e-05,0.45135
141.06,ETH-25SEP20,1585047542342,open,0.45,91.0,0.3135,0.5275,0.42285,119.74,0.4265,0.0,ETH-25SEP20-160-P,140.62,106.9,0.3875,129.0,0.4695,129.0,137.03,0.3853,-0.12477,-0.58106,0.00319,-0.39041
140.35,ETH-26JUN20,1585047542343,open,0.27,526.0,0.1625,0.33,0.250133,126.54,0.245,0.0,ETH-26JUN20-140-P,140.62,123.61,0.2445,210.0,0.2565,207.0,129.86,0.26937,-0.18155,-0.22482,0.0042,-0.37268
140.41,SYN.ETH-24APR20,1585047542356,open,0.26,77.0,0.2285,0.3095,0.273856,136.54,0.208,0.0,ETH-24APR20-110-C,140.62,98.23,0.244,9.0,0.4,4.0,277.79,0.11705,-0.25882,0.06154,0.00514,0.79195
140.41,SYN.ETH-24APR20,1585047542364,open,0.21,224.0,0.18,0.268,0.228571,135.35,0.202,0.0,ETH-24APR20-120-C,140.62,69.91,0.169,70.0,0.4265,40.0,338.19,0.13642,-0.29901,0.05889,0.00604,0.72436
140.41,SYN.ETH-24APR20,1585047542373,open,0.21,224.0,0.18,0.268,0.228576,135.35,0.202,0.0,ETH-24APR20-120-C,140.62,69.91,0.169,110.0,0.4265,40.0,338.19,0.13642,-0.29901,0.05889,0.00604,0.72436
6753.11,BTC-25SEP20,1585047542441,open,0.44,181.5,0.316,0.526,0.42496688,107.38,0.465,0.0,BTC-25SEP20-8000-P,6746.74,104.54,0.417,5.2,0.434,4.8,110.61,18.92873,-5.49705,-29.45931,8e-05,-0.43629
6753.11,BTC-25SEP20,1585047542441,open,0.03,259.1,0.0055,0.057,0.0265259,115.37,0.026,0.0,BTC-25SEP20-28000-C,6746.74,114.06,0.025,39.0,0.028,0.1,116.6,8.00708,-2.49842,2.27932,3e-05,0.09316
6738.66,BTC-27MAR20,1585047542442,open,4.16,0.0,3.7605,4.3675,4.04586543,500.0,None,0.0,BTC-27MAR20-34000-P,6746.74,0.0,0.0,0.0,0.0,0.0,0.0,0.00677,-0.58846,-2.67858,0.0,-0.99969
6738.66,BTC-27MAR20,1585047542442,open,5.08,0.8,4.6005,5.315,4.93631227,500.0,5.8915,0.0,BTC-27MAR20-40000-P,6746.74,0.0,0.0,0.0,0.0,0.0,0.0,0.00181,-0.157,-3.15141,0.0,-0.99993
6753.11,BTC-25SEP20,1585047542443,open,0.07,508.4,0.0295,0.1295,0.07908234,110.32,0.0605,0.0,BTC-25SEP20-16000-C,6746.74,108.69,0.0755,49.1,0.0825,6.4,111.86,14.94414,-4.45895,5.50734,6e-05,0.24009
6738.66,BTC-27MAR20,1585047542445,open,1.28,2.0,1.1005,1.368,1.22613209,303.67,0.4565,0.0,BTC-27MAR20-15000-P,6746.74,0.0,0.778,2.5,1.6785,2.5,500.0,0.04303,-2.27208,-1.18066,0.0,-0.9977
6738.66,BTC-27MAR20,1585047542509,open,0.09,1181.5,0.0165,0.1415,0.07619473,151.46,0.0785,0.0,BTC-27MAR20-7000-P,6746.74,142.21,0.073,28.7,0.078,0.4,156.68,2.33129,-61.39544,-0.35126,0.00043,-0.58543
6737.28,SYN.BTC-3APR20,1585047542511,open,0.07,21.5,0.031,0.137,0.0865796,133.51,0.082,0.0,BTC-3APR20-6750-C,6746.74,128.8,0.0835,41.5,0.0895,20.5,137.99,4.39853,-29.73268,0.8271,0.00027,0.54031
6737.28,SYN.BTC-3APR20,1585047542513,open,0.04,81.6,0.0095,0.0925,0.04851197,136.75,0.051,0.0,BTC-3APR20-7500-C,6746.74,133.47,0.0465,18.0,0.0505,11.0,139.98,4.13725,-28.64476,0.56382,0.00025,0.35781
6737.28,SYN.BTC-3APR20,1585047542515,open,0.07,21.5,0.031,0.137,0.0865796,133.51,0.082,0.0,BTC-3APR20-6750-C,6746.74,128.8,0.0835,41.6,0.0895,20.5,137.99,4.39853,-29.73268,0.8271,0.00027,0.54031
6734.55,SYN.BTC-24APR20,1585047542515,open,0.19,226.9,0.1335,0.2505,0.19858169,125.91,0.187,0.0,BTC-24APR20-6000-C,6746.74,121.92,0.1945,10.0,0.2,27.4,127.29,6.90118,-14.07107,2.8048,0.00014,0.69093
6734.55,SYN.BTC-24APR20,1585047542527,open,0.1,392.5,0.0395,0.143,0.08953302,125.93,0.09,0.0,BTC-24APR20-6000-P,6746.74,123.94,0.0875,6.0,0.092,56.5,128.34,6.90126,-14.07372,-2.27083,0.00014,-0.30908
