underlying_price,underlying_index,timestamp,state,settlement_price,open_interest,min_price,max_price,mark_price,mark_iv,last_price,interest_rate,instrument_name,index_price,bid_iv,best_bid_price,best_bid_amount,best_ask_price,best_ask_amount,ask_iv,vega,theta,rho,gamma,delta
178.31,SYN.ETH-7FEB20,1580295540018,open,0.0,1266.0,0.001,0.014,0.003121,82.8,0.003,0.0,ETH-7FEB20-220-C,177.58,75.94,0.002,950.0,0.004,330.0,87.28,0.03272,-0.15262,0.00243,0.00511,0.05907
9667.44,BTC-27MAR20,1580295540286,open,0.02,1261.4,0.006,0.0395,0.01713397,73.5,0.018,0.0,BTC-27MAR20-14000-C,9399.2,72.75,0.0165,4.0,0.0175,17.0,73.93,8.21318,-5.21538,1.7548,8e-05,0.13161
9667.44,BTC-27MAR20,1580295540296,open,0.03,688.4,0.0145,0.0545,0.03027811,63.66,0.03,0.0,BTC-27MAR20-8000-P,9399.2,62.48,0.029,17.0,0.0315,94.5,64.79,10.48618,-5.76746,-3.39469,0.00011,-0.19118
9537.78,SYN.BTC-28FEB20,1580295540299,open,0.05,534.8,0.0275,0.0755,0.04849675,60.03,0.047,0.0,BTC-28FEB20-10000-C,9399.2,58.69,0.047,16.7,0.0495,16.0,60.93,10.69202,-10.74266,2.93761,0.00024,0.42479
9537.78,SYN.BTC-28FEB20,1580295540301,open,0.03,108.7,0.0165,0.059,0.03401945,61.64,0.0345,0.0,BTC-28FEB20-10500-C,9399.2,60.15,0.0325,37.8,0.035,25.0,62.59,9.80725,-10.11707,2.2629,0.00021,0.32389
9408.02,SYN.BTC-31JAN20,1580295540303,open,0.0,335.3,0.0005,0.0215,0.00528064,61.41,0.004,0.0,BTC-31JAN20-9750-C,9399.2,57.59,0.0045,50.7,0.006,51.4,64.78,1.97081,-32.26144,0.10141,0.00071,0.21504
9884.23,BTC-26JUN20,1580295540305,open,0.11,476.3,0.072,0.1555,0.10852331,70.79,0.105,0.0,BTC-26JUN20-12000-C,9399.2,69.78,0.106,37.2,0.111,41.4,71.78,24.67032,-5.86564,12.54035,9e-05,0.41959
9884.23,BTC-26JUN20,1580295540306,open,0.27,222.4,0.235,0.3095,0.26945179,68.46,0.2655,0.0,BTC-26JUN20-8000-C,9399.2,65.96,0.2645,15.0,0.271,18.0,69.23,19.67897,-4.52466,19.72638,7e-05,0.75877
9884.23,BTC-26JUN20,1580295540310,open,0.08,243.3,0.05,0.1175,0.07882187,68.44,0.078,0.0,BTC-26JUN20-8000-P,9399.2,66.78,0.0755,43.5,0.08,17.5,69.04,19.67814,-4.52344,-12.9019,7e-05,-0.24121
10057.1,SYN.BTC-25SEP20,1580295540314,open,0.27,106.7,0.2265,0.3195,0.26910795,70.34,0.273,0.0,BTC-25SEP20-9000-C,9399.2,67.88,0.262,19.0,0.272,19.0,71.34,28.98845,-4.25051,27.44364,6e-05,0.68434
10057.1,SYN.BTC-25SEP20,1580295540319,open,0.23,115.8,0.182,0.28,0.22665371,70.34,0.226,0.0,BTC-25SEP20-10000-C,9399.2,68.84,0.222,8.1,0.231,19.0,71.74,31.13991,-4.56593,25.7358,7e-05,0.61605
9408.02,SYN.BTC-31JAN20,1580295540379,open,0.0,335.3,0.0005,0.0215,0.00528049,61.41,0.004,0.0,BTC-31JAN20-9750-C,9399.2,57.59,0.0045,23.7,0.006,51.4,64.78,1.97081,-32.26144,0.10141,0.00071,0.21504
9440.46,SYN.BTC-7FEB20,1580295540381,open,0.01,166.8,0.0005,0.028,0.00873161,55.54,0.009,0.0,BTC-7FEB20-8750-P,9399.2,53.73,0.008,69.1,0.0095,40.3,57.41,3.84578,-12.03333,-0.43035,0.00032,-0.17873
9537.78,SYN.BTC-28FEB20,1580295540383,open,0.03,108.7,0.0165,0.059,0.03401854,61.64,0.0345,0.0,BTC-28FEB20-10500-C,9399.2,60.15,0.0325,17.8,0.035,25.0,62.59,9.80725,-10.11707,2.2629,0.00021,0.32389
9884.23,BTC-26JUN20,1580295540385,open,0.11,476.3,0.072,0.1555,0.10852322,70.79,0.105,0.0,BTC-26JUN20-12000-C,9399.2,69.78,0.106,23.2,0.111,41.4,71.78,24.67032,-5.86564,12.54035,9e-05,0.41959
10057.1,SYN.BTC-25SEP20,1580295540391,open,0.27,106.7,0.2265,0.3195,0.26910749,70.34,0.273,0.0,BTC-25SEP20-9000-C,9399.2,67.88,0.262,8.0,0.272,19.0,71.34,28.98845,-4.25051,27.44364,6e-05,0.68434
9407.89,SYN.BTC-31JAN20,1580295540425,open,0.07,415.4,0.0515,0.093,0.07156707,70.32,0.0675,0.0,BTC-31JAN20-8750-C,9399.2,63.92,0.071,0.8,0.075,3.3,96.52,0.92227,-17.28799,0.4142,0.00029,0.92831
182.33,ETH-27MAR20,1580295540456,open,0.0,13628.0,0.001,0.011,0.001188,115.03,0.001,0.0,ETH-27MAR20-600-C,177.58,0.0,0.0,0.0,0.003,950.0,128.23,0.01741,-0.0173,0.00222,0.00029,0.00886
180.03,SYN.ETH-28FEB20,1580295540477,open,0.02,320.0,0.006,0.04,0.019328,72.02,0.02,0.0,ETH-28FEB20-150-P,177.58,70.11,0.018,1161.0,0.021,217.0,74.38,0.12604,-0.15192,-0.02663,0.0066,-0.1614
187.63,ETH-26JUN20,1580295540480,open,2.42,0.0,2.316,2.548,2.425014,102.94,None,0.0,ETH-26JUN20-640-P,177.58,0.0,0.01,50.0,0.0,0.0,0.0,0.14659,-0.05068,-2.57367,0.00099,-0.93793
178.31,SYN.ETH-7FEB20,1580295540485,open,0.08,0.0,0.05,0.123,0.085324,70.36,None,0.0,ETH-7FEB20-190-P,177.58,58.3,0.079,200.0,0.086,200.0,71.6,0.0967,-0.3833,-0.03404,0.01778,-0.69984
178.31,SYN.ETH-7FEB20,1580295540485,open,0.22,0.0,0.191,0.241,0.216288,83.74,None,0.0,ETH-7FEB20-140-C,177.58,0.0,0.214,1.0,0.228,52.0,140.47,0.01764,-0.08322,0.03279,0.00273,0.97242
187.63,ETH-26JUN20,1580295540488,open,1.79,0.0,1.699,1.902,1.794599,99.25,None,0.0,ETH-26JUN20-520-P,177.58,0.0,0.01,50.0,0.0,0.0,0.0,0.20772,-0.06924,-2.06346,0.00146,-0.90167
187.63,ETH-26JUN20,1580295540500,open,2.0,0.0,1.905,2.117,2.003907,100.47,None,0.0,ETH-26JUN20-560-P,177.58,0.0,0.01,50.0,0.0,0.0,0.0,0.18364,-0.06197,-2.23516,0.00127,-0.91671
180.03,SYN.ETH-28FEB20,1580295540502,open,0.11,645.0,0.075,0.142,0.108444,69.9,0.092,0.0,ETH-28FEB20-170-C,177.58,68.54,0.107,164.0,0.113,240.0,74.2,0.19068,-0.22308,0.07988,0.01028,0.65051
180.03,SYN.ETH-28FEB20,1580295540520,open,0.5,20.0,0.485,0.516,0.500561,99.11,0.328,0.0,ETH-28FEB20-90-C,177.58,0.0,0.5,1.0,0.507,45.0,151.06,0.00724,-0.01201,0.07288,0.00028,0.99516
180.03,SYN.ETH-28FEB20,1580295540520,open,0.39,5.0,0.371,0.412,0.391452,92.16,0.229,0.0,ETH-28FEB20-110-C,177.58,46.42,0.389,1.0,0.399,39.0,123.08,0.02779,-0.04286,0.08633,0.00114,0.97727
190.89,SYN.ETH-25SEP20,1580295540522,open,0.46,0.0,0.414,0.499,0.457476,88.69,0.359,0.0,ETH-25SEP20-120-C,177.58,70.83,0.424,51.0,0.476,51.0,98.06,0.37252,-0.06886,0.48315,0.00175,0.84259
187.63,ETH-26JUN20,1580295540536,open,0.19,2576.0,0.137,0.242,0.189834,85.13,0.189,0.0,ETH-26JUN20-200-C,177.58,83.21,0.185,534.0,0.195,265.0,87.18,0.47239,-0.13506,0.28432,0.00386,0.56135
178.31,SYN.ETH-7FEB20,1580295540536,open,0.07,172.0,0.037,0.099,0.06874,68.07,0.063,0.0,ETH-7FEB20-170-C,177.58,63.03,0.066,710.0,0.072,80.0,73.97,0.09776,-0.37487,0.02704,0.01858,0.69238
178.31,SYN.ETH-7FEB20,1580295540536,open,0.01,777.0,0.001,0.029,0.010151,73.7,0.009,0.0,ETH-7FEB20-200-C,177.58,70.76,0.009,270.0,0.012,565.0,78.2,0.07122,-0.29567,0.00707,0.0125,0.17324
177.73,SYN.ETH-31JAN20,1580295540538,open,0.0,3452.0,0.001,0.013,0.001477,98.63,0.002,0.0,ETH-31JAN20-200-C,177.58,91.59,0.001,330.0,0.002,650.0,105.01,0.01338,-0.26253,0.00045,0.00836,0.05114
190.89,SYN.ETH-25SEP20,1580295540538,open,0.23,398.0,0.169,0.291,0.231163,88.57,0.227,0.0,ETH-25SEP20-220-C,177.58,87.27,0.227,270.0,0.238,110.0,90.71,0.60939,-0.1125,0.41768,0.00287,0.5641
178.31,SYN.ETH-7FEB20,1580295540540,open,0.11,126.0,0.08,0.14,0.110767,68.19,0.112,0.0,ETH-7FEB20-160-C,177.58,62.92,0.109,80.0,0.116,80.0,81.88,0.06244,-0.23988,0.03241,0.01184,0.85814
182.33,ETH-27MAR20,1580295540544,open,0.19,1799.0,0.138,0.237,0.18617,79.7,0.19,0.0,ETH-27MAR20-200-P,177.58,77.05,0.182,164.0,0.193,164.0,84.03,0.28711,-0.19768,-0.21365,0.00683,-0.55282
182.33,ETH-27MAR20,1580295540544,open,2.07,0.0,1.983,2.173,2.073343,116.12,None,0.0,ETH-27MAR20-560-P,177.58,0.0,0.02,50.0,0.0,0.0,0.0,0.02601,-0.02609,-0.88447,0.00042,-0.98594
178.31,SYN.ETH-7FEB20,1580295540546,open,0.02,637.0,0.004,0.044,0.019806,70.46,0.018,0.0,ETH-7FEB20-190-C,177.58,67.1,0.018,270.0,0.022,1199.0,74.46,0.09674,-0.38397,0.01217,0.01776,0.30045
178.31,SYN.ETH-7FEB20,1580295540548,open,0.02,3254.0,0.005,0.048,0.022099,67.98,0.023,0.0,ETH-7FEB20-170-P,177.58,60.41,0.018,269.0,0.022,265.0,67.8,0.09774,-0.37433,-0.01429,0.0186,-0.30745
187.63,ETH-26JUN20,1580295540552,open,0.19,411.0,0.136,0.248,0.190612,85.32,0.248,0.0,ETH-26JUN20-180-P,177.58,82.98,0.185,540.0,0.2,418.0,89.24,0.44987,-0.1289,-0.4242,0.00367,-0.36368
182.33,ETH-27MAR20,1580295540552,open,0.19,3364.0,0.149,0.226,0.18835,78.93,0.187,0.0,ETH-27MAR20-160-C,177.58,75.7,0.184,144.0,0.19,50.0,80.16,0.24582,-0.16763,0.15273,0.00591,0.71661
190.89,SYN.ETH-25SEP20,1580295540552,open,0.3,366.0,0.242,0.359,0.302141,88.68,0.289,0.0,ETH-25SEP20-180-C,177.58,85.23,0.292,337.0,0.308,120.0,90.68,0.56012,-0.10354,0.46208,0.00264,0.67046
177.73,SYN.ETH-31JAN20,1580295540552,open,0.03,548.0,0.003,0.058,0.025965,65.71,0.029,0.0,ETH-31JAN20-180-P,177.58,51.28,0.022,180.0,0.026,650.0,65.84,0.04932,-0.86392,-0.00569,0.04624,-0.59693
182.33,ETH-27MAR20,1580295540554,open,2.28,0.0,2.196,2.397,2.292106,116.83,None,0.0,ETH-27MAR20-600-P,177.58,0.0,0.03,50.0,0.0,0.0,0.0,0.01928,-0.01946,-0.9489,0.00031,-0.99004
190.89,SYN.ETH-25SEP20,1580295540554,open,0.18,183.0,0.129,0.243,0.184455,88.66,0.198,0.0,ETH-25SEP20-160-P,177.58,84.42,0.173,464.0,0.183,313.0,88.12,0.51412,-0.09502,-0.57338,0.00242,-0.27259
180.03,SYN.ETH-28FEB20,1580295540554,open,0.0,830.0,0.001,0.012,0.002438,92.05,0.003,0.0,ETH-28FEB20-110-P,177.58,89.03,0.002,650.0,0.003,270.0,95.48,0.02768,-0.04264,-0.00369,0.00113,-0.02262
178.31,SYN.ETH-7FEB20,1580295540554,open,0.16,83.0,0.134,0.19,0.162183,75.63,0.145,0.0,ETH-7FEB20-150-C,177.58,0.0,0.158,1.0,0.18,51.0,132.41,0.03469,-0.1478,0.03357,0.00593,0.93634
178.31,SYN.ETH-7FEB20,1580295540554,open,0.0,579.0,0.001,0.014,0.003382,75.43,0.004,0.0,ETH-7FEB20-150-P,177.58,73.4,0.003,650.0,0.004,330.0,78.49,0.03449,-0.14654,-0.00289,0.00591,-0.06318
180.03,SYN.ETH-28FEB20,1580295540554,open,0.02,418.0,0.007,0.045,0.022589,75.38,0.025,0.0,ETH-28FEB20-220-C,177.58,73.41,0.021,508.0,0.024,397.0,77.1,0.14659,-0.18494,0.02697,0.00733,0.20559
190.89,SYN.ETH-25SEP20,1580295540556,open,0.05,188.0,0.026,0.081,0.050367,88.73,0.116,0.0,ETH-25SEP20-100-P,177.58,86.41,0.047,435.0,0.053,171.0,90.52,0.27966,-0.05172,-0.19379,0.00132,-0.10411
187.63,ETH-26JUN20,1580295540560,open,0.03,806.0,0.012,0.051,0.027823,89.5,0.031,0.0,ETH-26JUN20-100-P,177.58,86.54,0.025,516.0,0.031,597.0,92.7,0.18275,-0.05493,-0.08462,0.00142,-0.08275
178.31,SYN.ETH-7FEB20,1580295540560,open,0.04,1767.0,0.013,0.066,0.037933,68.04,0.034,0.0,ETH-7FEB20-180-C,177.58,63.32,0.035,205.0,0.041,1111.0,72.97,0.11086,-0.4249,0.01941,0.02107,0.48566
178.31,SYN.ETH-7FEB20,1580295540560,open,0.01,286.0,0.001,0.025,0.008046,68.07,0.008,0.0,ETH-7FEB20-160-P,177.58,65.0,0.007,650.0,0.009,301.0,70.75,0.06233,-0.23901,-0.00648,0.01184,-0.14147
182.33,ETH-27MAR20,1580295540562,open,2.5,0.0,2.409,2.622,2.511095,117.73,None,0.0,ETH-27MAR20-640-P,177.58,0.0,0.01,50.0,0.0,0.0,0.0,0.01462,-0.01487,-1.01299,0.00024,-0.99274
190.89,SYN.ETH-25SEP20,1580295540562,open,0.4,23.0,0.347,0.446,0.397764,88.68,0.327,0.0,ETH-25SEP20-140-C,177.58,72.13,0.359,51.0,0.42,51.0,98.06,0.45161,-0.08348,0.48638,0.00213,0.78546
180.03,SYN.ETH-28FEB20,1580295540562,open,0.11,146.0,0.076,0.154,0.114146,71.38,0.144,0.0,ETH-28FEB20-190-P,177.58,65.91,0.108,164.0,0.115,144.0,72.14,0.20281,-0.24228,-0.09997,0.01071,-0.56426
187.63,ETH-26JUN20,1580295540566,open,0.13,1678.0,0.088,0.184,0.133708,85.42,0.145,0.0,ETH-26JUN20-160-P,177.58,82.79,0.128,536.0,0.14,444.0,88.31,0.40758,-0.11692,-0.32129,0.00332,-0.28611
177.73,SYN.ETH-31JAN20,1580295540566,open,0.0,2697.0,0.001,0.018,0.003063,76.44,0.003,0.0,ETH-31JAN20-190-C,177.58,68.2,0.002,330.0,0.004,650.0,82.73,0.02502,-0.50989,0.00104,0.02017,0.11692
187.63,ETH-26JUN20,1580295540568,open,0.41,318.0,0.374,0.448,0.411375,86.38,0.379,0.0,ETH-26JUN20-120-C,177.58,63.22,0.382,47.0,0.435,47.0,102.39,0.26507,-0.0769,0.34431,0.00214,0.86127
187.63,ETH-26JUN20,1580295540568,open,0.09,1315.0,0.051,0.128,0.086951,85.78,0.125,0.0,ETH-26JUN20-140-P,177.58,82.53,0.081,625.0,0.093,460.0,89.06,0.34479,-0.09933,-0.22681,0.0028,-0.20942
9440.3,SYN.BTC-7FEB20,1580295540581,open,0.18,0.0,0.163,0.201,0.18096787,74.39,None,0.0,BTC-7FEB20-7750-C,9399.2,0.0,0.179,0.1,0.187,13.0,103.99,1.25064,-5.24095,1.78994,8e-05,0.96069
9884.05,BTC-26JUN20,1580295540590,open,0.02,58.2,0.007,0.05,0.02101209,82.05,0.021,0.0,BTC-26JUN20-22000-C,9399.2,81.15,0.02,14.0,0.022,20.0,82.9,11.31574,-3.11822,3.30349,3e-05,0.10295
9667.15,BTC-27MAR20,1580295540596,open,0.38,0.0,0.332,0.413,0.3688513,70.36,None,0.0,BTC-27MAR20-13000-P,9399.2,0.0,0.315,3.0,0.4155,3.0,107.34,10.0843,-6.1298,-18.23065,0.0001,-0.82047
9537.56,SYN.BTC-28FEB20,1580295540596,open,0.01,961.8,0.0005,0.0215,0.00844052,66.86,0.0085,0.0,BTC-28FEB20-7500-P,9399.2,65.89,0.008,2.0,0.009,48.7,68.07,4.36425,-4.88357,-0.75428,9e-05,-0.08818
9883.89,BTC-26JUN20,1580295540598,open,0.01,101.6,0.0005,0.031,0.01004874,90.27,0.0085,0.0,BTC-26JUN20-30000-C,9399.2,89.43,0.0095,14.0,0.0105,20.0,90.94,6.58821,-1.99737,1.64092,2e-05,0.05075
10056.55,SYN.BTC-25SEP20,1580295540598,open,1.83,0.0,1.7435,1.905,1.81557758,83.79,None,0.0,BTC-25SEP20-28000-P,9399.2,0.0,0.0,0.0,0.0,0.0,0.0,16.44568,-2.87231,-178.05845,3e-05,-0.87856
9407.89,SYN.BTC-31JAN20,1580295540600,open,0.0,790.5,0.0005,0.0105,0.00026364,94.58,0.001,0.0,BTC-31JAN20-11000-C,9399.2,0.0,0.0,0.0,0.0005,1.0,103.25,0.20363,-2.48033,0.00545,5e-05,0.01154
9667.15,BTC-27MAR20,1580295540604,open,0.57,0.0,0.5265,0.6095,0.56403983,76.25,None,0.0,BTC-27MAR20-15000-P,9399.2,0.0,0.5105,3.0,0.611,3.0,122.11,6.6387,-4.37307,-22.47782,6e-05,-0.90236
9667.15,BTC-27MAR20,1580295540617,open,0.53,2.0,0.5255,0.5485,0.53594837,90.18,0.522,0.0,BTC-27MAR20-4500-C,9399.2,0.0,0.5275,13.0,0.5385,13.0,106.33,1.06839,-0.83239,6.95268,1e-05,0.98952
9883.89,BTC-26JUN20,1580295540617,open,0.02,371.6,0.0105,0.0455,0.02367614,70.88,0.0245,0.0,BTC-26JUN20-6000-P,9399.2,69.75,0.0225,20.0,0.025,70.0,72.13,10.41318,-2.47891,-4.6605,4e-05,-0.09193
9667.15,BTC-27MAR20,1580295540617,open,0.0,306.9,0.0005,0.0105,0.00072364,118.74,0.001,0.0,BTC-27MAR20-36000-C,9399.2,114.65,0.0005,18.1,0.001,50.0,122.65,0.6036,-0.61921,0.07286,0.0,0.00548
10056.55,SYN.BTC-25SEP20,1580295540617,open,2.23,0.0,2.1295,2.3005,2.20615557,86.16,None,0.0,BTC-25SEP20-32000-P,9399.2,0.0,0.0,0.0,0.0,0.0,0.0,13.82608,-2.48302,-205.59044,2e-05,-0.90456
10056.55,SYN.BTC-25SEP20,1580295540619,open,0.07,75.4,0.041,0.1255,0.07508211,76.42,0.073,0.0,BTC-25SEP20-18000-C,9399.2,75.82,0.0735,18.9,0.0765,1.0,76.95,26.67041,-4.2482,12.50949,5e-05,0.26436
9407.89,SYN.BTC-31JAN20,1580295540619,open,0.01,769.2,0.001,0.031,0.011389,55.0,0.01,0.0,BTC-31JAN20-9500-C,9399.2,53.6,0.011,2.9,0.012,18.0,57.19,2.62184,-38.43744,0.19274,0.00105,0.41005
10056.55,SYN.BTC-25SEP20,1580295540619,open,0.02,351.7,0.01,0.042,0.02171688,71.2,0.0265,0.0,BTC-25SEP20-5000-P,9399.2,70.03,0.0205,20.0,0.023,36.3,72.4,10.57033,-1.56868,-5.85675,2e-05,-0.0669
10056.55,SYN.BTC-25SEP20,1580295540619,open,0.01,98.4,0.0005,0.0235,0.01042671,74.93,0.011,0.0,BTC-25SEP20-4000-P,9399.2,74.23,0.01,10.0,0.011,31.7,75.85,6.19126,-0.96698,-2.95399,1e-05,-0.03427
9883.89,BTC-26JUN20,1580295540637,open,0.41,69.7,0.3945,0.444,0.41664858,70.9,0.4,0.0,BTC-26JUN20-6000-C,9399.2,42.03,0.3955,14.0,0.4295,14.0,82.16,10.41657,-2.48042,19.80974,4e-05,0.90803
9537.56,SYN.BTC-28FEB20,1580295540640,open,0.23,0.0,0.1925,0.259,0.22312552,65.79,None,0.0,BTC-28FEB20-11500-P,9399.2,0.0,0.0,0.0,0.0,0.0,0.0,7.26079,-7.99463,-8.11151,0.00015,-0.81593
9883.89,BTC-26JUN20,1580295540644,open,0.5,0.0,0.4895,0.5265,0.50567161,74.85,None,0.0,BTC-26JUN20-5000-C,9399.2,0.0,0.4905,10.0,0.513,10.0,85.05,6.30137,-1.58409,17.99342,2e-05,0.952
10056.55,SYN.BTC-25SEP20,1580295540646,open,0.02,98.7,0.0085,0.0585,0.02432269,86.28,0.024,0.0,BTC-25SEP20-32000-C,9399.2,85.68,0.0235,12.0,0.025,20.0,86.77,13.87923,-2.49621,4.73302,2e-05,0.09594
9667.15,BTC-27MAR20,1580295540651,open,0.48,1.7,0.473,0.5,0.48523354,85.59,0.4705,0.0,BTC-27MAR20-5000-C,9399.2,0.0,0.475,12.0,0.488,12.0,98.09,1.67615,-1.23944,7.62002,1e-05,0.98235
9667.15,BTC-27MAR20,1580295540651,open,0.28,66.3,0.2405,0.3205,0.27710561,67.7,0.2925,0.0,BTC-27MAR20-12000-P,9399.2,0.0,0.2215,3.0,0.322,3.0,99.67,12.29317,-7.18961,-15.70817,0.00012,-0.74766
9667.15,BTC-27MAR20,1580295540651,open,0.0,899.7,0.0005,0.0105,0.00035977,118.9,0.0005,0.0,BTC-27MAR20-40000-C,9399.2,0.0,0.0,0.0,0.0005,30.0,122.42,0.33788,-0.34706,0.0384,0.0,0.00286
9407.89,SYN.BTC-31JAN20,1580295540651,open,0.1,0.0,0.0685,0.1175,0.09103433,77.32,None,0.0,BTC-31JAN20-10250-P,9399.2,0.0,0.0395,5.0,0.14,5.0,295.61,0.84889,-17.49723,-0.49634,0.00024,-0.93561
9883.89,BTC-26JUN20,1580295540665,open,1.66,0.0,1.584,1.718,1.64443402,86.31,None,0.0,BTC-26JUN20-26000-P,9399.2,0.0,0.0005,1.0,0.0,0.0,0.0,8.43563,-2.4453,-103.80367,2e-05,-0.93043
9667.15,BTC-27MAR20,1580295540665,open,2.54,0.0,2.4485,2.593,2.51768406,112.64,None,0.0,BTC-27MAR20-34000-P,9399.2,0.0,0.0,0.0,0.0,0.0,0.0,0.55125,-0.53643,-53.84527,0.0,-0.99505
9883.89,BTC-26JUN20,1580295540665,open,1.46,0.0,1.387,1.5165,1.44509867,84.26,None,0.0,BTC-26JUN20-24000-P,9399.2,0.0,0.0005,1.0,0.0,0.0,0.0,9.7249,-2.75209,-95.19103,3e-05,-0.91613
9407.89,SYN.BTC-31JAN20,1580295540665,open,0.0,402.1,0.0005,0.0105,4.085e-05,95.15,0.0005,0.0,BTC-31JAN20-7750-P,9399.2,0.0,0.0,0.0,0.0005,21.7,127.28,0.043,-0.38434,-0.00099,1e-05,-0.00201
10056.55,SYN.BTC-25SEP20,1580295540673,open,0.03,93.0,0.012,0.0695,0.03147381,83.88,0.03,0.0,BTC-25SEP20-28000-C,9399.2,82.97,0.03,12.0,0.033,20.0,84.8,16.48499,-2.88237,5.97305,3e-05,0.12185
9667.15,BTC-27MAR20,1580295540680,open,0.0,163.3,0.0005,0.0105,0.00072404,114.38,0.001,0.0,BTC-27MAR20-34000-C,9399.2,110.39,0.0005,33.3,0.001,37.5,118.18,0.62032,-0.61298,0.07547,0.0,0.00565
9667.15,BTC-27MAR20,1580295540680,open,0.0,1437.8,0.0005,0.0105,0.00071221,93.66,0.001,0.0,BTC-27MAR20-4000-P,9399.2,89.75,0.0005,106.0,0.001,1.0,97.83,0.5908,-0.47804,-0.09287,0.0,-0.00535
9537.56,SYN.BTC-28FEB20,1580295540689,open,0.01,521.3,0.004,0.0305,0.01367607,61.91,0.013,0.0,BTC-28FEB20-8000-P,9399.2,60.84,0.013,38.8,0.0145,53.8,63.19,6.06856,-6.28795,-1.19842,0.00013,-0.13984
9440.3,SYN.BTC-7FEB20,1580295540723,open,0.01,100.3,0.0005,0.0235,0.00763974,63.8,0.0095,0.0,BTC-7FEB20-10500-C,9399.2,62.04,0.007,26.0,0.008,24.0,64.76,3.49207,-12.55007,0.33586,0.00025,0.15395
9407.89,SYN.BTC-31JAN20,1580295540723,open,0.04,1186.5,0.0255,0.0685,0.04647054,58.83,0.048,0.0,BTC-31JAN20-9000-C,9399.2,55.82,0.046,0.8,0.0485,8.0,70.33,1.51436,-23.74738,0.39243,0.00057,0.85817
9883.89,BTC-26JUN20,1580295540739,open,0.33,130.2,0.308,0.3705,0.33656491,68.67,0.311,0.0,BTC-26JUN20-7000-C,9399.2,54.22,0.316,14.0,0.34,21.0,70.89,15.18388,-3.50198,20.4073,6e-05,0.84277
10056.55,SYN.BTC-25SEP20,1580295540739,open,0.06,165.0,0.0305,0.108,0.06040431,77.86,0.059,0.0,BTC-25SEP20-20000-C,9399.2,77.27,0.059,31.3,0.0615,1.0,78.32,24.11309,-3.91345,10.52035,5e-05,0.21958
9407.89,SYN.BTC-31JAN20,1580295540741,open,0.0,713.4,0.0005,0.0105,7.22e-06,95.26,0.0005,0.0,BTC-31JAN20-7500-P,9399.2,0.0,0.0,0.0,0.0005,20.0,145.88,0.00974,-0.06789,-0.0002,0.0,-0.0004
9883.89,BTC-26JUN20,1580295540750,open,0.01,108.3,0.002,0.034,0.01176521,88.41,0.0125,0.0,BTC-26JUN20-28000-C,9399.2,87.38,0.011,14.0,0.0125,40.0,89.37,7.4374,-2.20842,1.91091,2e-05,0.05917
9440.3,SYN.BTC-7FEB20,1580295540750,open,0.06,26.0,0.0325,0.0845,0.05433755,56.25,0.055,0.0,BTC-7FEB20-9750-P,9399.2,0.0,0.0195,7.0,0.0725,7.0,86.32,5.57231,-17.6572,-1.56427,0.00046,-0.62708
9537.56,SYN.BTC-28FEB20,1580295540756,open,0.18,0.0,0.147,0.213,0.1775235,63.7,None,0.0,BTC-28FEB20-11000-P,9399.2,0.0,0.132,4.2,0.246,2.0,129.2,8.56978,-9.13587,-7.28323,0.00018,-0.75543
9883.89,BTC-26JUN20,1580295540766,open,0.02,491.2,0.0055,0.0435,0.01698844,84.35,0.0175,0.0,BTC-26JUN20-24000-C,9399.2,83.33,0.016,14.0,0.018,62.5,85.36,9.75077,-2.76218,2.70846,3e-05,0.08417
9883.89,BTC-26JUN20,1580295540781,open,0.87,1.0,0.804,0.922,0.85680168,77.36,0.9,0.0,BTC-26JUN20-18000-P,9399.2,0.0,0.0,0.0,2.1,0.1,500.0,15.78947,-4.1025,-68.12473,5e-05,-0.83304
9537.56,SYN.BTC-28FEB20,1580295540783,open,0.03,337.9,0.01,0.045,0.02369038,59.33,0.0245,0.0,BTC-28FEB20-8500-P,9399.2,57.92,0.0225,38.6,0.0245,37.9,60.27,8.13409,-8.07642,-1.92278,0.00018,-0.22261
9407.89,SYN.BTC-31JAN20,1580295540783,open,0.0,291.2,0.0005,0.0105,9.6e-07,95.26,0.0005,0.0,BTC-31JAN20-7250-P,9399.2,0.0,0.0,0.0,0.0005,47.0,164.88,0.00163,-0.00899,-3e-05,0.0,-6e-05
10056.55,SYN.BTC-25SEP20,1580295540783,open,0.52,0.0,0.505,0.5495,0.52455549,71.22,None,0.0,BTC-25SEP20-5000-C,9399.2,47.51,0.5065,9.0,0.5365,9.0,81.62,10.57563,-1.57003,26.99828,2e-05,0.93306
10056.55,SYN.BTC-25SEP20,1580295540786,open,0.44,1.0,0.419,0.479,0.44609247,70.35,0.425,0.0,BTC-25SEP20-6000-C,9399.2,52.04,0.4205,8.0,0.4635,8.0,80.79,16.00809,-2.34754,28.88326,3e-05,0.88312
9407.89,SYN.BTC-31JAN20,1580295540796,open,0.0,797.2,0.0005,0.0105,3.17e-06,94.66,0.001,0.0,BTC-31JAN20-12000-C,9399.2,0.0,0.0,0.0,0.0005,20.0,150.22,0.0049,-0.02982,9e-05,0.0,0.00019
9537.56,SYN.BTC-28FEB20,1580295540796,open,0.1,0.2,0.0695,0.1295,0.0969578,60.02,0.1555,0.0,BTC-28FEB20-10000-P,9399.2,30.0,0.0645,5.0,0.113,0.3,74.24,10.69126,-10.73858,-5.2481,0.00024,-0.57531
9407.89,SYN.BTC-31JAN20,1580295540802,open,0.0,100.9,0.0005,0.0105,9.638e-05,94.6,0.0005,0.0,BTC-31JAN20-11250-C,9399.2,0.0,0.0,0.0,0.0005,20.0,115.65,0.09087,-0.90674,0.00219,2e-05,0.00462
9883.89,BTC-26JUN20,1580295540804,open,0.7,26.7,0.6885,0.708,0.69843433,88.89,0.68,0.0,BTC-26JUN20-3000-C,9399.2,0.0,0.691,13.0,0.7015,13.0,103.82,1.4688,-0.43851,11.81219,0.0,0.99144
9667.15,BTC-27MAR20,1580295540806,open,0.01,1320.9,0.0005,0.0165,0.00569156,75.66,0.007,0.0,BTC-27MAR20-6000-P,9399.2,75.11,0.0055,25.0,0.006,16.3,76.52,3.41622,-2.23299,-0.72301,3e-05,-0.04148
9883.89,BTC-26JUN20,1580295541220,open,0.18,173.4,0.138,0.231,0.17993344,68.43,0.181,0.0,BTC-26JUN20-10000-P,9398.91,65.86,0.1735,18.7,0.1845,15.6,70.26,24.72377,-5.68242,-24.34499,9e-05,-0.42395
9883.6,BTC-26JUN20,1580295541220,open,0.05,232.0,0.0245,0.075,0.04476373,68.65,0.0455,0.0,BTC-26JUN20-7000-P,9398.91,67.5,0.043,48.0,0.0465,37.3,69.78,15.18196,-3.50053,-8.14205,6e-05,-0.15721
9667.15,BTC-27MAR20,1580295541220,open,0.58,23.6,0.577,0.597,0.58695221,93.86,0.5755,0.0,BTC-27MAR20-4000-C,9398.91,0.0,0.586,1.0,0.593,14.0,133.75,0.59791,-0.48483,6.24837,0.0,0.99458
9667.15,BTC-27MAR20,1580295541220,open,1.08,5.2,1.0295,1.123,1.07257881,88.98,2.035,0.0,BTC-27MAR20-20000-P,9398.91,0.0,0.0,0.0,0.0,0.0,0.0,2.6501,-2.03727,-31.30328,2e-05,-0.96957
9883.6,BTC-26JUN20,1580295541221,open,0.05,278.6,0.0245,0.09,0.05022398,75.47,0.0495,0.0,BTC-26JUN20-16000-C,9398.91,74.57,0.0485,37.7,0.052,48.1,76.4,18.88884,-4.78791,7.01013,6e-05,0.22412
9667.15,BTC-27MAR20,1580295541221,open,0.67,1.2,0.6265,0.711,0.66461734,79.43,0.95,0.0,BTC-27MAR20-16000-P,9398.91,0.0,0.05,0.1,0.95,0.1,287.43,5.48624,-3.76485,-24.35629,5e-05,-0.92433
9666.86,BTC-27MAR20,1580295541221,open,0.0,268.9,0.0005,0.0105,0.00090862,112.27,0.001,0.0,BTC-27MAR20-32000-C,9398.91,105.84,0.0005,62.1,0.0015,43.0,118.51,0.75626,-0.73354,0.09436,0.0,0.00706
9666.86,BTC-27MAR20,1580295541221,open,0.01,163.5,0.0005,0.0215,0.00842446,71.11,0.0092,0.0,BTC-27MAR20-6500-P,9398.91,70.22,0.008,37.0,0.009,19.3,72.29,4.66845,-2.86815,-1.07015,4e-05,-0.06139
9883.6,BTC-26JUN20,1580295541221,open,0.03,1114.0,0.0105,0.059,0.02705726,79.87,0.0285,0.0,BTC-26JUN20-20000-C,9398.91,78.7,0.0255,38.0,0.0285,80.0,80.92,13.346,-3.57978,4.14589,4e-05,0.1299
9407.89,SYN.BTC-31JAN20,1580295541220,open,0.41,27.3,0.4035,0.4265,0.41539256,217.03,0.399,0.0,BTC-31JAN20-5500-C,9398.91,0.0,0.4075,18.0,0.42,18.0,445.16,0.00533,-0.30855,0.28253,0.0,0.99979
9666.86,BTC-27MAR20,1580295541223,open,0.38,22.1,0.369,0.404,0.38504384,75.74,0.354,0.0,BTC-27MAR20-6000-C,9398.91,60.42,0.381,14.5,0.3905,16.8,88.56,3.42561,-2.24147,8.78819,3e-05,0.95838
9666.86,BTC-27MAR20,1580295541224,open,1.71,0.0,1.637,1.751,1.69092826,99.8,None,0.0,BTC-27MAR20-26000-P,9398.91,0.0,0.0,0.0,0.0,0.0,0.0,1.11338,-0.95996,-41.07849,1e-05,-0.98902
9883.6,BTC-26JUN20,1580295541224,open,0.68,2.1,0.617,0.733,0.66896413,75.42,0.89,0.0,BTC-26JUN20-16000-P,9398.91,0.0,0.0,0.0,1.23,0.1,317.79,18.87612,-4.78126,-58.257,6e-05,-0.77615
9666.86,BTC-27MAR20,1580295541225,open,2.12,0.0,2.043,2.1715,2.10415101,105.28,None,0.0,BTC-27MAR20-30000-P,9398.91,0.0,0.0,0.0,0.0,0.0,0.0,0.68858,-0.62627,-47.48339,0.0,-0.99365
9666.86,BTC-27MAR20,1580295541225,open,1.29,5.6,1.232,1.3325,1.27857844,94.08,1.545,0.0,BTC-27MAR20-22000-P,9398.91,0.0,0.0,0.0,0.0,0.0,0.0,2.04639,-1.66329,-34.58394,1e-05,-0.97766
9883.6,BTC-26JUN20,1580295541225,open,1.06,0.1,0.9965,1.1175,1.05048245,79.77,1.85,0.0,BTC-26JUN20-20000-P,9398.91,0.0,0.0005,2.0,1.88,0.1,500.0,13.31651,-3.56759,-77.44134,4e-05,-0.87051
9666.86,BTC-27MAR20,1580295541225,open,1.91,0.0,1.84,1.9615,1.89761122,103.96,None,0.0,BTC-27MAR20-28000-P,9398.91,0.0,0.0,0.0,0.0,0.0,0.0,0.9435,-0.84737,-44.27564,1e-05,-0.99091
9440.3,SYN.BTC-7FEB20,1580295541224,open,0.28,0.0,0.2705,0.301,0.2853157,90.1,None,0.0,BTC-7FEB20-6750-C,9398.91,0.0,0.275,9.0,0.291,9.0,146.3,0.28658,-1.45465,1.62458,1e-05,0.99301
9407.89,SYN.BTC-31JAN20,1580295541221,open,0.12,0.0,0.0945,0.1435,0.11704068,85.71,None,0.0,BTC-31JAN20-10500-P,9398.91,0.0,0.065,5.0,0.1655,5.0,320.14,0.57498,-13.1366,-0.52096,0.00015,-0.96052
9440.3,SYN.BTC-7FEB20,1580295541223,open,0.31,0.0,0.2975,0.326,0.31161078,90.47,None,0.0,BTC-7FEB20-6500-C,9398.91,0.0,0.302,9.0,0.317,9.0,156.6,0.14696,-0.74894,1.57268,1e-05,0.99669
9537.56,SYN.BTC-28FEB20,1580295541220,open,0.01,919.1,0.0005,0.0155,0.0051626,72.1,0.0055,0.0,BTC-28FEB20-7000-P,9398.91,71.58,0.005,67.1,0.0055,24.0,73.15,3.01307,-3.63554,-0.46567,6e-05,-0.05449
9440.3,SYN.BTC-7FEB20,1580295541224,open,0.0,31.7,0.0005,0.0105,0.00088596,83.32,0.001,0.0,BTC-7FEB20-7250-P,9398.91,76.68,0.0005,92.3,0.0015,102.0,90.79,0.6519,-3.0598,-0.04337,4e-05,-0.01801
9440.3,SYN.BTC-7FEB20,1580295541220,open,0.0,1.0,0.0005,0.015,0.00330979,72.98,0.0035,0.0,BTC-7FEB20-11250-C,9398.91,71.45,0.003,26.0,0.004,102.5,76.16,1.95233,-8.02666,0.15054,0.00012,0.06889
9407.89,SYN.BTC-31JAN20,1580295541225,open,0.0,987.4,0.0005,0.016,0.0027266,69.43,0.003,0.0,BTC-31JAN20-10000-C,9398.91,63.85,0.002,87.5,0.003,30.0,71.36,1.30742,-24.19863,0.05418,0.00041,0.1148
9440.3,SYN.BTC-7FEB20,1580295541515,open,0.06,225.5,0.0415,0.0895,0.06184375,55.15,0.058,0.0,BTC-7FEB20-9000-C,9398.91,51.55,0.06,11.5,0.063,9.0,57.34,4.91031,-15.25666,1.52276,0.00041,0.7252
9440.3,SYN.BTC-7FEB20,1580295541517,open,0.01,166.8,0.0005,0.028,0.00873477,55.54,0.009,0.0,BTC-7FEB20-8750-P,9398.91,53.72,0.008,69.1,0.0095,66.3,57.4,3.84617,-12.03363,-0.43042,0.00032,-0.17877
9440.3,SYN.BTC-7FEB20,1580295541518,open,0.06,225.5,0.0415,0.0895,0.06184375,55.15,0.058,0.0,BTC-7FEB20-9000-C,9398.91,51.55,0.06,18.5,0.063,9.0,57.34,4.91031,-15.25666,1.52276,0.00041,0.7252
9537.56,SYN.BTC-28FEB20,1580295541520,open,0.03,108.7,0.0165,0.059,0.03401088,61.64,0.0345,0.0,BTC-28FEB20-10500-C,9398.91,60.16,0.0325,37.8,0.035,25.0,62.59,9.80651,-10.11657,2.26257,0.00021,0.32385
9407.89,SYN.BTC-31JAN20,1580295541521,open,0.0,335.3,0.0005,0.0215,0.00527732,61.42,0.004,0.0,BTC-31JAN20-9750-C,9398.91,57.61,0.0045,50.7,0.006,51.4,64.79,1.97043,-32.25901,0.10138,0.00071,0.21497
9883.6,BTC-26JUN20,1580295541523,open,0.11,476.3,0.072,0.1555,0.10850338,70.8,0.105,0.0,BTC-26JUN20-12000-C,9398.91,69.78,0.106,37.2,0.111,41.4,71.79,24.66819,-5.86541,12.53828,9e-05,0.41955
10056.55,SYN.BTC-25SEP20,1580295541527,open,0.27,106.7,0.226,0.3195,0.26908441,70.35,0.273,0.0,BTC-25SEP20-9000-C,9398.91,67.88,0.262,19.0,0.272,19.0,71.35,28.98816,-4.2506,27.44104,6e-05,0.68431
9666.86,BTC-27MAR20,1580295542088,open,0.02,1261.4,0.006,0.0395,0.01712621,73.51,0.018,0.0,BTC-27MAR20-14000-C,9398.91,72.76,0.0165,4.0,0.018,60.8,74.52,8.21196,-5.21507,1.75445,8e-05,0.13159
9440.3,SYN.BTC-7FEB20,1580295542090,open,0.08,100.5,0.061,0.108,0.08185788,55.58,0.0835,0.0,BTC-7FEB20-8750-C,9398.91,54.66,0.0815,8.0,0.085,8.0,62.92,3.84819,-12.04816,1.69694,0.00032,0.82108
9666.86,BTC-27MAR20,1580295542091,open,0.02,1261.4,0.006,0.0395,0.01712621,73.51,0.018,0.0,BTC-27MAR20-14000-C,9398.91,72.76,0.0165,4.0,0.018,63.6,74.52,8.21196,-5.21507,1.75445,8e-05,0.13159
9666.86,BTC-27MAR20,1580295542092,open,0.02,1261.4,0.006,0.0395,0.01712621,73.51,0.018,0.0,BTC-27MAR20-14000-C,9398.91,72.76,0.0165,4.0,0.018,83.6,74.52,8.21196,-5.21507,1.75445,8e-05,0.13159
9537.56,SYN.BTC-28FEB20,1580295542096,open,0.05,534.8,0.0275,0.0755,0.04848634,60.04,0.047,0.0,BTC-28FEB20-10000-C,9398.91,58.7,0.047,16.7,0.05,30.0,61.38,10.69153,-10.74277,2.93723,0.00024,0.42475
9537.56,SYN.BTC-28FEB20,1580295542098,open,0.02,113.3,0.006,0.0375,0.01739079,65.83,0.017,0.0,BTC-28FEB20-11500-C,9398.91,64.64,0.0165,39.4,0.0185,78.7,67.26,7.26478,-8.00353,1.30244,0.00015,0.18423
9537.56,SYN.BTC-28FEB20,1580295542099,open,0.05,534.8,0.0275,0.0755,0.04848634,60.04,0.047,0.0,BTC-28FEB20-10000-C,9398.91,58.7,0.047,16.7,0.05,34.9,61.38,10.69153,-10.74277,2.93723,0.00024,0.42475
9883.6,BTC-26JUN20,1580295542100,open,0.08,243.3,0.05,0.1175,0.07884238,68.44,0.078,0.0,BTC-26JUN20-8000-P,9398.91,66.77,0.0755,29.5,0.08,17.5,69.03,19.67871,-4.52333,-12.90327,7e-05,-0.24125
9883.6,BTC-26JUN20,1580295542102,open,0.08,243.3,0.05,0.1175,0.07884238,68.44,0.078,0.0,BTC-26JUN20-8000-P,9398.91,66.77,0.0755,34.5,0.08,17.5,69.03,19.67871,-4.52333,-12.90327,7e-05,-0.24125
9883.46,BTC-26JUN20,1580295542228,open,1.26,0.0,1.191,1.316,1.24685349,81.97,None,0.0,BTC-26JUN20-22000-P,9398.92,0.0,0.11,1.0,2.22,0.1,500.0,11.28755,-3.10731,-86.43986,3e-05,-0.89739
9666.8,BTC-27MAR20,1580295542228,open,0.0,533.0,0.0005,0.012,0.00243426,85.5,0.0025,0.0,BTC-27MAR20-5000-P,9398.92,82.84,0.002,24.0,0.003,50.0,88.57,1.66994,-1.23355,-0.30676,1e-05,-0.01758
9666.8,BTC-27MAR20,1580295542228,open,0.24,0.0,0.2205,0.2705,0.24365985,64.89,None,0.0,BTC-27MAR20-7500-C,9398.92,60.47,0.24,18.0,0.246,23.0,67.57,8.28084,-4.64226,9.55152,9e-05,0.8668
9666.8,BTC-27MAR20,1580295542228,open,0.0,36.9,0.0005,0.011,0.00142913,90.06,0.002,0.0,BTC-27MAR20-4500-P,9398.92,85.69,0.001,61.0,0.002,91.0,94.7,1.062,-0.82628,-0.18138,1e-05,-0.0104
9666.8,BTC-27MAR20,1580295542228,open,2.75,0.0,2.6515,2.804,2.72467528,116.42,None,0.0,BTC-27MAR20-36000-P,9398.92,0.0,0.0,0.0,0.0,0.0,0.0,0.51674,-0.51971,-57.02139,0.0,-0.9954
9666.8,BTC-27MAR20,1580295542228,open,2.33,0.0,2.2455,2.3825,2.31108772,110.66,None,0.0,BTC-27MAR20-32000-P,9398.92,0.0,0.0,0.0,0.0,0.0,0.0,0.68106,-0.65109,-50.65623,0.0,-0.99372
9666.8,BTC-27MAR20,1580295542228,open,1.5,0.0,1.4345,1.5415,1.48460818,97.09,None,0.0,BTC-27MAR20-24000-P,9398.92,0.0,0.0015,0.5,0.0,0.0,0.0,1.49394,-1.25311,-37.84755,1e-05,-0.98457
9666.81,BTC-27MAR20,1580295542229,open,0.0,134.0,0.0005,0.0135,0.00366821,80.03,0.004,0.0,BTC-27MAR20-5500-P,9398.92,77.17,0.003,87.0,0.0045,90.0,83.2,2.38985,-1.65243,-0.46812,2e-05,-0.02687
9666.81,BTC-27MAR20,1580295542229,open,0.0,163.3,0.0005,0.0105,0.00090894,107.17,0.001,0.0,BTC-27MAR20-30000-C,9398.92,100.95,0.0005,78.0,0.0015,62.0,113.21,0.78197,-0.72403,0.09854,0.0,0.00734
9666.81,BTC-27MAR20,1580295542229,open,0.0,322.4,0.0005,0.0125,0.00289745,94.71,0.003,0.0,BTC-27MAR20-22000-C,9398.92,92.8,0.0025,10.0,0.0035,72.8,97.3,2.11232,-1.72839,0.31109,2e-05,0.02319
10056.09,SYN.BTC-25SEP20,1580295542228,open,0.88,0.2,0.8015,0.943,0.86495029,76.39,1.02,0.0,BTC-25SEP20-18000-P,9398.92,0.0,0.0,0.0,1.17,0.5,174.27,26.6593,-4.24468,-105.79258,5e-05,-0.73583
9666.81,BTC-27MAR20,1580295542230,open,0.2,0.2,0.157,0.2345,0.19260814,65.16,0.2035,0.0,BTC-27MAR20-11000-P,9398.92,64.42,0.1915,2.5,0.195,2.5,66.77,14.35034,-8.0787,-12.8178,0.00015,-0.64362
9537.23,SYN.BTC-28FEB20,1580295542228,open,0.0,601.0,0.0005,0.013,0.00342343,78.99,0.003,0.0,BTC-28FEB20-6500-P,9398.92,77.01,0.003,43.1,0.004,120.1,81.47,2.11715,-2.7987,-0.30133,4e-05,-0.03518
9537.23,SYN.BTC-28FEB20,1580295542228,open,0.02,537.1,0.01,0.0465,0.02421041,63.73,0.0215,0.0,BTC-28FEB20-11000-C,9398.92,62.94,0.0235,2.0,0.025,25.0,64.61,8.57103,-9.14193,1.72082,0.00018,0.24465
9666.81,BTC-27MAR20,1580295542230,open,0.0,231.8,0.0005,0.0115,0.00197327,97.66,0.002,0.0,BTC-27MAR20-24000-C,9398.92,94.41,0.0015,60.0,0.0025,46.0,100.7,1.54246,-1.30139,0.21531,1e-05,0.01602
9537.23,SYN.BTC-28FEB20,1580295542228,open,0.0,269.4,0.0005,0.011,0.00142161,93.08,0.001,0.0,BTC-28FEB20-5500-P,9398.92,88.44,0.001,20.0,0.002,94.2,98.17,0.96734,-1.50685,-0.11955,1e-05,-0.01389
9440.0,SYN.BTC-7FEB20,1580295542228,open,0.0,252.6,0.0005,0.0115,0.00190314,74.28,0.0015,0.0,BTC-7FEB20-7750-P,9398.92,71.02,0.0015,65.9,0.0025,101.0,78.46,1.24601,-5.21403,-0.09419,8e-05,-0.03913
9407.59,SYN.BTC-31JAN20,1580295542228,open,0.28,0.0,0.251,0.3015,0.27552875,0.0,None,0.0,BTC-31JAN20-12000-P,9398.92,0.0,0.0,0.0,0.0,0.0,0.0,0.0,0.0,-0.61667,0.0,-1.0
9883.47,BTC-26JUN20,1580295542231,open,0.5,12.5,0.4375,0.5505,0.48833553,72.9,0.619,0.0,BTC-26JUN20-14000-P,9398.92,0.0,0.0,0.0,0.69,1.0,154.15,22.05398,-5.39992,-47.77309,8e-05,-0.69673
9440.0,SYN.BTC-7FEB20,1580295542228,open,0.1,136.3,0.084,0.1285,0.10524858,59.47,0.1,0.0,BTC-7FEB20-8500-C,9398.92,0.0,0.086,13.0,0.1175,13.0,90.9,2.93617,-9.83623,1.77959,0.00023,0.88049
9666.81,BTC-27MAR20,1580295542231,open,0.0,187.7,0.0005,0.011,0.00125178,105.28,0.001,0.0,BTC-27MAR20-28000-C,9398.92,102.71,0.001,27.0,0.0015,24.0,107.47,1.02384,-0.93122,0.13374,1e-05,0.00998
9440.0,SYN.BTC-7FEB20,1580295542228,open,0.02,186.0,0.005,0.039,0.01520283,55.12,0.0135,0.0,BTC-7FEB20-9000-P,9398.92,50.83,0.013,109.2,0.015,0.1,54.72,4.91016,-15.24527,-0.66572,0.00041,-0.27481
9440.0,SYN.BTC-7FEB20,1580295542228,open,0.0,191.7,0.0005,0.014,0.00346196,62.47,0.0035,0.0,BTC-7FEB20-8250-P,9398.92,60.33,0.003,135.5,0.004,35.4,64.8,2.10675,-7.41396,-0.18261,0.00016,-0.07609
9666.81,BTC-27MAR20,1580295542232,open,0.0,328.0,0.0005,0.011,0.00145155,100.85,0.0025,0.0,BTC-27MAR20-26000-C,9398.92,96.67,0.001,57.0,0.002,45.4,104.83,1.18657,-1.03381,0.15892,1e-05,0.01182
9666.81,BTC-27MAR20,1580295542232,open,0.29,262.0,0.268,0.313,0.28868919,67.63,0.277,0.0,BTC-27MAR20-7000-C,9398.92,61.58,0.285,17.0,0.291,22.0,71.05,6.31419,-3.6893,9.50464,6e-05,0.90877
9666.81,BTC-27MAR20,1580295542232,open,0.47,67.8,0.428,0.5105,0.46537311,73.49,0.48,0.0,BTC-27MAR20-14000-P,9398.92,0.0,0.4115,3.0,0.512,3.0,114.64,8.20881,-5.21189,-20.44533,8e-05,-0.86848
10056.09,SYN.BTC-25SEP20,1580295542228,open,0.37,3.5,0.3035,0.4265,0.35923536,71.91,0.4955,0.0,BTC-25SEP20-12000-P,9398.92,0.0,0.0,0.0,0.5055,1.0,117.82,32.52042,-4.87433,-57.0936,7e-05,-0.50467
9883.47,BTC-26JUN20,1580295542233,open,0.21,283.2,0.176,0.258,0.21369344,68.45,0.194,0.0,BTC-26JUN20-9000-C,9398.92,65.99,0.208,15.0,0.2155,24.8,69.23,22.93052,-5.27135,18.29056,8e-05,0.66741
9440.0,SYN.BTC-7FEB20,1580295542229,open,0.15,6.5,0.136,0.1755,0.15496846,67.65,0.059,0.0,BTC-7FEB20-8000-C,9398.92,0.0,0.14,13.0,0.1655,13.0,106.98,1.57698,-6.01026,1.8194,0.00011,0.94756
9407.59,SYN.BTC-31JAN20,1580295542229,open,0.0,281.3,0.0005,0.0125,0.0016258,70.17,0.0015,0.0,BTC-31JAN20-8750-P,9398.92,68.86,0.0015,3.0,0.002,60.5,73.81,0.91911,-15.29487,-0.03529,0.00029,-0.07137
10056.09,SYN.BTC-25SEP20,1580295542229,open,1.06,0.1,0.9845,1.1295,1.04914931,77.82,1.21,0.0,BTC-25SEP20-20000-P,9398.92,0.0,0.0,0.0,1.35,0.4,176.1,24.09764,-3.909,-120.92731,5e-05,-0.78064
9537.23,SYN.BTC-28FEB20,1580295542228,open,0.28,0.0,0.24,0.307,0.27096684,68.07,None,0.0,BTC-28FEB20-12000-P,9398.92,0.0,0.0,0.0,0.0,0.0,0.0,6.06133,-6.90525,-8.83184,0.00012,-0.8604
9407.59,SYN.BTC-31JAN20,1580295542228,open,0.23,0.4,0.214,0.245,0.22937092,119.55,0.2125,0.0,BTC-31JAN20-7250-C,9398.92,0.0,0.219,13.0,0.234,13.1,244.69,0.02323,-0.74043,0.37206,0.0,0.99897
9440.0,SYN.BTC-7FEB20,1580295542228,open,0.0,10.2,0.0005,0.0165,0.00411831,69.25,0.005,0.0,BTC-7FEB20-11000-C,9398.92,66.63,0.0035,71.4,0.0045,30.0,70.76,2.32172,-9.05672,0.18921,0.00015,0.08654
9440.0,SYN.BTC-7FEB20,1580295542228,open,0.04,326.8,0.026,0.073,0.04496894,55.16,0.045,0.0,BTC-7FEB20-9250-C,9398.92,52.7,0.0435,42.3,0.0455,11.0,56.05,5.64791,-17.55113,1.29709,0.00047,0.61002
9407.59,SYN.BTC-31JAN20,1580295542231,open,0.15,629.8,0.1325,0.1685,0.14983325,96.76,0.143,0.0,BTC-31JAN20-8000-C,9398.92,0.0,0.139,15.0,0.1515,0.9,137.16,0.16169,-4.17017,0.40673,4e-05,0.99114
9440.0,SYN.BTC-7FEB20,1580295542228,open,0.1,0.0,0.0705,0.1255,0.09633153,60.85,None,0.0,BTC-7FEB20-10250-P,9398.92,0.0,0.0,0.0,0.0,0.0,0.0,4.19544,-14.38114,-2.04362,0.00032,-0.79393
9440.0,SYN.BTC-7FEB20,1580295542228,open,0.2,0.2,0.1895,0.226,0.20693881,80.13,0.1115,0.0,BTC-7FEB20-7500-C,9398.92,0.0,0.194,13.0,0.2145,13.0,120.81,0.95918,-4.32953,1.75512,6e-05,0.97152
9537.23,SYN.BTC-28FEB20,1580295542228,open,0.38,0.0,0.3395,0.407,0.37038122,72.78,None,0.0,BTC-28FEB20-13000-P,9398.92,0.0,0.0,0.0,0.0,0.0,0.0,4.18092,-5.09282,-10.04761,8e-05,-0.91673
9407.59,SYN.BTC-31JAN20,1580295542228,open,0.12,164.1,0.1055,0.1445,0.12373697,95.78,0.12,0.0,BTC-31JAN20-8250-C,9398.92,0.0,0.111,15.0,0.1305,11.4,165.07,0.40455,-10.32924,0.41116,9e-05,0.97421
9440.0,SYN.BTC-7FEB20,1580295542230,open,0.0,55.0,0.0005,0.0105,0.00032322,89.7,0.0005,0.0,BTC-7FEB20-6750-P,9398.92,0.0,0.0,0.0,0.001,70.5,104.55,0.27952,-1.41247,-0.01635,1e-05,-0.0068
9407.59,SYN.BTC-31JAN20,1580295542228,open,0.25,333.0,0.241,0.271,0.2559435,133.64,0.25,0.0,BTC-31JAN20-7000-C,9398.92,0.0,0.246,16.0,0.2645,16.0,314.23,0.01984,-0.70695,0.35929,0.0,0.99914
9440.0,SYN.BTC-7FEB20,1580295542228,open,0.13,26.4,0.1095,0.151,0.12954947,62.59,0.122,0.0,BTC-7FEB20-8250-C,9398.92,0.0,0.113,13.0,0.1415,13.0,99.6,2.11481,-7.45723,1.8226,0.00016,0.92353
9407.59,SYN.BTC-31JAN20,1580295542228,open,0.01,299.6,0.0005,0.0295,0.00875981,55.5,0.0085,0.0,BTC-31JAN20-9250-P,9398.92,50.59,0.0075,20.1,0.009,45.4,56.43,2.43734,-36.05891,-0.16297,0.00097,-0.32834
9537.23,SYN.BTC-28FEB20,1580295542228,open,0.14,0.0,0.1055,0.169,0.13492158,61.61,None,0.0,BTC-28FEB20-10500-P,9398.92,23.81,0.1035,7.0,0.179,3.4,102.14,9.80368,-10.10793,-6.33309,0.00021,-0.67635
9537.23,SYN.BTC-28FEB20,1580295542230,open,0.22,94.8,0.202,0.2445,0.22207816,66.92,0.1345,0.0,BTC-28FEB20-7500-C,9398.92,47.65,0.2155,14.0,0.233,14.0,86.77,4.37107,-4.89542,5.38288,9e-05,0.91163
9407.59,SYN.BTC-31JAN20,1580295542229,open,0.0,385.6,0.0005,0.0105,3.295e-05,94.64,0.001,0.0,BTC-31JAN20-11500-C,9398.92,0.0,0.0,0.0,0.0005,57.0,127.6,0.03719,-0.31001,0.00081,1e-05,0.00172
9440.0,SYN.BTC-7FEB20,1580295542232,open,0.12,0.0,0.094,0.1495,0.11988907,63.7,None,0.0,BTC-7FEB20-10500-P,9398.92,0.0,0.0,0.0,0.0,0.0,0.0,3.48508,-12.50696,-2.2184,0.00025,-0.84651
9440.0,SYN.BTC-7FEB20,1580295542228,open,0.26,0.0,0.2435,0.2765,0.25919647,90.1,None,0.0,BTC-7FEB20-7000-C,9398.92,0.0,0.248,16.0,0.266,16.0,140.91,0.52368,-2.65797,1.66851,3e-05,0.98605
9440.0,SYN.BTC-7FEB20,1580295542228,open,0.23,0.0,0.2165,0.251,0.23290266,83.67,None,0.0,BTC-7FEB20-7250-C,9398.92,0.0,0.221,14.0,0.2405,14.0,132.06,0.66354,-3.12754,1.71868,4e-05,0.98161
9407.59,SYN.BTC-31JAN20,1580295542228,open,0.0,705.7,0.0005,0.0105,0.00097119,85.98,0.001,0.0,BTC-31JAN20-10500-C,9398.92,76.81,0.0005,125.5,0.0015,58.0,93.51,0.58024,-9.13658,0.01883,0.00015,0.03992
9407.59,SYN.BTC-31JAN20,1580295542228,open,0.0,1432.6,0.0005,0.0105,0.00066081,95.14,0.0005,0.0,BTC-31JAN20-8250-P,9398.92,90.97,0.0005,0.5,0.001,53.9,102.23,0.39466,-6.2166,-0.01242,9e-05,-0.02504
9537.23,SYN.BTC-28FEB20,1580295542228,open,0.17,222.9,0.1525,0.1995,0.17489076,61.95,0.17,0.0,BTC-28FEB20-8000-C,9398.92,0.0,0.1525,14.0,0.189,14.0,81.63,6.07379,-6.29778,5.34802,0.00013,0.85998
9440.0,SYN.BTC-7FEB20,1580295542232,open,0.04,23.0,0.0195,0.0675,0.03764989,55.1,0.045,0.0,BTC-7FEB20-9500-P,9398.92,50.04,0.0345,2.5,0.038,40.5,55.67,5.86991,-18.2213,-1.26236,0.00049,-0.51227
9537.23,SYN.BTC-28FEB20,1580295542228,open,0.33,0.0,0.2895,0.3565,0.32013484,70.29,None,0.0,BTC-28FEB20-12500-P,9398.92,0.0,0.0,0.0,0.0,0.0,0.0,5.01726,-5.9025,-9.47298,0.0001,-0.89336
9407.59,SYN.BTC-31JAN20,1580295542231,open,0.0,603.4,0.0005,0.0105,0.00074082,78.18,0.001,0.0,BTC-31JAN20-8500-P,9398.92,73.07,0.0005,141.8,0.001,2.5,82.66,0.49662,-6.96934,-0.01632,0.00014,-0.03301
10056.09,SYN.BTC-25SEP20,1580295542228,open,0.29,31.2,0.235,0.351,0.28728823,71.14,0.355,0.0,BTC-25SEP20-11000-P,9398.92,0.0,0.0,0.0,0.3875,0.6,102.95,32.23724,-4.78012,-48.53992,7e-05,-0.44719
9407.59,SYN.BTC-31JAN20,1580295542231,open,0.2,461.3,0.187,0.219,0.20280374,107.4,0.203,0.0,BTC-31JAN20-7500-C,9398.92,0.0,0.1985,21.0,0.209,21.0,235.27,0.03156,-0.90345,0.38471,1e-05,0.99857
9440.0,SYN.BTC-7FEB20,1580295542228,open,0.0,156.5,0.0005,0.011,0.00140471,79.87,0.0015,0.0,BTC-7FEB20-7500-P,9398.92,75.43,0.001,73.1,0.002,96.0,85.19,0.94898,-4.27003,-0.06776,5e-05,-0.02811
9407.59,SYN.BTC-31JAN20,1580295542231,open,0.17,0.2,0.1595,0.1935,0.17626397,99.77,0.1355,0.0,BTC-31JAN20-7750-C,9398.92,0.0,0.165,15.0,0.1855,11.4,233.79,0.06202,-1.64943,0.39677,1e-05,0.99698
9407.59,SYN.BTC-31JAN20,1580295542229,open,0.0,226.8,0.0005,0.0125,0.00153744,77.51,0.0015,0.0,BTC-31JAN20-10250-C,9398.92,70.9,0.001,77.5,0.002,40.0,82.26,0.85293,-14.46364,0.03058,0.00024,0.06479
9440.0,SYN.BTC-7FEB20,1580295542228,open,0.08,0.0,0.05,0.104,0.07405664,57.94,None,0.0,BTC-7FEB20-10000-P,9398.92,0.0,0.0,0.0,0.0,0.0,0.0,4.92685,-16.08146,-1.83033,0.00039,-0.72329
9407.59,SYN.BTC-31JAN20,1580295542228,open,0.07,9.1,0.043,0.0915,0.06566213,69.2,0.21,0.0,BTC-31JAN20-10000-P,9398.92,0.0,0.029,7.0,0.1355,3.4,343.02,1.29984,-23.97809,-0.46014,0.00041,-0.88613
9407.59,SYN.BTC-31JAN20,1580295542228,open,0.09,1233.5,0.0785,0.118,0.09724353,78.7,0.0765,0.0,BTC-31JAN20-8500-C,9398.92,0.0,0.083,15.0,0.104,11.4,138.44,0.50759,-10.64911,0.42005,0.00014,0.9661
9407.59,SYN.BTC-31JAN20,1580295542232,open,0.36,51.3,0.3495,0.3745,0.36223721,195.38,0.344,0.0,BTC-31JAN20-6000-C,9398.92,0.0,0.354,17.0,0.367,17.0,385.67,0.01236,-0.64373,0.30807,0.0,0.99948
10056.09,SYN.BTC-25SEP20,1580295542229,open,0.23,36.6,0.173,0.28,0.22100861,70.33,0.247,0.0,BTC-25SEP20-10000-P,9398.92,67.1,0.211,13.1,0.222,13.1,70.65,31.13891,-4.56487,-39.98651,7e-05,-0.38404
9440.0,SYN.BTC-7FEB20,1580295542232,open,0.0,218.1,0.0005,0.012,0.00239875,67.49,0.003,0.0,BTC-7FEB20-8000-P,9398.92,64.97,0.002,131.0,0.003,30.0,70.9,1.56764,-5.96028,-0.125,0.00011,-0.05205
9666.8,BTC-27MAR20,1580295542479,open,0.03,688.4,0.0145,0.0545,0.03029237,63.66,0.03,0.0,BTC-27MAR20-8000-P,9398.92,62.0,0.0285,38.8,0.0315,94.5,64.77,10.4874,-5.76764,-3.39548,0.00011,-0.19124
9883.47,BTC-26JUN20,1580295542481,open,0.27,222.4,0.235,0.3095,0.26941437,68.45,0.2655,0.0,BTC-26JUN20-8000-C,9398.92,65.97,0.2645,15.0,0.271,9.0,69.25,19.67959,-4.52443,19.7249,7e-05,0.75872
10056.09,SYN.BTC-25SEP20,1580295542482,open,0.23,115.8,0.182,0.28,0.22661342,70.34,0.226,0.0,BTC-25SEP20-10000-C,9398.92,68.85,0.222,8.1,0.231,7.0,71.76,31.13839,-4.56574,25.73131,7e-05,0.61598
9883.47,BTC-26JUN20,1580295542483,open,0.27,222.4,0.235,0.3095,0.26941437,68.45,0.2655,0.0,BTC-26JUN20-8000-C,9398.92,65.97,0.2645,15.0,0.271,12.0,69.25,19.67959,-4.52443,19.7249,7e-05,0.75872
9666.8,BTC-27MAR20,1580295542486,open,0.03,688.4,0.0145,0.0545,0.03029237,63.66,0.03,0.0,BTC-27MAR20-8000-P,9398.92,62.0,0.0285,56.5,0.0315,94.5,64.77,10.4874,-5.76764,-3.39548,0.00011,-0.19124
178.31,SYN.ETH-7FEB20,1580295543018,open,0.24,0.0,0.199,0.279,0.236933,82.78,None,0.0,ETH-7FEB20-220-P,177.58,0.0,0.0,0.0,0.0,0.0,0.0,0.03269,-0.15244,-0.05107,0.00511,-0.941
9666.76,BTC-27MAR20,1580295543234,open,0.88,0.0,0.8275,0.916,0.86787717,84.7,1.23,0.0,BTC-27MAR20-18000-P,9398.82,0.0,0.0125,1.0,0.0,0.0,0.0,3.77951,-2.76578,-27.91005,3e-05,-0.95298
9666.76,BTC-27MAR20,1580295543234,open,0.33,0.0,0.318,0.3575,0.33602499,71.13,None,0.0,BTC-27MAR20-6500-C,9398.82,52.56,0.3295,15.0,0.344,15.0,85.15,4.67054,-2.87003,9.23582,4e-05,0.93857
9666.76,BTC-27MAR20,1580295543235,open,3.16,1.0,3.057,3.2245,3.13823353,118.4,3.41,0.0,BTC-27MAR20-40000-P,9398.82,0.0,0.0,0.0,0.0,0.0,0.0,0.32518,-0.33261,-63.38858,0.0,-0.99725
9883.35,BTC-26JUN20,1580295543235,open,0.17,599.8,0.1295,0.2145,0.16819776,68.45,0.17,0.0,BTC-26JUN20-10000-C,9398.82,67.77,0.1665,0.4,0.17,0.4,69.17,24.72278,-5.68332,16.44029,9e-05,0.57602
9883.35,BTC-26JUN20,1580295543235,open,0.0,209.1,0.0005,0.0115,0.00194515,88.8,0.002,0.0,BTC-26JUN20-3000-P,9398.82,85.53,0.0015,26.2,0.0025,39.4,92.25,1.46232,-0.43611,-0.42189,0.0,-0.00852
9883.25,BTC-26JUN20,1580295543236,open,0.33,6.7,0.274,0.3815,0.32264775,70.78,0.4395,0.0,BTC-26JUN20-12000-P,9398.82,0.0,0.001,0.5,0.54,0.6,157.28,24.66618,-5.8636,-36.40912,9e-05,-0.58054
9666.76,BTC-27MAR20,1580295543236,open,0.01,221.6,0.0025,0.032,0.01241336,76.28,0.011,0.0,BTC-27MAR20-15000-C,9398.82,74.93,0.0115,44.0,0.013,19.8,77.13,6.64346,-4.37817,1.3079,6e-05,0.09774
9666.66,BTC-27MAR20,1580295543236,open,0.01,653.7,0.0005,0.0195,0.00583393,84.73,0.006,0.0,BTC-27MAR20-18000-C,9398.82,82.5,0.005,75.9,0.0065,47.8,86.37,3.78242,-2.76859,0.63196,3e-05,0.04706
9883.25,BTC-26JUN20,1580295543236,open,0.01,381.9,0.002,0.0265,0.01153213,74.82,0.014,0.0,BTC-26JUN20-5000-P,9398.82,73.17,0.0105,20.0,0.0125,45.8,76.31,6.29794,-1.58266,-2.39866,2e-05,-0.04797
9440.0,SYN.BTC-7FEB20,1580295543236,open,0.03,244.8,0.0105,0.052,0.02482329,55.13,0.029,0.0,BTC-7FEB20-9250-P,9398.82,51.24,0.0225,1.0,0.024,9.1,53.76,5.64774,-17.54089,-0.95209,0.00047,-0.38994
9666.66,BTC-27MAR20,1580295543237,open,0.02,582.9,0.0095,0.0495,0.02412034,70.4,0.0235,0.0,BTC-27MAR20-13000-C,9398.82,69.8,0.0235,21.4,0.0245,8.4,70.76,10.08774,-6.13499,2.38375,0.0001,0.17964
9440.0,SYN.BTC-7FEB20,1580295543235,open,0.0,60.8,0.0005,0.0105,0.00013658,89.71,0.0005,0.0,BTC-7FEB20-6500-P,9398.82,0.0,0.0,0.0,0.001,40.0,114.8,0.13861,-0.7005,-0.00742,1e-05,-0.0031
9407.6,SYN.BTC-31JAN20,1580295543235,open,0.31,51.0,0.295,0.3225,0.30906882,0.0,0.289,0.0,BTC-31JAN20-6500-C,9398.82,0.0,0.3,16.0,0.3185,16.0,383.94,0.0,0.0,0.33403,0.0,1.0
9666.66,BTC-27MAR20,1580295543239,open,0.0,706.9,0.0005,0.015,0.00377682,89.21,0.004,0.0,BTC-27MAR20-20000-C,9398.82,88.18,0.0035,34.4,0.004,0.6,90.0,2.67704,-2.06314,0.41424,2e-05,0.0308
9537.21,SYN.BTC-28FEB20,1580295543234,open,0.37,0.5,0.3585,0.389,0.37281743,83.91,0.36,0.0,BTC-28FEB20-6000-C,9398.82,0.0,0.362,15.0,0.38,15.0,114.44,1.32969,-1.86724,4.73867,2e-05,0.97985
9883.25,BTC-26JUN20,1580295543239,open,0.01,419.4,0.004,0.038,0.01397698,86.42,0.013,0.0,BTC-26JUN20-26000-C,9398.82,85.25,0.013,34.0,0.015,51.0,87.59,8.46446,-2.45665,2.25384,2e-05,0.06989
10055.96,SYN.BTC-25SEP20,1580295543236,open,0.7,4.9,0.625,0.7625,0.68678043,75.02,0.7755,0.0,BTC-25SEP20-16000-P,9398.82,0.0,0.0,0.0,0.858,0.3,129.27,29.26377,-4.57628,-90.13261,6e-05,-0.67706
10055.96,SYN.BTC-25SEP20,1580295543234,open,0.61,0.1,0.599,0.631,0.61266266,74.94,0.567,0.0,BTC-25SEP20-4000-C,9398.82,54.23,0.604,9.0,0.6195,9.0,84.7,6.19422,-0.9676,23.33178,1e-05,0.96571
9407.6,SYN.BTC-31JAN20,1580295543236,open,0.0,1094.8,0.0005,0.0105,0.0,95.28,0.0005,0.0,BTC-31JAN20-6000-P,9398.82,0.0,0.0,0.0,0.0005,41.2,268.28,0.0,0.0,0.0,0.0,0.0
9407.6,SYN.BTC-31JAN20,1580295543235,open,0.0,154.7,0.0005,0.0105,1e-08,95.28,0.001,0.0,BTC-31JAN20-6750-P,9398.82,0.0,0.0,0.0,0.0005,40.0,204.33,2e-05,-6e-05,0.0,0.0,0.0
9537.21,SYN.BTC-28FEB20,1580295543234,open,0.0,301.1,0.0005,0.0105,0.00070991,97.64,0.0015,0.0,BTC-28FEB20-5000-P,9398.82,93.47,0.0005,22.2,0.001,20.1,102.19,0.53944,-0.8815,-0.06109,1e-05,-0.00712
9407.6,SYN.BTC-31JAN20,1580295543238,open,0.17,6.0,0.1465,0.1955,0.16953171,94.64,0.241,0.0,BTC-31JAN20-11000-P,9398.82,0.0,0.0005,0.2,0.0,0.0,0.0,0.20407,-5.14823,-0.55981,5e-05,-0.98843
9407.6,SYN.BTC-31JAN20,1580295543237,open,0.05,0.0,0.0195,0.0665,0.04166746,61.4,None,0.0,BTC-31JAN20-9750-P,9398.82,47.38,0.039,0.8,0.043,0.8,67.58,1.96904,-32.22979,-0.39978,0.00071,-0.78528
9537.21,SYN.BTC-28FEB20,1580295543236,open,0.27,46.0,0.2535,0.2915,0.27120064,72.11,0.247,0.0,BTC-28FEB20-7000-C,9398.82,0.0,0.2555,14.0,0.281,14.0,95.48,3.01484,-3.63822,5.26355,6e-05,0.94547
9407.6,SYN.BTC-31JAN20,1580295543236,open,0.28,14.0,0.268,0.297,0.28249455,0.0,0.256,0.0,BTC-31JAN20-6750-C,9398.82,0.0,0.273,16.0,0.289,16.0,321.4,0.0,0.0,0.34688,0.0,1.0
9407.6,SYN.BTC-31JAN20,1580295543238,open,0.0,565.2,0.0005,0.0105,0.0,95.28,0.0005,0.0,BTC-31JAN20-5000-P,9398.82,0.0,0.0,0.0,0.0005,47.0,365.76,0.0,0.0,0.0,0.0,0.0
9537.21,SYN.BTC-28FEB20,1580295543236,open,0.13,402.2,0.1085,0.159,0.13246038,59.34,0.1235,0.0,BTC-28FEB20-8500-C,9398.82,50.86,0.1255,15.0,0.141,25.0,69.03,8.13567,-8.07914,5.03382,0.00018,0.7773
9407.6,SYN.BTC-31JAN20,1580295543237,open,0.02,144.0,0.004,0.044,0.02119416,54.98,0.021,0.0,BTC-31JAN20-9500-P,9398.82,48.88,0.0195,32.0,0.0215,18.4,56.08,2.62125,-38.41776,-0.29562,0.00105,-0.59028
9440.0,SYN.BTC-7FEB20,1580295543234,open,0.17,0.0,0.144,0.199,0.1693692,69.23,None,0.0,BTC-7FEB20-11000-P,9398.82,0.0,0.0,0.0,0.0,0.0,0.0,2.3209,-9.05193,-2.48575,0.00015,-0.9135
9440.0,SYN.BTC-7FEB20,1580295543240,open,0.02,155.8,0.008,0.0465,0.02153175,56.27,0.0175,0.0,BTC-7FEB20-9750-C,9398.82,54.52,0.0205,24.0,0.0225,25.1,57.91,5.57173,-17.66123,0.80641,0.00046,0.37283
9440.0,SYN.BTC-7FEB20,1580295543235,open,0.15,0.0,0.1185,0.1735,0.14412773,65.84,None,0.0,BTC-7FEB20-10750-P,9398.82,0.0,0.0,0.0,0.0,0.0,0.0,2.80908,-10.41813,-2.36862,0.0002,-0.88771
9407.6,SYN.BTC-31JAN20,1580295543236,open,0.0,1036.1,0.0005,0.0105,0.00018396,95.17,0.0005,0.0,BTC-31JAN20-8000-P,9398.82,0.0,0.0,0.0,0.0005,3.3,109.0,0.14748,-1.73065,-0.00395,3e-05,-0.00798
9407.6,SYN.BTC-31JAN20,1580295543235,open,0.0,1132.8,0.0005,0.0105,9e-08,95.28,0.0005,0.0,BTC-31JAN20-7000-P,9398.82,0.0,0.0,0.0,0.0005,67.0,184.33,0.0002,-0.00088,0.0,0.0,-1e-05
9537.21,SYN.BTC-28FEB20,1580295543236,open,0.0,378.3,0.0005,0.0115,0.00193112,83.9,0.002,0.0,BTC-28FEB20-6000-P,9398.82,80.56,0.0015,84.0,0.0025,30.1,87.66,1.32911,-1.8662,-0.17232,2e-05,-0.02014
9407.6,SYN.BTC-31JAN20,1580295543235,open,0.0,729.4,0.0005,0.017,0.00310843,58.76,0.0045,0.0,BTC-31JAN20-9000-P,9398.82,58.08,0.003,20.0,0.0035,57.0,61.14,1.51359,-23.70852,-0.07002,0.00057,-0.14173
9407.6,SYN.BTC-31JAN20,1580295543237,open,0.47,18.7,0.458,0.4785,0.46851447,0.0,0.454,0.0,BTC-31JAN20-5000-C,9398.82,0.0,0.4615,18.0,0.473,18.0,500.0,0.0,0.0,0.25694,0.0,1.0
9407.6,SYN.BTC-31JAN20,1580295543235,open,0.0,782.9,0.0005,0.0105,0.0,95.28,0.001,0.0,BTC-31JAN20-5500-P,9398.82,0.0,0.0,0.0,0.0005,20.0,314.96,0.0,0.0,0.0,0.0,0.0
9537.21,SYN.BTC-28FEB20,1580295543235,open,0.32,11.6,0.306,0.3405,0.32188513,79.0,0.306,0.0,BTC-28FEB20-6500-C,9398.82,0.0,0.3085,15.0,0.3265,15.0,95.16,2.1182,-2.80056,5.01881,4e-05,0.9648
9407.6,SYN.BTC-31JAN20,1580295543238,open,0.0,749.1,0.0005,0.0105,0.0,95.28,0.0005,0.0,BTC-31JAN20-6500-P,9398.82,0.0,0.0,0.0,0.0005,67.0,224.95,0.0,0.0,0.0,0.0,0.0
9407.6,SYN.BTC-31JAN20,1580295543239,open,0.02,392.5,0.007,0.049,0.025522,55.54,0.0205,0.0,BTC-31JAN20-9250-C,9398.82,53.52,0.025,0.4,0.026,10.0,57.38,2.43762,-36.08775,0.31233,0.00097,0.67157
9407.6,SYN.BTC-31JAN20,1580295543234,open,0.15,0.0,0.1205,0.1705,0.14336428,94.59,None,0.0,BTC-31JAN20-10750-P,9398.82,0.0,0.0005,0.2,0.0,0.0,0.0,0.41516,-10.46772,-0.5399,0.0001,-0.9734
9537.21,SYN.BTC-28FEB20,1580295543240,open,0.07,93.8,0.0415,0.0955,0.06552094,59.29,0.068,0.0,BTC-28FEB20-9500-P,9398.82,56.18,0.062,29.1,0.0655,14.4,59.27,10.82226,-10.73794,-4.07941,0.00025,-0.45706
10055.96,SYN.BTC-25SEP20,1580295543238,open,1.44,0.0,1.361,1.513,1.42855295,80.85,None,0.0,BTC-25SEP20-24000-P,9398.82,0.0,0.0,0.0,0.0,0.0,0.0,19.73665,-3.32619,-150.00212,4e-05,-0.84121
10055.96,SYN.BTC-25SEP20,1580295543235,open,0.38,5.6,0.344,0.4185,0.37797599,70.34,0.315,0.0,BTC-25SEP20-7000-C,9398.82,55.79,0.3485,8.0,0.3855,16.0,73.87,21.29278,-3.12197,29.29897,5e-05,0.82131
10055.96,SYN.BTC-25SEP20,1580295543235,open,0.04,44.8,0.018,0.084,0.04193926,80.87,0.041,0.0,BTC-25SEP20-24000-C,9398.82,80.13,0.0405,12.0,0.043,1.0,81.41,19.74312,-3.32795,7.72753,4e-05,0.15887
9666.66,BTC-27MAR20,1580295543264,open,0.03,688.4,0.0145,0.0545,0.03029237,63.66,0.03,0.0,BTC-27MAR20-8000-P,9398.82,62.0,0.0285,66.5,0.0315,94.5,64.77,10.48815,-5.76844,-3.39596,0.00011,-0.19126
187.63,ETH-26JUN20,1580295543456,open,0.02,1250.0,0.005,0.046,0.019156,100.31,0.019,0.0,ETH-26JUN20-560-C,177.58,96.91,0.016,831.0,0.023,420.0,104.06,0.18284,-0.0616,0.04871,0.00127,0.0828
182.33,ETH-27MAR20,1580295543456,open,0.02,2543.0,0.003,0.034,0.01403,93.66,0.014,0.0,ETH-27MAR20-320-C,177.58,90.47,0.012,565.0,0.016,585.0,96.53,0.12091,-0.09783,0.02286,0.00245,0.09311
182.33,ETH-27MAR20,1580295543456,open,0.07,5671.0,0.035,0.102,0.065899,78.95,0.068,0.0,ETH-27MAR20-160-P,177.58,76.79,0.063,20.0,0.07,485.0,81.98,0.24583,-0.16767,-0.10099,0.00591,-0.2834
187.63,ETH-26JUN20,1580295543456,open,0.28,442.0,0.231,0.328,0.280946,85.41,0.278,0.0,ETH-26JUN20-160-C,177.58,79.44,0.268,48.0,0.286,180.0,87.73,0.40758,-0.11691,0.33133,0.00332,0.71389
187.63,ETH-26JUN20,1580295543456,open,0.03,930.0,0.012,0.069,0.034367,96.23,0.036,0.0,ETH-26JUN20-440-C,177.58,93.81,0.031,793.0,0.038,300.0,98.73,0.26696,-0.08628,0.08099,0.00193,0.14019
182.33,ETH-27MAR20,1580295543456,open,0.05,4682.0,0.019,0.076,0.044124,84.07,0.048,0.0,ETH-27MAR20-240-C,177.58,82.41,0.042,217.0,0.046,50.0,85.53,0.23395,-0.16993,0.06146,0.00528,0.25671
180.03,SYN.ETH-28FEB20,1580295543456,open,0.0,730.0,0.001,0.014,0.004294,86.66,0.007,0.0,ETH-28FEB20-120-P,177.58,80.79,0.003,1190.0,0.005,265.0,89.45,0.04366,-0.06332,-0.00641,0.0019,-0.0392
180.03,SYN.ETH-28FEB20,1580295543470,open,0.04,3940.0,0.019,0.071,0.042537,72.39,0.042,0.0,ETH-28FEB20-200-C,177.58,70.93,0.041,20.0,0.045,372.0,74.73,0.18936,-0.22943,0.04428,0.00986,0.343
177.73,SYN.ETH-31JAN20,1580295543470,open,0.0,1999.0,0.001,0.011,0.000865,82.81,0.002,0.0,ETH-31JAN20-160-P,177.58,0.0,0.0,0.0,0.002,650.0,98.34,0.01005,-0.15374,-0.00034,0.00748,-0.0359
180.03,SYN.ETH-28FEB20,1580295543472,open,0.24,113.0,0.205,0.262,0.233526,74.94,0.226,0.0,ETH-28FEB20-140-C,177.58,48.24,0.224,56.0,0.241,240.0,88.32,0.09055,-0.11357,0.09818,0.00455,0.89976
180.03,SYN.ETH-28FEB20,1580295543475,open,0.01,1213.0,0.003,0.03,0.012538,78.98,0.01,0.0,ETH-28FEB20-240-C,177.58,76.27,0.011,1190.0,0.014,445.0,81.43,0.10493,-0.1387,0.0163,0.00501,0.12315
178.31,SYN.ETH-7FEB20,1580295543475,open,0.0,101.0,0.001,0.011,0.00034,104.84,0.001,0.0,ETH-7FEB20-120-P,177.58,0.0,0.0,0.0,0.001,11.0,120.98,0.00482,-0.02849,-0.00028,0.0006,-0.00614
182.33,ETH-27MAR20,1580295543479,open,1.63,0.0,1.557,1.724,1.635882,109.91,None,0.0,ETH-27MAR20-480-P,177.58,0.0,0.004,50.0,0.0,0.0,0.0,0.03977,-0.03776,-0.75537,0.00069,-0.97686
177.73,SYN.ETH-31JAN20,1580295543482,open,0.01,7813.0,0.001,0.039,0.013246,65.82,0.013,0.0,ETH-31JAN20-180-C,177.58,57.69,0.011,180.0,0.015,650.0,72.12,0.04933,-0.86552,0.00356,0.04616,0.40327
177.73,SYN.ETH-31JAN20,1580295543482,open,0.0,1245.0,0.001,0.011,0.0,89.64,0.001,0.0,ETH-31JAN20-110-P,177.58,0.0,0.0,0.0,0.001,674.0,312.06,0.0,0.0,0.0,0.0,0.0
177.73,SYN.ETH-31JAN20,1580295543482,open,0.35,0.0,0.312,0.392,0.350333,99.71,None,0.0,ETH-31JAN20-240-P,177.58,0.0,0.011,3.0,0.0,0.0,0.0,1e-05,-0.00023,-0.01233,1e-05,-0.99998
180.03,SYN.ETH-28FEB20,1580295543485,open,0.06,2451.0,0.03,0.09,0.058803,71.4,0.061,0.0,ETH-28FEB20-190-C,177.58,69.8,0.057,20.0,0.062,344.0,74.24,0.20281,-0.24236,0.05555,0.01071,0.43578
177.73,SYN.ETH-31JAN20,1580295543485,open,0.12,6.0,0.093,0.164,0.126752,98.6,0.199,0.0,ETH-31JAN20-200-P,177.58,0.0,0.033,1.0,0.238,1.0,500.0,0.01336,-0.35122,-0.00982,0.00835,-0.94893
190.9,SYN.ETH-25SEP20,1580295543488,open,2.19,0.0,2.075,2.329,2.194068,101.41,None,0.0,ETH-25SEP20-600-P,177.58,0.0,0.0,0.0,0.0,0.0,0.0,0.38124,-0.08059,-3.80273,0.00157,-0.83693
190.9,SYN.ETH-25SEP20,1580295543490,open,1.19,0.0,1.091,1.299,1.191097,95.09,None,0.0,ETH-25SEP20-400-P,177.58,0.0,0.0,0.0,0.0,0.0,0.0,0.52361,-0.10378,-2.39398,0.0023,-0.71705
187.63,ETH-26JUN20,1580295543492,open,1.58,0.0,1.494,1.688,1.585074,96.86,None,0.0,ETH-26JUN20-480-P,177.58,0.0,0.01,50.0,0.0,0.0,0.0,0.23013,-0.07486,-1.89166,0.00165,-0.88671
182.33,ETH-27MAR20,1580295543492,open,0.56,20.0,0.549,0.578,0.56305,99.87,0.613,0.0,ETH-27MAR20-80-C,177.58,0.0,0.561,1.0,0.569,49.0,129.4,0.02201,-0.01899,0.12297,0.00042,0.98841
182.33,ETH-27MAR20,1580295543502,open,0.46,1148.0,0.437,0.479,0.457458,92.8,0.346,0.0,ETH-27MAR20-100-C,177.58,62.14,0.452,43.0,0.462,20.0,105.36,0.05628,-0.04512,0.1467,0.00115,0.96487
187.63,ETH-26JUN20,1580295543502,open,0.23,3311.0,0.179,0.282,0.23125,85.31,0.23,0.0,ETH-26JUN20-180-C,177.58,82.7,0.225,459.0,0.238,180.0,88.12,0.44987,-0.12889,0.30999,0.00367,0.63631
187.63,ETH-26JUN20,1580295543502,open,0.13,1073.0,0.082,0.183,0.131435,86.32,0.132,0.0,ETH-26JUN20-240-C,177.58,84.95,0.128,275.0,0.135,1.0,87.73,0.47112,-0.13658,0.23013,0.0038,0.43214
182.33,ETH-27MAR20,1580295543504,open,0.0,2295.0,0.001,0.011,0.001814,99.87,0.002,0.0,ETH-27MAR20-80-P,177.58,91.79,0.001,946.0,0.003,89.0,108.18,0.02201,-0.01899,-0.00388,0.00042,-0.01159
177.73,SYN.ETH-31JAN20,1580295543504,open,0.0,902.0,0.001,0.011,1e-06,89.2,0.001,0.0,ETH-31JAN20-140-P,177.58,0.0,0.0,0.0,0.001,868.0,169.33,4e-05,-0.00023,0.0,3e-05,-8e-05
178.31,SYN.ETH-7FEB20,1580295543504,open,0.0,752.0,0.001,0.011,0.001391,104.57,0.001,0.0,ETH-7FEB20-130-P,177.58,99.24,0.001,650.0,0.002,1010.0,111.27,0.01444,-0.08506,-0.001,0.00179,-0.02172
187.63,ETH-26JUN20,1580295543509,open,0.34,679.0,0.296,0.384,0.340802,85.78,0.302,0.0,ETH-26JUN20-140-C,177.58,69.11,0.311,47.0,0.346,180.0,88.6,0.34479,-0.09933,0.34422,0.0028,0.79058
177.73,SYN.ETH-31JAN20,1580295543514,open,0.16,1679.0,0.13,0.181,0.156104,87.81,0.15,0.0,ETH-31JAN20-150-C,177.58,0.0,0.144,49.0,0.164,143.0,202.48,0.00123,-0.0289,0.00768,0.00087,0.9968
177.73,SYN.ETH-31JAN20,1580295543514,open,0.0,2091.0,0.001,0.011,0.0,100.2,0.001,0.0,ETH-31JAN20-260-C,177.58,0.0,0.0,0.0,0.001,1127.0,240.58,0.0,0.0,0.0,0.0,0.0
187.63,ETH-26JUN20,1580295543520,open,0.33,0.0,0.264,0.399,0.330333,85.8,None,0.0,ETH-26JUN20-220-P,177.58,0.0,0.001,10.0,0.0,0.0,0.0,0.47799,-0.13773,-0.64049,0.00388,-0.50658
190.9,SYN.ETH-25SEP20,1580295543520,open,0.08,653.0,0.05,0.127,0.086077,88.68,0.11,0.0,ETH-25SEP20-120-P,177.58,85.03,0.079,500.0,0.089,457.0,90.18,0.37251,-0.06886,-0.30545,0.00175,-0.15739
180.03,SYN.ETH-28FEB20,1580295543525,open,0.15,500.0,0.112,0.197,0.153451,72.39,0.164,0.0,ETH-28FEB20-200-P,177.58,66.19,0.147,1.0,0.199,1.0,113.86,0.18936,-0.22943,-0.11943,0.00986,-0.657
190.9,SYN.ETH-25SEP20,1580295543525,open,0.46,0.0,0.382,0.543,0.461849,89.07,None,0.0,ETH-25SEP20-240-P,177.58,0.0,0.0,0.0,0.0,0.0,0.0,0.61681,-0.11451,-1.1847,0.00289,-0.48243
178.31,SYN.ETH-7FEB20,1580295543525,open,0.13,0.0,0.095,0.171,0.131798,73.69,None,0.0,ETH-7FEB20-200-P,177.58,0.0,0.0,0.0,0.263,1.0,300.35,0.0712,-0.29558,-0.04156,0.0125,-0.82681
187.63,ETH-26JUN20,1580295543528,open,0.16,1061.0,0.106,0.21,0.157812,85.8,0.154,0.0,ETH-26JUN20-220-C,177.58,83.91,0.153,271.0,0.164,271.0,88.23,0.47799,-0.13773,0.25684,0.00388,0.49342
182.33,ETH-27MAR20,1580295543528,open,0.27,667.0,0.23,0.298,0.264497,80.73,0.187,0.0,ETH-27MAR20-140-C,177.58,46.99,0.238,60.0,0.265,20.0,81.25,0.17876,-0.12468,0.16554,0.0042,0.83707
182.33,ETH-27MAR20,1580295543528,open,0.31,112.0,0.278,0.339,0.308626,82.47,0.194,0.0,ETH-27MAR20-130-C,177.58,55.3,0.292,60.0,0.32,60.0,96.04,0.14195,-0.10113,0.1663,0.00327,0.88383
180.03,SYN.ETH-28FEB20,1580295543530,open,0.08,1421.0,0.048,0.112,0.079601,69.79,0.079,0.0,ETH-28FEB20-180-C,177.58,68.38,0.078,164.0,0.083,200.0,72.78,0.20444,-0.23878,0.06786,0.01104,0.54011
178.31,SYN.ETH-7FEB20,1580295543530,open,0.0,342.0,0.001,0.011,0.001409,83.38,0.004,0.0,ETH-7FEB20-140-P,177.58,78.74,0.001,744.0,0.002,355.0,88.82,0.01738,-0.08164,-0.00124,0.0027,-0.02709
182.33,ETH-27MAR20,1580295543532,open,1.41,0.0,1.344,1.5,1.417566,106.15,None,0.0,ETH-27MAR20-440-P,177.58,0.0,0.003,50.0,0.0,0.0,0.0,0.05015,-0.04599,-0.69011,0.0009,-0.96945
182.33,ETH-27MAR20,1580295543532,open,0.98,7.0,0.92,1.055,0.983392,98.13,1.702,0.0,ETH-27MAR20-360-P,177.58,0.0,0.01,30.0,1.401,1.0,400.56,0.08772,-0.07437,-0.55575,0.0017,-0.9389
182.33,ETH-27MAR20,1580295543532,open,0.56,161.0,0.503,0.623,0.55976,89.24,1.397,0.0,ETH-27MAR20-280-P,177.58,0.0,0.002,50.0,0.0,0.0,0.0,0.17049,-0.13144,-0.40711,0.00362,-0.84839
187.63,ETH-26JUN20,1580295543532,open,0.01,3802.0,0.003,0.037,0.013866,102.71,0.012,0.0,ETH-26JUN20-640-C,177.58,98.76,0.011,798.0,0.017,300.0,106.51,0.14548,-0.05018,0.03643,0.00099,0.06147
180.03,SYN.ETH-28FEB20,1580295543532,open,0.24,0.0,0.201,0.291,0.244588,75.38,None,0.0,ETH-28FEB20-220-P,177.58,0.0,0.0,0.0,0.0,0.0,0.0,0.14658,-0.18491,-0.15311,0.00733,-0.79444
187.63,ETH-26JUN20,1580295543534,open,0.04,4139.0,0.016,0.082,0.04327,94.77,0.044,0.0,ETH-26JUN20-400-C,177.58,92.73,0.04,509.0,0.047,297.0,97.03,0.30501,-0.09708,0.09818,0.00224,0.17155
182.33,ETH-27MAR20,1580295543534,open,0.0,5555.0,0.001,0.012,0.002164,110.96,0.003,0.0,ETH-27MAR20-520-C,177.58,101.45,0.001,831.0,0.004,990.0,120.3,0.02865,-0.02746,0.00392,0.00049,0.01574
190.9,SYN.ETH-25SEP20,1580295543534,open,0.63,0.0,0.544,0.72,0.630623,90.48,None,0.0,ETH-25SEP20-280-P,177.58,0.0,0.0,0.0,0.0,0.0,0.0,0.60999,-0.11504,-1.496,0.00281,-0.56178
187.63,ETH-26JUN20,1580295543536,open,0.02,2119.0,0.004,0.041,0.016057,101.37,0.016,0.0,ETH-26JUN20-600-C,177.58,97.61,0.013,797.0,0.02,420.0,105.66,0.16182,-0.05509,0.04168,0.00111,0.07052
187.63,ETH-26JUN20,1580295543536,open,1.17,0.0,1.091,1.269,1.175125,94.77,None,0.0,ETH-26JUN20-400-P,177.58,0.0,0.01,50.0,0.0,0.0,0.0,0.30501,-0.09708,-1.53334,0.00224,-0.82845
187.63,ETH-26JUN20,1580295543536,open,0.41,4.0,0.341,0.483,0.410548,86.32,0.934,0.0,ETH-26JUN20-240-P,177.58,0.0,0.01,50.0,0.0,0.0,0.0,0.47112,-0.13658,-0.74878,0.0038,-0.56786
182.33,ETH-27MAR20,1580295543536,open,0.13,4032.0,0.089,0.169,0.129464,78.22,0.129,0.0,ETH-27MAR20-180-C,177.58,76.64,0.127,164.0,0.132,50.0,79.85,0.28408,-0.19197,0.1297,0.00689,0.5781
180.03,SYN.ETH-28FEB20,1580295543536,open,0.03,260.0,0.013,0.058,0.032573,70.27,0.033,0.0,ETH-28FEB20-160-P,177.58,68.52,0.031,25.0,0.034,192.0,71.85,0.16226,-0.19082,-0.04104,0.0087,-0.24595
180.03,SYN.ETH-28FEB20,1580295543536,open,0.03,69.0,0.011,0.056,0.030835,73.73,0.025,0.0,ETH-28FEB20-210-C,177.58,71.76,0.029,501.0,0.033,372.0,76.02,0.16908,-0.20864,0.03468,0.00864,0.26616
190.9,SYN.ETH-25SEP20,1580295543536,open,0.05,34.0,0.019,0.097,0.050968,101.32,0.044,0.0,ETH-25SEP20-600-C,177.58,98.25,0.045,736.0,0.057,299.0,104.27,0.38069,-0.0804,0.14018,0.00157,0.1627
190.9,SYN.ETH-25SEP20,1580295543536,open,0.31,41.0,0.243,0.384,0.312345,88.85,0.399,0.0,ETH-25SEP20-200-P,177.58,0.0,0.0,0.0,0.468,1.0,141.42,0.59103,-0.10945,-0.8734,0.00278,-0.3838
177.73,SYN.ETH-31JAN20,1580295543538,open,0.0,1087.0,0.001,0.011,0.000252,99.43,0.001,0.0,ETH-31JAN20-210-C,177.58,0.0,0.0,0.0,0.001,651.0,121.4,0.00357,-0.04475,9e-05,0.00221,0.01059
190.9,SYN.ETH-25SEP20,1580295543538,open,0.13,612.0,0.085,0.181,0.131136,88.68,0.124,0.0,ETH-25SEP20-140-P,177.58,84.39,0.121,476.0,0.135,445.0,90.32,0.45161,-0.08348,-0.43366,0.00213,-0.21452
182.33,ETH-27MAR20,1580295543540,open,0.01,141.0,0.001,0.023,0.009379,88.89,0.019,0.0,ETH-27MAR20-110-P,177.58,85.63,0.008,950.0,0.011,685.0,92.45,0.07994,-0.06139,-0.01841,0.00171,-0.05429
182.33,ETH-27MAR20,1580295543540,open,0.77,10.0,0.709,0.836,0.769089,93.66,1.59,0.0,ETH-27MAR20-320-P,177.58,0.0,0.011,5.0,1.207,1.0,400.28,0.12091,-0.09783,-0.48454,0.00245,-0.90689
182.33,ETH-27MAR20,1580295543540,open,0.27,1200.0,0.216,0.324,0.268794,81.77,0.365,0.0,ETH-27MAR20-220-P,177.58,0.0,0.001,29.0,0.322,1.0,116.7,0.26586,-0.1878,-0.26869,0.00617,-0.66058
190.9,SYN.ETH-25SEP20,1580295543540,open,1.99,0.0,1.874,2.117,1.988388,99.37,None,0.0,ETH-25SEP20-560-P,177.58,0.0,0.0,0.0,0.0,0.0,0.0,0.3995,-0.08275,-3.52922,0.00168,-0.82461
180.03,SYN.ETH-28FEB20,1580295543540,open,0.02,945.0,0.004,0.037,0.016628,77.01,0.01,0.0,ETH-28FEB20-230-C,177.58,74.61,0.015,513.0,0.018,397.0,78.96,0.12443,-0.16037,0.02087,0.00609,0.15827
187.63,ETH-26JUN20,1580295543542,open,0.06,2039.0,0.023,0.097,0.054967,92.89,0.055,0.0,ETH-26JUN20-360-C,177.58,90.72,0.051,837.0,0.059,294.0,95.05,0.34665,-0.10815,0.11968,0.0026,0.21135
187.63,ETH-26JUN20,1580295543542,open,0.05,1729.0,0.025,0.083,0.050932,86.38,0.054,0.0,ETH-26JUN20-120-P,177.58,83.57,0.047,629.0,0.055,494.0,89.24,0.26507,-0.0769,-0.14515,0.00214,-0.13873
182.33,ETH-27MAR20,1580295543542,open,1.85,0.0,1.77,1.948,1.854136,110.96,None,0.0,ETH-27MAR20-520-P,177.58,0.0,0.006,50.0,0.0,0.0,0.0,0.02865,-0.02746,-0.82061,0.00049,-0.98426
190.9,SYN.ETH-25SEP20,1580295543542,open,0.34,32.0,0.29,0.399,0.346322,88.67,0.332,0.0,ETH-25SEP20-160-C,177.58,81.51,0.327,51.0,0.352,120.0,90.78,0.51412,-0.09502,0.47815,0.00242,0.72744
187.63,ETH-26JUN20,1580295543545,open,0.01,1453.0,0.001,0.015,0.005352,100.73,0.005,0.0,ETH-26JUN20-60-P,177.58,95.58,0.004,950.0,0.007,300.0,106.09,0.05338,-0.01806,-0.01797,0.00037,-0.01813
187.63,ETH-26JUN20,1580295543545,open,0.59,0.0,0.513,0.668,0.588523,88.98,None,0.0,ETH-26JUN20-280-P,177.58,0.0,0.011,3.0,0.0,0.0,0.0,0.43764,-0.13079,-0.95769,0.00343,-0.66287
182.33,ETH-27MAR20,1580295543545,open,0.36,158.0,0.329,0.384,0.356397,85.64,0.211,0.0,ETH-27MAR20-120-C,177.58,50.75,0.343,60.0,0.365,60.0,98.66,0.10913,-0.08074,0.1626,0.00242,0.91883
187.63,ETH-26JUN20,1580295543545,open,0.97,1.0,0.892,1.063,0.973636,92.89,1.827,0.0,ETH-26JUN20-360-P,177.58,0.0,0.015,2.0,0.0,0.0,0.0,0.34665,-0.10815,-1.34868,0.0026,-0.78865
187.63,ETH-26JUN20,1580295543545,open,0.77,0.0,0.698,0.86,0.775738,90.27,1.06,0.0,ETH-26JUN20-320-P,177.58,0.0,0.015,2.0,0.0,0.0,0.0,0.39009,-0.11827,-1.1586,0.00301,-0.73818
177.73,SYN.ETH-31JAN20,1580295543545,open,0.0,4160.0,0.001,0.011,0.0,89.64,0.001,0.0,ETH-31JAN20-100-P,177.58,0.0,0.0,0.0,0.001,676.0,367.18,0.0,0.0,0.0,0.0,0.0
177.73,SYN.ETH-31JAN20,1580295543545,open,0.0,1541.0,0.001,0.011,6.2e-05,87.8,0.001,0.0,ETH-31JAN20-150-P,177.58,0.0,0.0,0.0,0.001,652.0,126.67,0.00123,-0.01106,-3e-05,0.00087,-0.0032
190.9,SYN.ETH-25SEP20,1580295543545,open,1.38,0.0,1.284,1.501,1.387204,96.38,None,0.0,ETH-25SEP20-440-P,177.58,0.0,0.0,0.0,0.0,0.0,0.0,0.49061,-0.09856,-2.68278,0.00213,-0.75113
190.9,SYN.ETH-25SEP20,1580295543545,open,0.81,0.0,0.719,0.907,0.810558,91.99,None,0.0,ETH-25SEP20-320-P,177.58,0.0,0.0,0.0,0.0,0.0,0.0,0.58663,-0.11248,-1.80162,0.00266,-0.62544
190.9,SYN.ETH-25SEP20,1580295543545,open,1.58,0.0,1.479,1.705,1.585947,97.55,None,0.0,ETH-25SEP20-480-P,177.58,0.0,0.0,0.0,0.0,0.0,0.0,0.45886,-0.09331,-2.96769,0.00196,-0.77948
182.33,ETH-27MAR20,1580295543547,open,0.36,126.0,0.306,0.418,0.360419,84.07,0.4,0.0,ETH-27MAR20-240-P,177.58,0.0,0.005,15.0,0.894,1.0,450.07,0.23395,-0.16993,-0.31909,0.00528,-0.74329
182.33,ETH-27MAR20,1580295543547,open,0.03,2582.0,0.013,0.058,0.032336,80.73,0.036,0.0,ETH-27MAR20-140-P,177.58,78.33,0.03,217.0,0.035,810.0,83.42,0.17876,-0.12468,-0.05645,0.0042,-0.16293
187.63,ETH-26JUN20,1580295543547,open,0.03,634.0,0.008,0.058,0.026848,96.86,0.03,0.0,ETH-26JUN20-480-C,177.58,95.32,0.025,738.0,0.029,3.0,98.58,0.23013,-0.07486,0.06616,0.00165,0.11329
187.63,ETH-26JUN20,1580295543547,open,0.1,964.0,0.052,0.145,0.096225,88.98,0.094,0.0,ETH-26JUN20-280-C,177.58,87.16,0.092,283.0,0.101,423.0,91.02,0.43764,-0.13079,0.18437,0.00343,0.33713
182.33,ETH-27MAR20,1580295543547,open,0.01,1698.0,0.001,0.016,0.005914,92.8,0.006,0.0,ETH-27MAR20-100-P,177.58,89.71,0.005,742.0,0.007,445.0,96.16,0.05628,-0.04512,-0.01187,0.00115,-0.03513
177.73,SYN.ETH-31JAN20,1580295543547,open,0.0,862.0,0.001,0.011,0.0,100.13,0.001,0.0,ETH-31JAN20-240-C,177.58,0.0,0.0,0.0,0.001,1230.0,197.48,1e-05,-5e-05,0.0,1e-05,2e-05
190.9,SYN.ETH-25SEP20,1580295543547,open,0.24,2.0,0.182,0.31,0.245055,88.69,0.325,0.0,ETH-25SEP20-180-P,177.58,84.59,0.233,418.0,0.25,236.0,90.37,0.56013,-0.10354,-0.72085,0.00264,-0.3295
182.33,ETH-27MAR20,1580295543549,open,0.0,201.0,0.001,0.013,0.003899,98.6,0.004,0.0,ETH-27MAR20-90-P,177.58,94.15,0.003,745.0,0.005,325.0,103.31,0.03964,-0.03377,-0.00779,0.00076,-0.02305
190.9,SYN.ETH-25SEP20,1580295543549,open,2.39,0.0,2.274,2.536,2.397146,101.62,None,0.0,ETH-25SEP20-640-P,177.58,0.0,0.0,0.0,0.0,0.0,0.0,0.35333,-0.07484,-4.07972,0.00145,-0.85463
177.73,SYN.ETH-31JAN20,1580295543549,open,0.1,2936.0,0.072,0.128,0.100643,82.81,0.086,0.0,ETH-31JAN20-160-C,177.58,66.67,0.1,80.0,0.106,60.0,133.34,0.01005,-0.22189,0.00789,0.00748,0.9641
177.73,SYN.ETH-31JAN20,1580295543549,open,0.27,185.0,0.246,0.29,0.26857,93.44,0.24,0.0,ETH-31JAN20-130-C,177.58,0.0,0.259,53.0,0.28,53.0,354.92,0.0,-2e-05,0.00668,0.0,1.0
190.9,SYN.ETH-25SEP20,1580295543549,open,0.07,156.0,0.032,0.123,0.071467,97.5,0.066,0.0,ETH-25SEP20-480-C,177.58,95.62,0.067,294.0,0.077,394.0,99.77,0.45855,-0.09319,0.18668,0.00196,0.22026
177.73,SYN.ETH-31JAN20,1580295543551,open,0.21,1264.0,0.188,0.236,0.212307,89.26,0.195,0.0,ETH-31JAN20-140-C,177.58,0.0,0.202,51.0,0.222,193.0,275.99,4e-05,-0.00102,0.00719,3e-05,0.99992
190.9,SYN.ETH-25SEP20,1580295543551,open,1.0,0.0,0.902,1.101,0.998236,93.57,None,0.0,ETH-25SEP20-360-P,177.58,0.0,0.0,0.0,0.0,0.0,0.0,0.55619,-0.10848,-2.10072,0.00248,-0.67616
190.9,SYN.ETH-25SEP20,1580295543551,open,0.06,307.0,0.021,0.102,0.054828,99.3,0.039,0.0,ETH-25SEP20-560-C,177.58,97.93,0.052,396.0,0.058,300.0,100.8,0.39902,-0.08259,0.15084,0.00168,0.17506
182.33,ETH-27MAR20,1580295543553,open,0.06,2840.0,0.031,0.098,0.06219,81.77,0.064,0.0,ETH-27MAR20-220-C,177.58,80.26,0.06,471.0,0.064,50.0,83.0,0.26586,-0.1878,0.08015,0.00617,0.33942
182.33,ETH-27MAR20,1580295543553,open,0.01,1991.0,0.001,0.018,0.00543,100.39,0.006,0.0,ETH-27MAR20-400-C,177.58,95.71,0.004,1190.0,0.007,25.0,104.73,0.06097,-0.05288,0.00963,0.00115,0.03875
187.63,ETH-26JUN20,1580295543553,open,0.26,266.0,0.195,0.319,0.255782,85.13,0.335,0.0,ETH-26JUN20-200-P,177.58,0.0,0.001,10.0,0.5,10.0,187.93,0.47239,-0.13507,-0.53144,0.00386,-0.43863
182.33,ETH-27MAR20,1580295543553,open,0.01,2068.0,0.001,0.025,0.00895,98.13,0.008,0.0,ETH-27MAR20-360-C,177.58,93.79,0.007,565.0,0.011,1475.0,102.14,0.08772,-0.07437,0.01508,0.0017,0.0611
187.63,ETH-26JUN20,1580295543553,open,0.59,0.0,0.566,0.608,0.586487,93.2,None,0.0,ETH-26JUN20-80-C,177.58,52.36,0.574,54.0,0.6,52.0,113.09,0.10708,-0.03352,0.28445,0.0008,0.95817
182.33,ETH-27MAR20,1580295543553,open,0.51,0.0,0.493,0.529,0.510289,98.6,None,0.0,ETH-27MAR20-90-C,177.58,0.0,0.506,48.0,0.517,46.0,121.27,0.03964,-0.03377,0.13492,0.00076,0.97695
187.63,ETH-26JUN20,1580295543553,open,0.69,3.0,0.673,0.7,0.685574,100.73,0.588,0.0,ETH-26JUN20-60-C,177.58,75.18,0.681,59.0,0.69,59.0,113.76,0.05338,-0.01806,0.22675,0.00037,0.98187
182.33,ETH-27MAR20,1580295543553,open,0.0,275.0,0.001,0.011,0.001815,114.72,0.003,0.0,ETH-27MAR20-70-P,177.58,105.56,0.001,748.0,0.003,1048.0,124.11,0.01945,-0.01928,-0.00343,0.00032,-0.01006
182.33,ETH-27MAR20,1580295543553,open,0.0,5094.0,0.001,0.011,0.000784,115.13,0.002,0.0,ETH-27MAR20-640-C,177.58,0.0,0.0,0.0,0.002,749.0,127.38,0.01242,-0.01236,0.00152,0.0002,0.00604
190.9,SYN.ETH-25SEP20,1580295543553,open,0.11,342.0,0.061,0.171,0.112376,93.53,0.108,0.0,ETH-25SEP20-360-C,177.58,90.98,0.105,286.0,0.12,386.0,96.13,0.55608,-0.10841,0.2651,0.00248,0.32368
190.9,SYN.ETH-25SEP20,1580295543553,open,0.03,318.0,0.011,0.047,0.026047,90.3,0.038,0.0,ETH-25SEP20-80-P,177.58,88.15,0.024,881.0,0.028,1.0,92.29,0.18455,-0.03474,-0.10805,0.00085,-0.06008
180.03,SYN.ETH-28FEB20,1580295543553,open,0.15,512.0,0.11,0.176,0.143842,70.27,0.141,0.0,ETH-28FEB20-160-C,177.58,69.33,0.143,48.0,0.149,240.0,75.92,0.16226,-0.19082,0.08992,0.0087,0.75405
180.03,SYN.ETH-28FEB20,1580295543553,open,0.19,686.0,0.154,0.217,0.186149,72.03,0.163,0.0,ETH-28FEB20-150-C,177.58,55.86,0.176,56.0,0.193,240.0,81.39,0.12605,-0.15196,0.09614,0.0066,0.83857
190.9,SYN.ETH-25SEP20,1580295543553,open,0.08,46.0,0.039,0.137,0.082264,96.33,0.075,0.0,ETH-25SEP20-440-C,177.58,94.66,0.078,292.0,0.088,392.0,98.54,0.49037,-0.09846,0.20873,0.00213,0.24864
177.73,SYN.ETH-31JAN20,1580295543553,open,0.0,790.0,0.001,0.011,0.0,89.65,0.001,0.0,ETH-31JAN20-90-P,177.58,0.0,0.0,0.0,0.001,675.0,427.75,0.0,0.0,0.0,0.0,0.0
178.31,SYN.ETH-7FEB20,1580295543553,open,0.33,1.0,0.307,0.348,0.327349,104.84,0.317,0.0,ETH-7FEB20-120-C,177.58,0.0,0.318,36.0,0.336,36.0,184.22,0.00482,-0.02849,0.0289,0.0006,0.99386
177.73,SYN.ETH-31JAN20,1580295543553,open,0.07,13.0,0.039,0.107,0.072069,76.39,0.068,0.0,ETH-31JAN20-190-P,177.58,0.0,0.068,60.0,0.074,60.0,88.75,0.025,-0.509,-0.00873,0.02016,-0.88325
190.9,SYN.ETH-25SEP20,1580295543553,open,0.16,515.0,0.105,0.225,0.163843,90.45,0.157,0.0,ETH-25SEP20-280-C,177.58,89.56,0.161,278.0,0.171,110.0,92.69,0.60997,-0.115,0.34412,0.00282,0.43813
187.63,ETH-26JUN20,1580295543555,open,0.07,609.0,0.033,0.115,0.070253,90.27,0.071,0.0,ETH-26JUN20-320-C,177.58,88.7,0.067,838.0,0.073,12.0,91.58,0.39009,-0.11827,0.14661,0.00301,0.26182
180.03,SYN.ETH-28FEB20,1580295543555,open,0.0,1339.0,0.001,0.011,0.000112,98.78,0.002,0.0,ETH-28FEB20-80-P,177.58,0.0,0.0,0.0,0.001,10.0,125.93,0.00221,-0.00365,-0.00021,8e-05,-0.0013
190.9,SYN.ETH-25SEP20,1580295543555,open,0.07,8.0,0.027,0.114,0.064043,99.19,0.055,0.0,ETH-25SEP20-520-C,177.58,96.46,0.058,753.0,0.07,296.0,101.77,0.43234,-0.08938,0.16967,0.00182,0.19928
180.03,SYN.ETH-28FEB20,1580295543555,open,0.29,0.0,0.25,0.342,0.294179,77.01,None,0.0,ETH-28FEB20-230-P,177.58,0.0,0.0,0.0,0.0,0.0,0.0,0.12443,-0.16037,-0.16739,0.00609,-0.84173
180.03,SYN.ETH-28FEB20,1580295543555,open,0.45,21.0,0.428,0.464,0.445962,98.71,0.267,0.0,ETH-28FEB20-100-C,177.58,0.0,0.444,1.0,0.453,42.0,137.06,0.01736,-0.02867,0.07971,0.00066,0.9869
190.9,SYN.ETH-25SEP20,1580295543555,open,0.13,64.0,0.079,0.194,0.134238,91.96,0.133,0.0,ETH-25SEP20-320-C,177.58,91.23,0.132,283.0,0.141,100.0,94.15,0.58657,-0.11244,0.30135,0.00266,0.37443
177.73,SYN.ETH-31JAN20,1580295543555,open,0.24,1.0,0.202,0.276,0.237838,99.92,0.739,0.0,ETH-31JAN20-220-P,177.58,0.0,0.011,3.0,0.0,0.0,0.0,0.00067,-0.01783,-0.01129,0.00041,-0.99837
180.03,SYN.ETH-28FEB20,1580295543555,open,0.0,830.0,0.001,0.011,0.000459,98.78,0.001,0.0,ETH-28FEB20-90-P,177.58,0.0,0.0,0.0,0.002,961.0,120.64,0.0071,-0.01173,-0.00077,0.00027,-0.00474
182.33,ETH-27MAR20,1580295543557,open,0.02,1677.0,0.005,0.032,0.014544,85.64,0.032,0.0,ETH-27MAR20-120-P,177.58,83.0,0.013,650.0,0.016,585.0,88.02,0.10913,-0.08074,-0.02767,0.00242,-0.08117
182.33,ETH-27MAR20,1580295543557,open,0.09,3633.0,0.053,0.128,0.089215,79.67,0.09,0.0,ETH-27MAR20-200-C,177.58,78.27,0.087,412.0,0.091,50.0,80.81,0.2871,-0.19761,0.10347,0.00684,0.44712
182.33,ETH-27MAR20,1580295543557,open,0.02,628.0,0.008,0.043,0.021619,82.47,0.024,0.0,ETH-27MAR20-130-P,177.58,79.03,0.019,1215.0,0.024,565.0,85.47,0.14195,-0.10113,-0.03984,0.00327,-0.11617
187.63,ETH-26JUN20,1580295543557,open,0.01,1009.0,0.003,0.027,0.012858,93.2,0.021,0.0,ETH-26JUN20-80-P,177.58,89.82,0.011,829.0,0.015,200.0,96.81,0.10708,-0.03352,-0.04185,0.0008,-0.04183
182.33,ETH-27MAR20,1580295543557,open,0.0,2591.0,0.001,0.011,0.001821,114.91,0.001,0.0,ETH-27MAR20-560-C,177.58,107.43,0.001,97.0,0.003,750.0,122.23,0.02445,-0.02427,0.00326,0.0004,0.01309
190.9,SYN.ETH-25SEP20,1580295543557,open,0.7,0.0,0.681,0.715,0.6974,94.59,0.685,0.0,ETH-25SEP20-60-C,177.58,69.73,0.688,61.0,0.703,61.0,104.02,0.10295,-0.0203,0.34302,0.00045,0.97081
182.33,ETH-27MAR20,1580295543559,open,0.0,2194.0,0.001,0.013,0.003293,109.91,0.004,0.0,ETH-27MAR20-480-C,177.58,102.96,0.002,1190.0,0.005,1215.0,116.69,0.03977,-0.03776,0.00574,0.00069,0.02314
182.33,ETH-27MAR20,1580295543559,open,0.12,1780.0,0.076,0.161,0.116685,78.22,0.117,0.0,ETH-27MAR20-180-P,177.58,78.42,0.117,20.0,0.122,261.0,81.63,0.28408,-0.19197,-0.15571,0.00689,-0.4219
182.33,ETH-27MAR20,1580295543559,open,0.0,2063.0,0.001,0.015,0.004359,106.15,0.004,0.0,ETH-27MAR20-440-C,177.58,100.6,0.003,1285.0,0.006,1215.0,111.52,0.05015,-0.04599,0.00757,0.0009,0.03055
177.73,SYN.ETH-31JAN20,1580295543559,open,0.18,1.0,0.148,0.219,0.181793,99.43,0.273,0.0,ETH-31JAN20-210-P,177.58,0.0,0.001,5.0,0.0,0.0,0.0,0.00357,-0.09463,-0.0107,0.00221,-0.98941
180.03,SYN.ETH-28FEB20,1580295543559,open,0.08,91.0,0.047,0.116,0.079423,69.79,0.1,0.0,ETH-28FEB20-180-P,177.58,67.65,0.077,20.0,0.081,144.0,71.17,0.20444,-0.23878,-0.07947,0.01104,-0.45989
190.9,SYN.ETH-25SEP20,1580295543559,open,1.79,0.0,1.677,1.912,1.788063,99.25,None,0.0,ETH-25SEP20-520-P,177.58,0.0,0.0,0.0,0.0,0.0,0.0,0.43273,-0.08952,-3.24754,0.00182,-0.80042
180.03,SYN.ETH-28FEB20,1580295543559,open,0.34,0.0,0.3,0.395,0.345635,78.98,None,0.0,ETH-28FEB20-240-P,177.58,0.0,0.0,0.0,0.0,0.0,0.0,0.10493,-0.1387,-0.18014,0.00501,-0.87685
190.9,SYN.ETH-25SEP20,1580295543559,open,0.01,812.0,0.002,0.024,0.01171,94.62,0.028,0.0,ETH-25SEP20-60-P,177.58,91.33,0.01,946.0,0.013,170.0,96.95,0.10302,-0.02032,-0.05135,0.00045,-0.02922
177.73,SYN.ETH-31JAN20,1580295543559,open,0.0,1068.0,0.001,0.011,0.0,89.56,0.001,0.0,ETH-31JAN20-130-P,177.58,0.0,0.0,0.0,0.001,676.0,213.96,0.0,0.0,0.0,0.0,0.0
182.33,ETH-27MAR20,1580295543561,open,0.03,2962.0,0.008,0.05,0.024083,89.24,0.022,0.0,ETH-27MAR20-280-C,177.58,86.97,0.022,265.0,0.026,559.0,91.25,0.17049,-0.13144,0.03687,0.00362,0.15161
190.9,SYN.ETH-25SEP20,1580295543561,open,0.2,7.0,0.143,0.266,0.204609,89.05,0.192,0.0,ETH-25SEP20-240-C,177.58,87.93,0.201,273.0,0.211,110.0,91.03,0.61681,-0.11449,0.39257,0.00289,0.51751
177.73,SYN.ETH-31JAN20,1580295543561,open,0.44,4.0,0.42,0.453,0.437361,164.28,0.4,0.0,ETH-31JAN20-100-C,177.58,0.0,0.43,41.0,0.444,41.0,500.0,0.0,-1e-05,0.00514,0.0,1.0
180.03,SYN.ETH-28FEB20,1580295543561,open,0.34,62.0,0.315,0.361,0.337746,86.66,0.334,0.0,ETH-28FEB20-120-C,177.58,0.0,0.333,1.0,0.346,59.0,111.66,0.04366,-0.06332,0.09181,0.0019,0.9608
180.03,SYN.ETH-28FEB20,1580295543561,open,0.2,0.0,0.154,0.242,0.197294,73.73,None,0.0,ETH-28FEB20-210-P,177.58,0.0,0.0,0.0,0.0,0.0,0.0,0.16908,-0.20864,-0.13721,0.00864,-0.73384
180.03,SYN.ETH-28FEB20,1580295543561,open,0.29,38.0,0.259,0.311,0.284787,80.36,0.26,0.0,ETH-28FEB20-130-C,177.58,56.3,0.279,56.0,0.295,56.0,103.38,0.06364,-0.08559,0.09613,0.00298,0.93713
190.9,SYN.ETH-25SEP20,1580295543561,open,0.1,486.0,0.048,0.152,0.095697,95.05,0.087,0.0,ETH-25SEP20-400-C,177.58,93.69,0.092,289.0,0.102,389.0,97.33,0.52343,-0.10371,0.23469,0.0023,0.28276
182.33,ETH-27MAR20,1580295543563,open,1.2,5.0,1.131,1.275,1.199254,100.39,2.004,0.0,ETH-27MAR20-400-P,177.58,0.0,0.046,50.0,1.671,1.0,450.38,0.06097,-0.05288,-0.62462,0.00115,-0.96125
187.63,ETH-26JUN20,1580295543563,open,2.21,0.0,2.11,2.332,2.21384,101.37,None,0.0,ETH-26JUN20-600-P,177.58,0.0,0.01,50.0,0.0,0.0,0.0,0.16182,-0.05509,-2.40559,0.00111,-0.92948
177.73,SYN.ETH-31JAN20,1580295543563,open,0.0,2991.0,0.001,0.011,3.3e-05,99.92,0.001,0.0,ETH-31JAN20-220-C,177.58,0.0,0.0,0.0,0.001,801.0,148.65,0.00067,-0.00584,1e-05,0.00041,0.00163
178.31,SYN.ETH-7FEB20,1580295543563,open,0.01,469.0,0.001,0.019,0.005196,77.06,0.007,0.0,ETH-7FEB20-210-C,177.58,72.3,0.004,1280.0,0.007,330.0,83.36,0.04757,-0.20647,0.00396,0.00798,0.09657
190.9,SYN.ETH-25SEP20,1580295543563,open,0.61,0.0,0.582,0.633,0.606967,90.28,None,0.0,ETH-25SEP20-80-C,177.58,72.11,0.592,55.0,0.617,55.0,100.04,0.18448,-0.03472,0.41776,0.00085,0.93995
177.73,SYN.ETH-31JAN20,1580295543563,open,0.0,1600.0,0.001,0.011,0.0,89.63,0.001,0.0,ETH-31JAN20-120-P,177.58,0.0,0.0,0.0,0.001,656.0,261.28,0.0,0.0,0.0,0.0,0.0
180.03,SYN.ETH-28FEB20,1580295543563,open,0.4,0.0,0.352,0.448,0.398139,80.78,None,0.0,ETH-28FEB20-250-P,177.58,0.0,0.0,0.0,0.0,0.0,0.0,0.08769,-0.11855,-0.19189,0.00409,-0.90406
187.63,ETH-26JUN20,1580295543566,open,0.02,227.0,0.007,0.052,0.023042,99.12,0.023,0.0,ETH-26JUN20-520-C,177.58,96.26,0.02,791.0,0.026,300.0,101.72,0.20704,-0.06892,0.05728,0.00145,0.09789
187.63,ETH-26JUN20,1580295543566,open,1.38,0.0,1.292,1.478,1.379408,96.23,None,0.0,ETH-26JUN20-440-P,177.58,0.0,0.01,50.0,0.0,0.0,0.0,0.26696,-0.08628,-1.71368,0.00193,-0.85981
177.73,SYN.ETH-31JAN20,1580295543566,open,0.33,350.0,0.304,0.344,0.324834,114.24,0.303,0.0,ETH-31JAN20-120-C,177.58,0.0,0.316,55.0,0.336,55.0,421.01,0.0,-1e-05,0.00617,0.0,1.0
177.73,SYN.ETH-31JAN20,1580295543566,open,0.0,2257.0,0.001,0.024,0.004763,68.47,0.005,0.0,ETH-31JAN20-170-P,177.58,64.24,0.004,200.0,0.006,920.0,74.9,0.03295,-0.60142,-0.00165,0.02965,-0.17593
180.03,SYN.ETH-28FEB20,1580295543566,open,0.56,1.0,0.542,0.569,0.555747,98.78,0.522,0.0,ETH-28FEB20-80-C,177.58,0.0,0.555,1.0,0.561,48.0,164.86,0.00221,-0.00365,0.06527,8e-05,0.9987
190.9,SYN.ETH-25SEP20,1580295543566,open,0.26,67.0,0.203,0.324,0.264645,88.83,0.243,0.0,ETH-25SEP20-200-C,177.58,85.72,0.255,384.0,0.274,110.0,91.86,0.59105,-0.10944,0.44102,0.00278,0.61616
180.03,SYN.ETH-28FEB20,1580295543568,open,0.0,404.0,0.001,0.011,0.001419,98.71,0.002,0.0,ETH-28FEB20-100-P,177.58,93.86,0.001,650.0,0.002,11.0,104.09,0.01736,-0.02867,-0.00214,0.00066,-0.0131
180.03,SYN.ETH-28FEB20,1580295543568,open,0.01,2180.0,0.001,0.025,0.009497,80.78,0.01,0.0,ETH-28FEB20-250-C,177.58,77.58,0.008,1190.0,0.011,445.0,83.76,0.08769,-0.11855,0.01274,0.00409,0.09594
180.03,SYN.ETH-28FEB20,1580295543568,open,0.05,400.0,0.026,0.084,0.052704,69.89,0.06,0.0,ETH-28FEB20-170-P,177.58,68.28,0.051,20.0,0.054,412.0,71.11,0.19068,-0.22302,-0.05926,0.01028,-0.34948
190.9,SYN.ETH-25SEP20,1580295543568,open,0.05,651.0,0.016,0.088,0.044511,101.53,0.042,0.0,ETH-25SEP20-640-C,177.58,99.02,0.04,738.0,0.049,300.0,103.9,0.35269,-0.07464,0.12604,0.00145,0.14497
177.73,SYN.ETH-31JAN20,1580295543568,open,0.05,2668.0,0.018,0.078,0.048277,68.47,0.046,0.0,ETH-31JAN20-170-C,177.58,61.24,0.047,730.0,0.052,650.0,86.86,0.03295,-0.60142,0.00709,0.02965,0.82407
190.9,SYN.ETH-25SEP20,1580295543568,open,0.53,0.0,0.492,0.561,0.526545,88.74,None,0.0,ETH-25SEP20-100-C,177.58,72.87,0.505,52.0,0.541,52.0,98.29,0.27966,-0.05173,0.4634,0.00132,0.8959
180.03,SYN.ETH-28FEB20,1580295543568,open,0.01,679.0,0.001,0.019,0.006881,80.36,0.009,0.0,ETH-28FEB20-130-P,177.58,77.79,0.006,950.0,0.008,525.0,83.42,0.06364,-0.08559,-0.01028,0.00298,-0.06287
182.33,ETH-27MAR20,1580295543570,open,0.62,0.0,0.605,0.632,0.617896,114.72,None,0.0,ETH-27MAR20-70-C,177.58,0.0,0.616,1.0,0.622,52.0,140.17,0.01945,-0.01928,0.10756,0.00032,0.98994
182.33,ETH-27MAR20,1580295543570,open,0.41,20.0,0.382,0.431,0.406077,88.89,0.272,0.0,ETH-27MAR20-110-C,177.58,61.15,0.398,61.0,0.412,20.0,100.87,0.07994,-0.06139,0.15601,0.00171,0.94571
177.73,SYN.ETH-31JAN20,1580295543570,open,0.46,0.0,0.421,0.508,0.462861,0.0,None,0.0,ETH-31JAN20-260-P,177.58,0.0,0.011,3.0,0.0,0.0,0.0,0.0,0.0,-0.01336,0.0,-1.0
177.73,SYN.ETH-31JAN20,1580295543570,open,0.49,2.0,0.478,0.508,0.493625,192.78,0.473,0.0,ETH-31JAN20-90-C,177.58,0.0,0.487,44.0,0.499,44.0,500.0,0.0,-1e-05,0.00462,0.0,1.0
190.9,SYN.ETH-25SEP20,1580295543570,open,0.38,0.0,0.309,0.46,0.38359,88.57,None,0.0,ETH-25SEP20-220-P,177.58,0.0,0.0,0.0,0.0,0.0,0.0,0.60942,-0.11251,-1.02811,0.00287,-0.43588
177.73,SYN.ETH-31JAN20,1580295543570,open,0.38,2.0,0.362,0.399,0.381097,138.24,0.331,0.0,ETH-31JAN20-110-C,177.58,0.0,0.373,38.0,0.388,38.0,440.52,0.0,-1e-05,0.00565,0.0,1.0
187.63,ETH-26JUN20,1580295543572,open,0.5,1.0,0.466,0.524,0.494855,89.49,0.38,0.0,ETH-26JUN20-100-C,177.58,62.33,0.474,49.0,0.512,49.0,105.65,0.18274,-0.05492,0.32326,0.00142,0.91725
9666.62,BTC-27MAR20,1580295544241,open,0.01,1870.4,0.0005,0.027,0.00957185,79.52,0.0095,0.0,BTC-27MAR20-16000-C,9398.61,78.5,0.009,22.0,0.01,47.8,80.26,5.49917,-3.77773,1.01682,5e-05,0.07591
9666.62,BTC-27MAR20,1580295544241,open,0.07,271.4,0.0405,0.098,0.06548609,62.81,0.065,0.0,BTC-27MAR20-9000-P,9398.61,61.45,0.0635,1.2,0.0655,2.5,62.82,14.11409,-7.65918,-6.22489,0.00015,-0.34063
9666.62,BTC-27MAR20,1580295544241,open,0.13,174.1,0.0875,0.158,0.11940728,62.81,0.123,0.0,BTC-27MAR20-10000-P,9398.61,61.93,0.118,2.5,0.1215,2.5,64.13,15.35545,-8.3326,-9.55833,0.00016,-0.50419
9666.62,BTC-27MAR20,1580295544241,open,0.2,1153.0,0.1765,0.2325,0.20271405,63.67,0.195,0.0,BTC-27MAR20-8000-C,9398.61,60.2,0.199,2.5,0.2035,13.0,64.4,10.48916,-5.76992,9.28847,0.00011,0.80871
9882.95,BTC-26JUN20,1580295544241,open,0.07,668.9,0.041,0.1155,0.07184112,72.92,0.0745,0.0,BTC-26JUN20-14000-C,9398.61,72.31,0.0705,23.0,0.073,2.0,73.43,22.0532,-5.40054,9.32941,8e-05,0.30328
9882.95,BTC-26JUN20,1580295544242,open,2.27,0.0,2.177,2.328,2.24618316,91.31,None,0.0,BTC-26JUN20-32000-P,9398.61,0.0,0.0005,1.0,0.0,0.0,0.0,5.70612,-1.74995,-129.14446,2e-05,-0.95756
9882.95,BTC-26JUN20,1580295544243,open,1.86,0.0,1.7815,1.9215,1.84480761,88.26,None,0.0,BTC-26JUN20-28000-P,9398.61,0.0,0.0005,1.0,0.0,0.0,0.0,7.39183,-2.19108,-112.30879,2e-05,-0.94129
9666.41,BTC-27MAR20,1580295544243,open,0.43,0.0,0.421,0.4515,0.43470875,80.11,None,0.0,BTC-27MAR20-5500-C,9398.61,0.0,0.4225,11.0,0.4385,11.0,92.47,2.3978,-1.65959,8.2509,2e-05,0.97302
9882.95,BTC-26JUN20,1580295544244,open,0.6,0.5,0.589,0.616,0.60072461,81.73,0.589,0.0,BTC-26JUN20-4000-C,9398.61,52.79,0.5955,11.0,0.6045,11.0,91.02,3.45026,-0.94711,15.16432,1e-05,0.97691
9882.95,BTC-26JUN20,1580295544246,open,2.06,0.0,1.979,2.125,2.04548292,90.13,None,0.0,BTC-26JUN20-30000-P,9398.61,0.0,0.0005,1.0,0.0,0.0,0.0,6.54885,-1.98237,-120.73401,2e-05,-0.94962
9537.08,SYN.BTC-28FEB20,1580295544241,open,0.07,275.5,0.0455,0.0975,0.06942349,59.29,0.0675,0.0,BTC-28FEB20-9500-C,9398.61,58.48,0.0685,5.0,0.0705,13.0,60.24,10.8222,-10.7391,3.69618,0.00025,0.54292
10055.73,SYN.BTC-25SEP20,1580295544246,open,0.08,144.6,0.046,0.1125,0.07407474,70.34,0.075,0.0,BTC-25SEP20-7000-P,9398.61,67.21,0.0675,29.4,0.073,18.4,69.83,21.29253,-3.12169,-16.70402,5e-05,-0.17869
9407.5,SYN.BTC-31JAN20,1580295544245,open,0.2,0.0,0.1725,0.2215,0.19593788,93.21,None,0.0,BTC-31JAN20-11250-P,9398.61,0.0,0.0005,0.2,0.0,0.0,0.0,0.08177,-2.03191,-0.57618,2e-05,-0.99589
9537.08,SYN.BTC-28FEB20,1580295544244,open,0.42,4.1,0.412,0.4395,0.42473351,93.16,0.414,0.0,BTC-28FEB20-5500-C,9398.61,0.0,0.415,11.0,0.4285,11.0,116.7,0.97097,-1.51381,4.38173,1e-05,0.98605
9407.5,SYN.BTC-31JAN20,1580295544243,open,0.0,229.0,0.0005,0.0105,0.00067086,94.58,0.0005,0.0,BTC-31JAN20-10750-C,9398.61,90.35,0.0005,46.5,0.0015,96.5,109.0,0.41493,-6.31116,0.01253,0.0001,0.02658
9439.9,SYN.BTC-7FEB20,1580295544241,open,0.2,0.0,0.1695,0.225,0.19504623,72.93,None,0.0,BTC-7FEB20-11250-P,9398.61,0.0,0.0,0.0,0.0,0.0,0.0,1.94769,-8.00161,-2.58557,0.00012,-0.93132
9537.08,SYN.BTC-28FEB20,1580295544244,open,0.1,400.3,0.0725,0.1255,0.09764025,59.3,0.098,0.0,BTC-28FEB20-9000-C,9398.61,56.28,0.0945,14.2,0.099,10.0,60.6,9.93896,-9.86351,4.4299,0.00023,0.66512
9407.5,SYN.BTC-31JAN20,1580295544246,open,0.23,0.0,0.1985,0.248,0.22244865,90.62,None,0.0,BTC-31JAN20-11500-P,9398.61,0.0,0.0005,0.2,0.0,0.0,0.0,0.02498,-0.60333,-0.59045,1e-05,-0.99889
10055.73,SYN.BTC-25SEP20,1580295544241,open,0.52,2.9,0.457,0.589,0.51666085,73.48,0.695,0.0,BTC-25SEP20-14000-P,9398.61,0.0,0.0,0.0,0.722,0.1,137.68,31.45915,-4.8181,-73.90699,6e-05,-0.60169
9537.08,SYN.BTC-28FEB20,1580295544241,open,0.47,0.6,0.4655,0.489,0.4764474,97.76,0.465,0.0,BTC-28FEB20-5000-C,9398.61,0.0,0.4685,12.0,0.48,12.0,129.0,0.54306,-0.88852,4.031,1e-05,0.99283
10055.73,SYN.BTC-25SEP20,1580295544242,open,0.04,198.1,0.0235,0.072,0.04270362,70.34,0.05,0.0,BTC-25SEP20-6000-P,9398.61,67.98,0.039,32.6,0.043,19.6,70.52,16.00654,-2.34673,-10.54634,3e-05,-0.11688
9439.9,SYN.BTC-7FEB20,1580295544331,open,0.01,347.4,0.004,0.036,0.0147603,58.0,0.013,0.0,BTC-7FEB20-10000-C,9398.61,55.56,0.0135,50.0,0.0155,50.0,59.41,4.9283,-16.10132,0.6017,0.00039,0.27688
9407.5,SYN.BTC-31JAN20,1580295544332,open,0.02,144.0,0.004,0.044,0.02119406,54.96,0.021,0.0,BTC-31JAN20-9500-P,9398.61,48.85,0.0195,32.0,0.0215,0.4,56.05,2.62099,-38.39709,-0.29569,0.00105,-0.59043
9439.9,SYN.BTC-7FEB20,1580295544336,open,0.01,347.4,0.004,0.036,0.0147603,58.0,0.013,0.0,BTC-7FEB20-10000-C,9398.61,55.56,0.0135,70.0,0.0155,50.0,59.41,4.9283,-16.10132,0.6017,0.00039,0.27688
9407.5,SYN.BTC-31JAN20,1580295544337,open,0.02,144.0,0.004,0.044,0.02119406,54.96,0.021,0.0,BTC-31JAN20-9500-P,9398.61,48.85,0.0195,37.0,0.0215,0.4,56.05,2.62099,-38.39709,-0.29569,0.00105,-0.59043
9439.9,SYN.BTC-7FEB20,1580295544337,open,0.0,1.0,0.0005,0.015,0.00330931,72.99,0.0035,0.0,BTC-7FEB20-11250-C,9398.61,71.46,0.003,26.0,0.0035,30.0,73.9,1.95187,-8.02602,0.15049,0.00012,0.06887
9537.08,SYN.BTC-28FEB20,1580295544338,open,0.02,113.3,0.006,0.0375,0.01738533,65.83,0.017,0.0,BTC-28FEB20-11500-C,9398.61,64.65,0.0165,39.4,0.018,19.3,66.63,7.26258,-8.001,1.30186,0.00015,0.18416
9537.08,SYN.BTC-28FEB20,1580295544341,open,0.01,521.3,0.004,0.0305,0.01368592,61.91,0.013,0.0,BTC-28FEB20-8000-P,9398.61,60.83,0.013,62.8,0.0145,53.8,63.18,6.07044,-6.29024,-1.19901,0.00013,-0.13991
9537.08,SYN.BTC-28FEB20,1580295544343,open,0.01,521.3,0.004,0.0305,0.01368592,61.91,0.013,0.0,BTC-28FEB20-8000-P,9398.61,60.83,0.013,62.8,0.0145,29.8,63.18,6.07044,-6.29024,-1.19901,0.00013,-0.13991
9666.62,BTC-27MAR20,1580295544357,open,0.05,220.2,0.031,0.0865,0.05469397,65.17,0.0555,0.0,BTC-27MAR20-11000-C,9398.61,64.36,0.0535,17.7,0.056,22.0,66.05,14.34985,-8.07891,4.62389,0.00015,0.35636
9439.9,SYN.BTC-7FEB20,1580295544358,open,0.04,326.8,0.026,0.073,0.04495048,55.14,0.045,0.0,BTC-7FEB20-9250-C,9398.61,52.72,0.0435,24.3,0.0455,11.0,56.06,5.64795,-17.54482,1.29707,0.00047,0.61
9537.08,SYN.BTC-28FEB20,1580295544360,open,0.04,222.0,0.022,0.0675,0.04131806,59.29,0.0405,0.0,BTC-28FEB20-9000-P,9398.61,56.58,0.0385,16.8,0.0415,36.3,59.47,9.93874,-9.8613,-2.93647,0.00023,-0.33486
9439.9,SYN.BTC-7FEB20,1580295544361,open,0.04,326.8,0.026,0.073,0.04494385,55.14,0.045,0.0,BTC-7FEB20-9250-C,9398.61,52.72,0.0435,24.5,0.0455,11.0,56.06,5.64795,-17.54482,1.29707,0.00047,0.61
9537.08,SYN.BTC-28FEB20,1580295544364,open,0.04,222.0,0.022,0.0675,0.04131806,59.29,0.0405,0.0,BTC-28FEB20-9000-P,9398.61,56.58,0.0385,19.5,0.0415,36.3,59.47,9.93874,-9.8613,-2.93647,0.00023,-0.33486
9537.08,SYN.BTC-28FEB20,1580295544367,open,0.02,537.1,0.01,0.0465,0.02419981,63.73,0.0215,0.0,BTC-28FEB20-11000-C,9398.61,62.94,0.0235,2.0,0.025,44.3,64.61,8.57,-9.14012,1.72048,0.00018,0.2446
9537.08,SYN.BTC-28FEB20,1580295544374,open,0.04,222.0,0.022,0.0675,0.04131806,59.29,0.0405,0.0,BTC-28FEB20-9000-P,9398.61,56.58,0.0385,19.5,0.0415,53.1,59.47,9.93874,-9.8613,-2.93647,0.00023,-0.33486
10055.73,SYN.BTC-25SEP20,1580295468247,open,0.23,36.6,0.173,0.28,0.22105656,70.33,0.247,0.0,BTC-25SEP20-10000-P,9398.61,67.1,0.211,13.1,0.222,13.1,70.64,31.13822,-4.56505,-39.98854,7e-05,-0.38406
10055.73,SYN.BTC-25SEP20,1580295532382,open,0.06,165.0,0.0305,0.108,0.06038084,77.86,0.059,0.0,BTC-25SEP20-20000-C,9398.61,77.28,0.059,31.3,0.0615,1.0,78.32,24.10782,-3.91246,10.51731,5e-05,0.21953
10055.73,SYN.BTC-25SEP20,1580295532995,open,0.04,198.1,0.0235,0.072,0.04270701,70.34,0.05,0.0,BTC-25SEP20-6000-P,9398.61,67.98,0.039,32.6,0.043,19.6,70.52,16.00654,-2.34673,-10.54634,3e-05,-0.11688
10055.73,SYN.BTC-25SEP20,1580295531736,open,0.02,98.7,0.0085,0.0585,0.02431204,86.28,0.024,0.0,BTC-25SEP20-32000-C,9398.61,85.69,0.0235,12.0,0.025,20.0,86.78,13.87508,-2.49541,4.73135,2e-05,0.09591
10055.73,SYN.BTC-25SEP20,1580295535040,open,0.07,75.4,0.041,0.1255,0.07505556,76.41,0.073,0.0,BTC-25SEP20-18000-C,9398.61,75.82,0.0735,18.9,0.0765,1.0,76.96,26.66534,-4.24725,12.5062,5e-05,0.2643
10055.73,SYN.BTC-25SEP20,1580295534946,open,0.08,144.6,0.046,0.1125,0.07408015,70.34,0.075,0.0,BTC-25SEP20-7000-P,9398.61,67.21,0.0675,29.4,0.073,18.4,69.83,21.29253,-3.12169,-16.70402,5e-05,-0.17869
10055.73,SYN.BTC-25SEP20,1580295519649,open,0.01,98.4,0.0005,0.024,0.0104336,74.93,0.011,0.0,BTC-25SEP20-4000-P,9398.61,74.22,0.01,10.0,0.011,31.7,75.84,6.19288,-0.96728,-2.95507,1e-05,-0.03428
10055.73,SYN.BTC-25SEP20,1580295531734,open,0.03,93.0,0.012,0.0695,0.03146179,83.88,0.03,0.0,BTC-25SEP20-28000-C,9398.61,82.98,0.03,12.0,0.033,20.0,84.81,16.48067,-2.88156,5.97115,3e-05,0.12182
10055.73,SYN.BTC-25SEP20,1580295532384,open,0.02,351.7,0.01,0.042,0.02172902,71.2,0.0265,0.0,BTC-25SEP20-5000-P,9398.61,70.02,0.0205,20.0,0.023,36.3,72.4,10.57227,-1.56903,-5.85846,2e-05,-0.06692
9883.16,BTC-26JUN20,1580295536181,open,0.18,173.4,0.138,0.2315,0.18000754,68.44,0.181,0.0,BTC-26JUN20-10000-P,9398.61,65.85,0.1735,18.7,0.1845,15.6,70.24,24.72262,-5.68274,-24.34798,9e-05,-0.424
9882.95,BTC-26JUN20,1580295538838,open,0.07,668.9,0.041,0.1155,0.07183147,72.92,0.0745,0.0,BTC-26JUN20-14000-C,9398.61,72.31,0.0705,23.0,0.073,2.0,73.43,22.0532,-5.40054,9.32941,8e-05,0.30328
9882.95,BTC-26JUN20,1580295536170,open,0.05,278.6,0.0245,0.09,0.05020188,75.47,0.0495,0.0,BTC-26JUN20-16000-C,9398.61,74.57,0.0485,37.7,0.052,48.1,76.4,18.88518,-4.78686,7.00824,6e-05,0.22407
9882.95,BTC-26JUN20,1580295531780,open,0.02,58.2,0.007,0.05,0.02100126,82.05,0.021,0.0,BTC-26JUN20-22000-C,9398.61,81.16,0.02,14.0,0.022,20.0,82.91,11.31166,-3.11713,3.30204,3e-05,0.10292
9882.95,BTC-26JUN20,1580295536165,open,0.03,1114.0,0.0105,0.059,0.02704305,79.86,0.0285,0.0,BTC-26JUN20-20000-C,9398.61,78.7,0.0255,38.0,0.0285,80.0,80.93,13.34225,-3.57863,4.14442,4e-05,0.12986
9883.16,BTC-26JUN20,1580295531783,open,0.02,491.2,0.0055,0.0435,0.01698119,84.35,0.0175,0.0,BTC-26JUN20-24000-C,9398.61,83.33,0.016,14.0,0.018,62.5,85.36,9.7479,-2.76134,2.7075,3e-05,0.08415
9882.95,BTC-26JUN20,1580295486866,open,0.0,209.1,0.0005,0.0115,0.00194579,88.8,0.002,0.0,BTC-26JUN20-3000-P,9398.61,85.53,0.0015,26.2,0.0025,39.4,92.25,1.46239,-0.43612,-0.42191,0.0,-0.00852
9883.16,BTC-26JUN20,1580295531788,open,0.01,108.3,0.002,0.034,0.01175912,88.41,0.0125,0.0,BTC-26JUN20-28000-C,9398.61,87.38,0.011,14.0,0.0125,40.0,89.38,7.43475,-2.20758,1.91011,2e-05,0.05914
9882.95,BTC-26JUN20,1580295531785,open,0.01,419.4,0.004,0.038,0.01397407,86.42,0.013,0.0,BTC-26JUN20-26000-C,9398.61,85.25,0.013,34.0,0.015,51.0,87.59,8.46367,-2.45643,2.25359,2e-05,0.06988
9882.95,BTC-26JUN20,1580295532720,open,0.02,371.6,0.0105,0.0455,0.02369179,70.88,0.0245,0.0,BTC-26JUN20-6000-P,9398.61,69.74,0.0225,20.0,0.025,70.0,72.11,10.41526,-2.47944,-4.66201,4e-05,-0.09196
9882.95,BTC-26JUN20,1580295519675,open,0.01,101.6,0.0005,0.031,0.01004277,90.27,0.0085,0.0,BTC-26JUN20-30000-C,9398.61,89.44,0.0095,14.0,0.0105,20.0,90.94,6.58553,-1.99654,1.64014,2e-05,0.05073
9882.95,BTC-26JUN20,1580295536172,open,0.05,232.0,0.0245,0.075,0.04478936,68.66,0.0455,0.0,BTC-26JUN20-7000-P,9398.61,67.49,0.043,48.0,0.0465,37.3,69.77,15.18362,-3.50106,-8.14391,6e-05,-0.15725
9666.41,BTC-27MAR20,1580295537395,open,0.01,653.7,0.0005,0.0195,0.00583148,84.73,0.006,0.0,BTC-27MAR20-18000-C,9398.61,82.5,0.005,75.9,0.0065,47.8,86.38,3.78186,-2.76819,0.63185,3e-05,0.04706
9666.41,BTC-27MAR20,1580295537378,open,0.02,582.9,0.0095,0.0495,0.02411312,70.4,0.0235,0.0,BTC-27MAR20-13000-C,9398.61,69.8,0.0235,21.4,0.0245,8.4,70.76,10.0868,-6.13452,2.38344,0.0001,0.17962
9882.95,BTC-26JUN20,1580295532717,open,0.01,381.9,0.002,0.0265,0.01153489,74.82,0.014,0.0,BTC-26JUN20-5000-P,9398.61,73.17,0.0105,20.0,0.0125,45.8,76.31,6.29824,-1.58272,-2.39882,2e-05,-0.04798
9666.62,BTC-27MAR20,1580295537393,open,0.01,1870.4,0.0005,0.027,0.00957063,79.52,0.0095,0.0,BTC-27MAR20-16000-C,9398.61,78.5,0.009,22.0,0.01,47.8,80.26,5.49917,-3.77773,1.01682,5e-05,0.07591
9666.41,BTC-27MAR20,1580295537390,open,0.01,221.6,0.0025,0.032,0.01240868,76.29,0.011,0.0,BTC-27MAR20-15000-C,9398.61,74.93,0.0115,44.0,0.013,19.8,77.13,6.64274,-4.37787,1.30772,6e-05,0.09773
9666.41,BTC-27MAR20,1580295521366,open,0.0,328.0,0.0005,0.011,0.00145094,100.85,0.0025,0.0,BTC-27MAR20-26000-C,9398.61,96.67,0.001,57.0,0.002,45.4,104.83,1.18632,-1.0336,0.15888,1e-05,0.01182
9666.41,BTC-27MAR20,1580295521515,open,0.0,322.4,0.0005,0.0125,0.00289725,94.72,0.003,0.0,BTC-27MAR20-22000-C,9398.61,92.81,0.0025,10.0,0.0035,72.8,97.3,2.11221,-1.72838,0.31107,2e-05,0.02319
9666.41,BTC-27MAR20,1580295521406,open,0.0,231.8,0.0005,0.0115,0.00197245,97.66,0.002,0.0,BTC-27MAR20-24000-C,9398.61,94.41,0.0015,60.0,0.0025,46.0,100.7,1.54214,-1.30114,0.21526,1e-05,0.01602
9666.41,BTC-27MAR20,1580295521380,open,0.0,134.0,0.0005,0.0135,0.00367,80.03,0.004,0.0,BTC-27MAR20-5500-P,9398.61,77.17,0.003,87.0,0.0045,90.0,83.2,2.39021,-1.65264,-0.46821,2e-05,-0.02688
9666.62,BTC-27MAR20,1580295521620,open,0.0,533.0,0.0005,0.012,0.0024357,85.51,0.0025,0.0,BTC-27MAR20-5000-P,9398.61,82.83,0.002,24.0,0.003,50.0,88.57,1.67038,-1.23393,-0.30686,1e-05,-0.01758
9666.41,BTC-27MAR20,1580295537397,open,0.0,706.9,0.0005,0.015,0.00377549,89.21,0.004,0.0,BTC-27MAR20-20000-C,9398.61,88.19,0.0035,34.4,0.004,0.6,90.0,2.67668,-2.06288,0.41418,2e-05,0.0308
9666.62,BTC-27MAR20,1580295475544,open,0.0,268.9,0.0005,0.0105,0.000908,112.27,0.001,0.0,BTC-27MAR20-32000-C,9398.61,105.84,0.0005,62.1,0.0015,43.0,118.51,0.75588,-0.73313,0.09431,0.0,0.00706
9666.62,BTC-27MAR20,1580295442930,open,0.0,306.9,0.0005,0.0105,0.00072323,118.74,0.001,0.0,BTC-27MAR20-36000-C,9398.61,114.65,0.0005,18.1,0.001,50.0,122.66,0.60334,-0.61894,0.07282,0.0,0.00547
9537.08,SYN.BTC-28FEB20,1580295521452,open,0.0,269.4,0.0005,0.011,0.0014226,93.08,0.001,0.0,BTC-28FEB20-5500-P,9398.61,88.44,0.001,20.0,0.002,94.2,98.17,0.96766,-1.50743,-0.1196,1e-05,-0.0139
9666.62,BTC-27MAR20,1580295521453,open,0.0,163.3,0.0005,0.0105,0.0009087,107.17,0.001,0.0,BTC-27MAR20-30000-C,9398.61,100.95,0.0005,78.0,0.0015,62.0,113.21,0.78188,-0.72394,0.09853,0.0,0.00734
9537.08,SYN.BTC-28FEB20,1580295538198,open,0.0,378.3,0.0005,0.0115,0.00193165,83.9,0.002,0.0,BTC-28FEB20-6000-P,9398.61,80.56,0.0015,84.0,0.0025,30.1,87.66,1.32918,-1.86628,-0.17233,2e-05,-0.02014
9537.08,SYN.BTC-28FEB20,1580295530286,open,0.01,919.1,0.0005,0.0155,0.00516806,72.1,0.0055,0.0,BTC-28FEB20-7000-P,9398.61,71.57,0.005,67.1,0.0055,24.0,73.14,3.01451,-3.63751,-0.46597,6e-05,-0.05452
9666.41,BTC-27MAR20,1580295530623,open,0.01,163.5,0.0005,0.0215,0.00843274,71.12,0.0092,0.0,BTC-27MAR20-6500-P,9398.61,70.22,0.008,37.0,0.009,19.3,72.28,4.67002,-2.86931,-1.07065,4e-05,-0.06142
9666.62,BTC-27MAR20,1580295521456,open,0.0,36.9,0.0005,0.011,0.00142957,90.06,0.002,0.0,BTC-27MAR20-4500-P,9398.61,85.68,0.001,61.0,0.002,91.0,94.7,1.06211,-0.82637,-0.1814,1e-05,-0.01041
9537.08,SYN.BTC-28FEB20,1580295521614,open,0.0,301.1,0.0005,0.0105,0.0007101,97.64,0.0015,0.0,BTC-28FEB20-5000-P,9398.61,93.47,0.0005,22.2,0.001,20.1,102.18,0.53947,-0.88154,-0.06109,1e-05,-0.00712
9439.9,SYN.BTC-7FEB20,1580295441457,open,0.0,60.8,0.0005,0.0105,0.00013666,89.71,0.0005,0.0,BTC-7FEB20-6500-P,9398.61,0.0,0.0,0.0,0.001,40.0,114.8,0.13862,-0.70058,-0.00742,1e-05,-0.0031
9407.5,SYN.BTC-31JAN20,1580295539017,open,0.0,229.0,0.0005,0.0105,0.00067102,94.58,0.0005,0.0,BTC-31JAN20-10750-C,9398.61,90.35,0.0005,46.5,0.0015,96.5,109.0,0.41493,-6.31116,0.01253,0.0001,0.02658
9407.5,SYN.BTC-31JAN20,1580295440567,open,0.0,1094.8,0.0005,0.0105,0.0,95.28,0.0005,0.0,BTC-31JAN20-6000-P,9398.61,0.0,0.0,0.0,0.0005,41.2,268.27,0.0,0.0,0.0,0.0,0.0
9407.5,SYN.BTC-31JAN20,1580295528156,open,0.0,1132.8,0.0005,0.0105,9e-08,95.28,0.0005,0.0,BTC-31JAN20-7000-P,9398.61,0.0,0.0,0.0,0.0005,67.0,184.32,0.0002,-0.00088,0.0,0.0,-1e-05
9439.9,SYN.BTC-7FEB20,1580295530651,open,0.0,31.7,0.0005,0.0105,0.00088746,83.32,0.001,0.0,BTC-7FEB20-7250-P,9398.61,76.66,0.0005,92.3,0.0015,102.0,90.78,0.6525,-3.06285,-0.04342,4e-05,-0.01803
9537.08,SYN.BTC-28FEB20,1580295534298,open,0.03,337.9,0.01,0.045,0.02370869,59.33,0.0245,0.0,BTC-28FEB20-8500-P,9398.61,57.91,0.0225,38.6,0.0245,37.9,60.26,8.13571,-8.07845,-1.92356,0.00018,-0.22271
9439.9,SYN.BTC-7FEB20,1580295521623,open,0.0,218.1,0.0005,0.012,0.00240183,67.5,0.003,0.0,BTC-7FEB20-8000-P,9398.61,64.97,0.002,131.0,0.003,30.0,70.9,1.56845,-5.96421,-0.12508,0.00011,-0.05209
9537.08,SYN.BTC-28FEB20,1580295538196,open,0.07,93.8,0.0415,0.0955,0.06552952,59.28,0.068,0.0,BTC-28FEB20-9500-P,9398.61,56.18,0.062,29.1,0.0655,14.4,59.26,10.82221,-10.73701,-4.07962,0.00025,-0.45709
190.9,SYN.ETH-25SEP20,1580295537426,open,0.2,7.0,0.143,0.266,0.204635,89.05,0.192,0.0,ETH-25SEP20-240-C,177.58,87.93,0.201,273.0,0.211,110.0,91.03,0.61681,-0.11449,0.39257,0.00289,0.51751
187.63,ETH-26JUN20,1580295537445,open,0.05,1729.0,0.025,0.083,0.050932,86.38,0.054,0.0,ETH-26JUN20-120-P,177.58,83.57,0.047,629.0,0.055,494.0,89.24,0.26507,-0.0769,-0.14515,0.00214,-0.13873
9407.5,SYN.BTC-31JAN20,1580295521914,open,0.0,226.8,0.0005,0.0125,0.00153403,77.49,0.0015,0.0,BTC-31JAN20-10250-C,9398.61,70.9,0.001,77.5,0.002,40.0,82.27,0.85216,-14.44037,0.03054,0.00024,0.06471
190.9,SYN.ETH-25SEP20,1580295537424,open,0.13,612.0,0.085,0.181,0.131119,88.68,0.124,0.0,ETH-25SEP20-140-P,177.58,84.39,0.121,476.0,0.135,445.0,90.32,0.45161,-0.08348,-0.43366,0.00213,-0.21452
190.9,SYN.ETH-25SEP20,1580295524167,open,0.24,2.0,0.182,0.31,0.245026,88.69,0.325,0.0,ETH-25SEP20-180-P,177.58,84.59,0.233,418.0,0.25,236.0,90.37,0.56013,-0.10354,-0.72085,0.00264,-0.3295
190.9,SYN.ETH-25SEP20,1580295537411,open,0.08,653.0,0.05,0.127,0.086066,88.68,0.11,0.0,ETH-25SEP20-120-P,177.58,85.03,0.079,500.0,0.089,457.0,90.18,0.37251,-0.06886,-0.30545,0.00175,-0.15739
9439.9,SYN.BTC-7FEB20,1580295536413,open,0.0,252.6,0.0005,0.0115,0.00190551,74.29,0.0015,0.0,BTC-7FEB20-7750-P,9398.61,71.02,0.0015,65.9,0.0025,101.0,78.46,1.24667,-5.21745,-0.09425,8e-05,-0.03915
