underlying_price,underlying_index,timestamp,state,settlement_price,open_interest,min_price,max_price,mark_price,mark_iv,last_price,interest_rate,instrument_name,index_price,bid_iv,best_bid_price,best_bid_amount,best_ask_price,best_ask_amount,ask_iv,vega,theta,rho,gamma,delta
9761.2,SYN.BTC-25FEB20,1582541940020,open,0.1,0.0,0.08,0.124,0.10131628,67.54,None,0.0,BTC-25FEB20-10750-P,9756.38,0.0,0.0,0.0,0.0,0.0,0.0,0.02844,-0.96047,-0.25748,2e-05,-0.99814
267.73,SYN.ETH-25FEB20,1582541940020,open,0.12,0.0,0.088,0.155,0.120527,75.97,None,0.0,ETH-25FEB20-300-P,267.56,0.0,0.0,0.0,0.0,0.0,0.0,0.00052,-0.0196,-0.00719,0.0004,-0.99881
269.72,SYN.ETH-6MAR20,1582541940020,open,0.0,336.0,0.0005,0.012,0.002371,98.02,0.006,0.0,ETH-6MAR20-370-C,267.56,90.93,0.0015,600.0,0.0035,300.0,105.15,0.03785,-0.17056,0.0028,0.00178,0.03724
269.72,SYN.ETH-6MAR20,1582541940020,open,0.37,0.0,0.3325,0.421,0.374166,98.14,None,0.0,ETH-6MAR20-370-P,267.56,0.0,0.0,0.0,0.0,0.0,0.0,0.03801,-0.17152,-0.10743,0.00179,-0.96256
9761.2,SYN.BTC-25FEB20,1582541940020,open,0.0,7.9,0.0005,0.0105,1.551e-05,66.73,0.001,0.0,BTC-25FEB20-10750-C,9756.38,0.0,0.0,0.0,0.0005,30.0,100.91,0.02565,-0.15144,0.00039,2e-05,0.00166
267.73,SYN.ETH-25FEB20,1582541940022,open,0.0,0.0,0.0005,0.0105,1.1e-05,75.37,None,0.0,ETH-25FEB20-300-C,267.56,0.0,0.0,0.0,0.0005,1.0,115.75,0.00048,-0.00298,1e-05,0.00037,0.00109
9816.29,SYN.BTC-6MAR20,1582541940031,open,0.0,4.2,0.0005,0.0115,0.00184495,70.52,0.003,0.0,BTC-6MAR20-12250-C,9756.38,63.67,0.001,20.0,0.003,20.0,77.31,1.43976,-4.66759,0.10959,7e-05,0.03931
9816.29,SYN.BTC-6MAR20,1582541940033,open,0.25,0.0,0.224,0.2795,0.24977271,70.53,None,0.0,BTC-6MAR20-12250-P,9756.38,0.0,0.0,0.0,0.0,0.0,0.0,1.44093,-4.6725,-3.54036,7e-05,-0.96065
293.71,SYN.ETH-25SEP20,1582541940191,open,1.9,0.0,1.7945,2.0205,1.900688,96.05,None,0.0,ETH-25SEP20-840-P,267.56,0.0,0.0,0.0,0.0,0.0,0.0,0.51062,-0.11466,-4.74396,0.00105,-0.85576
285.18,ETH-26JUN20,1582541940193,open,0.41,2710.0,0.373,0.441,0.406917,86.52,0.388,0.0,ETH-26JUN20-180-C,267.56,60.38,0.381,1.0,0.449,1.0,118.97,0.33385,-0.11753,0.45277,0.00141,0.87853
268.33,SYN.ETH-28FEB20,1582541940195,open,0.0,2086.0,0.0005,0.0105,0.000381,87.05,0.0015,0.0,ETH-28FEB20-220-P,267.56,0.0,0.0,0.0,0.0015,300.0,108.08,0.00861,-0.09664,-0.00035,0.00129,-0.01195
268.33,SYN.ETH-28FEB20,1582541940195,open,0.3,0.0,0.2665,0.345,0.304454,93.26,None,0.0,ETH-28FEB20-350-P,267.56,0.0,0.0,0.0,0.0,0.0,0.0,0.00275,-0.03311,-0.03707,0.00039,-0.99671
268.33,SYN.ETH-28FEB20,1582541940195,open,0.0,613.0,0.0005,0.0105,0.000225,92.47,0.0005,0.0,ETH-28FEB20-340-C,267.56,0.0,0.0,0.0,0.002,300.0,126.41,0.00567,-0.0605,0.0002,0.0008,0.00741
273.9,ETH-27MAR20,1582541940205,open,0.11,1231.0,0.07,0.1515,0.109568,82.44,0.1085,0.0,ETH-27MAR20-280-P,267.56,80.69,0.1075,215.0,0.113,400.0,85.35,0.32275,-0.41738,-0.14281,0.00598,-0.48747
273.9,ETH-27MAR20,1582541940208,open,0.53,112.0,0.511,0.5415,0.526124,108.58,0.5185,0.0,ETH-27MAR20-130-C,267.56,0.0,0.525,1.0,0.0,0.0,0.0,0.0148,-0.02521,0.11179,0.00021,0.99349
268.33,SYN.ETH-28FEB20,1582541940208,open,0.33,1821.0,0.3085,0.3495,0.329183,0.0,0.331,0.0,ETH-28FEB20-180-C,267.56,0.0,0.0,0.0,0.0,0.0,0.0,0.0,0.0,0.01911,0.0,1.0
269.72,SYN.ETH-6MAR20,1582541940208,open,0.02,82.0,0.0025,0.038,0.015351,86.97,0.0215,0.0,ETH-6MAR20-310-C,267.56,84.11,0.014,240.0,0.017,240.0,90.36,0.1292,-0.51661,0.01461,0.00685,0.1971
293.71,SYN.ETH-25SEP20,1582541940208,open,0.06,11.0,0.0255,0.107,0.060381,92.82,0.0745,0.0,ETH-25SEP20-680-C,267.56,89.82,0.054,295.0,0.067,200.0,95.81,0.63754,-0.13834,0.24773,0.00136,0.20432
285.18,ETH-26JUN20,1582541940210,open,0.03,3805.0,0.0085,0.058,0.027299,96.63,0.03,0.0,ETH-26JUN20-640-C,267.56,92.84,0.023,300.0,0.032,310.0,100.47,0.3363,-0.13224,0.09163,0.00127,0.12274
273.9,ETH-27MAR20,1582541940210,open,0.0,690.0,0.0005,0.0105,0.000132,108.59,0.001,0.0,ETH-27MAR20-110-P,267.56,0.0,0.0,0.0,0.002,310.0,150.01,0.00355,-0.00605,-0.00035,5e-05,-0.00134
268.33,SYN.ETH-28FEB20,1582541940210,open,0.0,1872.0,0.0005,0.0105,0.0,87.12,0.0005,0.0,ETH-28FEB20-160-P,267.56,0.0,0.0,0.0,0.003,300.0,276.45,0.0,0.0,0.0,0.0,0.0
269.72,SYN.ETH-6MAR20,1582541940210,open,0.01,91.0,0.0005,0.019,0.00547,87.07,0.0095,0.0,ETH-6MAR20-220-P,267.56,82.96,0.0045,300.0,0.0065,300.0,91.06,0.06672,-0.26706,-0.00656,0.00354,-0.07622
268.33,SYN.ETH-28FEB20,1582541940210,open,0.22,1414.0,0.1935,0.241,0.217456,86.66,0.193,0.0,ETH-28FEB20-210-C,267.56,0.0,0.0,0.0,0.0,0.0,0.0,0.00225,-0.0252,0.02222,0.00034,0.99736
285.18,ETH-26JUN20,1582541940213,open,0.03,2223.0,0.0105,0.0655,0.032339,95.35,0.043,0.0,ETH-26JUN20-600-C,267.56,91.93,0.028,299.0,0.037,310.0,98.81,0.37325,-0.14482,0.10604,0.00143,0.1428
269.72,SYN.ETH-6MAR20,1582541940213,open,0.0,0.0,0.0005,0.0105,0.000368,97.45,None,0.0,ETH-6MAR20-180-P,267.56,0.0,0.0,0.0,0.0025,301.0,129.18,0.0084,-0.03762,-0.00055,0.0004,-0.00641
293.71,SYN.ETH-25SEP20,1582541940213,open,0.02,483.0,0.007,0.036,0.018573,89.11,0.027,0.0,ETH-25SEP20-120-P,267.56,79.85,0.012,300.0,0.02,250.0,90.91,0.22866,-0.04763,-0.11652,0.00051,-0.04913
293.71,SYN.ETH-25SEP20,1582541940212,open,0.5,168.0,0.4665,0.5335,0.499933,85.58,0.546,0.0,ETH-25SEP20-160-C,267.56,34.76,0.456,1.0,0.0,0.0,0.0,0.40822,-0.08168,0.68029,0.00094,0.89521
293.71,SYN.ETH-25SEP20,1582541940214,open,1.0,0.0,0.9045,1.0935,0.995393,91.05,None,0.0,ETH-25SEP20-560-P,267.56,0.0,0.0,0.0,0.0,0.0,0.0,0.75922,-0.16161,-2.9491,0.00165,-0.71817
273.9,ETH-27MAR20,1582541940218,open,0.0,4442.0,0.0005,0.016,0.004424,111.56,0.007,0.0,ETH-27MAR20-520-C,267.56,107.47,0.0035,400.0,0.0055,240.0,115.72,0.06628,-0.116,0.00793,0.00091,0.03757
273.9,ETH-27MAR20,1582541940222,open,0.9,0.0,0.844,0.969,0.902927,111.56,None,0.0,ETH-27MAR20-520-P,267.56,0.0,0.006,50.0,0.0,0.0,0.0,0.06628,-0.116,-0.44619,0.00091,-0.96243
285.18,ETH-26JUN20,1582541940246,open,0.01,984.0,0.0005,0.02,0.008426,94.43,0.011,0.0,ETH-26JUN20-120-P,267.56,90.83,0.007,300.0,0.01,200.0,98.06,0.1184,-0.0455,-0.0387,0.00046,-0.03188
273.9,ETH-27MAR20,1582541940248,open,0.21,1707.0,0.1675,0.265,0.215071,87.45,0.235,0.0,ETH-27MAR20-320-P,267.56,0.0,0.15,5.0,0.2335,1.0,104.45,0.28878,-0.39615,-0.21453,0.00504,-0.68178
293.71,SYN.ETH-25SEP20,1582541940253,open,0.03,637.0,0.014,0.056,0.031966,89.11,0.042,0.0,ETH-25SEP20-140-P,267.56,87.3,0.03,25.0,0.034,250.0,90.93,0.32387,-0.06747,-0.18709,0.00072,-0.07674
273.9,ETH-27MAR20,1582541940257,open,0.0,2284.0,0.0005,0.0115,0.001502,108.57,0.004,0.0,ETH-27MAR20-140-P,267.56,108.54,0.0015,300.0,0.006,300.0,138.06,0.02556,-0.04353,-0.00327,0.00036,-0.01215
285.18,ETH-26JUN20,1582541940271,open,0.21,768.0,0.152,0.252,0.202845,85.28,0.231,0.0,ETH-26JUN20-280-C,267.56,81.98,0.1955,260.0,0.21,320.0,88.5,0.63394,-0.21999,0.39278,0.00272,0.61197
269.72,SYN.ETH-6MAR20,1582541940271,open,0.13,0.0,0.093,0.176,0.133448,85.08,None,0.0,ETH-6MAR20-300-P,267.56,0.0,0.0,0.0,0.0,0.0,0.0,0.15028,-0.58779,-0.0704,0.00815,-0.74247
273.9,ETH-27MAR20,1582541940273,open,1.04,0.0,0.9855,1.117,1.047696,115.46,None,0.0,ETH-27MAR20-560-P,267.56,0.0,0.02,50.0,0.0,0.0,0.0,0.05059,-0.09163,-0.48333,0.00067,-0.97291
293.71,SYN.ETH-25SEP20,1582541940273,open,0.75,0.0,0.666,0.844,0.752648,89.78,None,0.0,ETH-25SEP20-480-P,267.56,0.0,0.0,0.0,0.0,0.0,0.0,0.83726,-0.17573,-2.40493,0.00184,-0.64472
293.71,SYN.ETH-25SEP20,1582541940275,open,0.07,1066.0,0.0355,0.1015,0.065544,85.6,0.066,0.0,ETH-25SEP20-180-P,267.56,80.24,0.0565,290.0,0.07,530.0,88.18,0.50336,-0.10073,-0.35583,0.00116,-0.14121
273.9,ETH-27MAR20,1582541940277,open,0.67,67.0,0.6615,0.681,0.671425,108.6,0.673,0.0,ETH-27MAR20-90-C,267.56,0.0,0.0,0.0,0.0,0.0,0.0,0.00045,-0.00076,0.07856,1e-05,0.99986
268.33,SYN.ETH-28FEB20,1582541940293,open,0.15,953.0,0.1165,0.172,0.144294,86.98,0.11,0.0,ETH-28FEB20-230-C,267.56,0.0,0.015,2.0,0.2115,20.0,336.48,0.02325,-0.26094,0.02327,0.0035,0.96118
285.18,ETH-26JUN20,1582541940306,open,0.28,240.0,0.216,0.3425,0.278147,87.13,0.337,0.0,ETH-26JUN20-320-P,267.56,0.0,0.015,2.0,0.298,320.0,95.72,0.6599,-0.23398,-0.73751,0.00277,-0.49006
269.72,SYN.ETH-6MAR20,1582541940306,open,0.26,0.0,0.236,0.286,0.260665,97.34,None,0.0,ETH-6MAR20-200-C,267.56,45.34,0.2585,1.0,0.0,0.0,0.0,0.03269,-0.14631,0.05691,0.00155,0.96884
273.9,ETH-27MAR20,1582541940310,open,0.0,1860.0,0.0005,0.0105,4.4e-05,108.59,0.001,0.0,ETH-27MAR20-100-P,267.56,0.0,0.0,0.0,0.0015,300.0,157.71,0.00139,-0.00237,-0.00013,2e-05,-0.00048
9816.29,SYN.BTC-6MAR20,1582541940322,open,0.01,195.9,0.0025,0.037,0.01226485,52.18,0.0125,0.0,BTC-6MAR20-10500-C,9756.38,48.84,0.0105,20.0,0.013,2.5,53.54,5.28183,-12.67123,0.66959,0.00035,0.24119
273.9,ETH-27MAR20,1582541940326,open,0.0,1277.0,0.0005,0.0105,1.2e-05,108.6,0.001,0.0,ETH-27MAR20-90-P,267.56,0.0,0.0,0.0,0.001,99.0,163.92,0.00045,-0.00076,-4e-05,1e-05,-0.00014
293.71,SYN.ETH-25SEP20,1582541940333,open,1.25,0.0,1.1525,1.351,1.246956,92.11,None,0.0,ETH-25SEP20-640-P,267.56,0.0,0.0,0.0,0.0,0.0,0.0,0.676,-0.14557,-3.47814,0.00145,-0.774
273.9,ETH-27MAR20,1582541940339,open,0.56,188.0,0.5485,0.576,0.56222,108.58,0.555,0.0,ETH-27MAR20-120-C,267.56,0.0,0.0,0.0,0.0,0.0,0.0,0.00773,-0.01316,0.10396,0.00011,0.99686
285.18,ETH-26JUN20,1582541940341,open,0.39,1.0,0.3175,0.456,0.385295,89.53,1.827,0.0,ETH-26JUN20-360-P,267.56,0.0,0.015,2.0,1.3,1.0,500.0,0.64845,-0.23625,-0.92179,0.00265,-0.57486
293.71,SYN.ETH-25SEP20,1582541940341,open,0.46,176.0,0.413,0.4915,0.452677,85.59,0.397,0.0,ETH-25SEP20-180-C,267.56,0.0,0.0,0.0,0.477,120.0,99.36,0.50332,-0.10071,0.69896,0.00116,0.8588
293.71,SYN.ETH-25SEP20,1582541940350,open,0.12,605.0,0.0675,0.1745,0.118336,89.76,0.128,0.0,ETH-25SEP20-480-C,267.56,87.17,0.111,283.0,0.124,210.0,91.74,0.83718,-0.17567,0.40763,0.00185,0.35519
293.71,SYN.ETH-25SEP20,1582541940350,open,0.09,599.0,0.0445,0.1415,0.088696,91.03,0.098,0.0,ETH-25SEP20-560-C,267.56,88.21,0.0815,288.0,0.096,200.0,93.82,0.75907,-0.16153,0.33219,0.00165,0.28171
285.18,ETH-26JUN20,1582541940355,open,0.0,1845.0,0.0005,0.0105,0.000424,104.36,0.001,0.0,ETH-26JUN20-60-P,267.56,0.0,0.0,0.0,0.004,300.0,142.03,0.01052,-0.00447,-0.00233,4e-05,-0.00201
293.71,SYN.ETH-25SEP20,1582541940355,open,0.64,0.0,0.554,0.7265,0.638214,89.78,None,0.0,ETH-25SEP20-440-P,267.56,0.0,0.0,0.0,0.0,0.0,0.0,0.87053,-0.1827,-2.12514,0.00192,-0.59659
293.71,SYN.ETH-25SEP20,1582541940355,open,0.0,615.0,0.0005,0.014,0.004047,90.51,0.009,0.0,ETH-25SEP20-80-P,267.56,80.83,0.002,300.0,0.007,250.0,100.19,0.07569,-0.01601,-0.02949,0.00017,-0.01309
285.18,ETH-26JUN20,1582541940357,open,0.16,1928.0,0.1055,0.2065,0.156049,87.13,0.18,0.0,ETH-26JUN20-320-C,267.56,84.95,0.151,268.0,0.161,320.0,89.27,0.6599,-0.23398,0.33975,0.00277,0.50994
273.9,ETH-27MAR20,1582541940357,open,0.02,6099.0,0.0075,0.05,0.024465,90.64,0.0235,0.0,ETH-27MAR20-360-C,267.56,88.78,0.023,304.0,0.026,192.0,92.55,0.21799,-0.30994,0.03904,0.00367,0.18767
285.18,ETH-26JUN20,1582541940357,open,0.04,1687.0,0.017,0.066,0.038114,86.53,0.0435,0.0,ETH-26JUN20-180-P,267.56,82.52,0.0335,295.0,0.043,300.0,90.63,0.33389,-0.11757,-0.15323,0.00141,-0.12149
273.9,ETH-27MAR20,1582541940357,open,0.0,6972.0,0.0005,0.0125,0.002755,130.0,0.0045,0.0,ETH-27MAR20-640-C,267.56,120.14,0.0015,14.0,0.0055,300.0,143.97,0.04223,-0.08611,0.00457,0.0005,0.02184
285.18,ETH-26JUN20,1582541940360,open,0.02,55.0,0.006,0.05,0.021856,100.9,0.0255,0.0,ETH-26JUN20-720-C,267.56,97.42,0.0185,300.0,0.0255,300.0,104.37,0.28752,-0.11804,0.07373,0.00104,0.09865
268.33,SYN.ETH-28FEB20,1582541940360,open,0.23,0.0,0.1945,0.27,0.23038,92.36,None,0.0,ETH-28FEB20-330-P,267.56,0.0,0.0,0.0,0.0,0.0,0.0,0.01151,-0.13712,-0.03458,0.00163,-0.98325
268.33,SYN.ETH-28FEB20,1582541940360,open,0.63,82.0,0.616,0.638,0.627324,0.0,0.6285,0.0,ETH-28FEB20-100-C,267.56,0.0,0.0,0.0,0.0,0.0,0.0,0.0,0.0,0.01062,0.0,1.0
273.9,ETH-27MAR20,1582541940363,open,0.01,3144.0,0.003,0.0345,0.014183,95.65,0.0135,0.0,ETH-27MAR20-400-C,267.56,93.55,0.013,300.0,0.0155,240.0,97.89,0.15747,-0.23627,0.0242,0.00251,0.11537
293.71,SYN.ETH-25SEP20,1582541940363,open,1.5,0.0,1.406,1.6145,1.504613,93.15,None,0.0,ETH-25SEP20-720-P,267.56,0.0,0.0,0.0,0.0,0.0,0.0,0.59769,-0.13015,-3.99422,0.00127,-0.81621
285.18,ETH-26JUN20,1582541940366,open,0.79,42.0,0.7805,0.8,0.790031,104.36,0.7865,0.0,ETH-26JUN20-60-C,267.56,0.0,0.01,50.0,0.0,0.0,0.0,0.01052,-0.00447,0.19965,4e-05,0.99799
293.71,SYN.ETH-25SEP20,1582541940366,open,0.14,379.0,0.0855,0.1985,0.140096,89.76,0.16,0.0,ETH-25SEP20-440-C,267.56,88.71,0.137,280.0,0.143,210.0,90.74,0.87049,-0.18266,0.45305,0.00192,0.40334
293.71,SYN.ETH-25SEP20,1582541940366,open,0.23,412.0,0.1685,0.285,0.227545,86.2,0.265,0.0,ETH-25SEP20-320-C,267.56,83.68,0.22,267.0,0.235,220.0,88.69,0.87919,-0.17717,0.60531,0.00202,0.57926
273.9,ETH-27MAR20,1582541940368,open,0.0,275.0,0.0005,0.0105,0.0,108.6,0.003,0.0,ETH-27MAR20-70-P,267.56,0.0,0.0,0.0,0.003,300.0,233.43,2e-05,-3e-05,0.0,0.0,-1e-05
293.71,SYN.ETH-25SEP20,1582541940368,open,0.28,921.0,0.2175,0.3295,0.274767,85.59,0.3,0.0,ETH-25SEP20-280-C,267.56,82.66,0.2665,263.0,0.283,220.0,88.52,0.8278,-0.16564,0.65547,0.00191,0.65563
268.33,SYN.ETH-28FEB20,1582541940368,open,0.0,369.0,0.0005,0.0105,0.00055,92.23,0.0005,0.0,ETH-28FEB20-330-C,267.56,0.0,0.0,0.0,0.002,300.0,113.51,0.01143,-0.13602,0.00046,0.00162,0.01662
269.72,SYN.ETH-6MAR20,1582541940387,open,0.1,0.0,0.063,0.13,0.097254,79.74,None,0.0,ETH-6MAR20-250-C,267.56,76.63,0.0955,60.0,0.1015,60.0,87.12,0.15322,-0.56169,0.05106,0.00886,0.73253
268.33,SYN.ETH-28FEB20,1582541940396,open,0.44,672.0,0.424,0.457,0.440986,0.0,0.4295,0.0,ETH-28FEB20-150-C,267.56,0.0,0.0,0.0,0.0,0.0,0.0,0.0,0.0,0.01593,0.0,1.0
273.9,ETH-27MAR20,1582541940435,open,1.19,0.0,1.1275,1.2675,1.193437,122.57,None,0.0,ETH-27MAR20-600-P,267.56,0.0,0.03,50.0,0.0,0.0,0.0,0.04514,-0.08679,-0.51901,0.00056,-0.97636
293.71,SYN.ETH-25SEP20,1582541940435,open,0.19,704.0,0.132,0.249,0.190766,87.14,0.218,0.0,ETH-25SEP20-360-C,267.56,84.76,0.1835,272.0,0.198,210.0,89.51,0.89658,-0.18264,0.55171,0.00204,0.51133
268.33,SYN.ETH-28FEB20,1582541940434,open,0.4,534.0,0.3855,0.421,0.403719,0.0,0.368,0.0,ETH-28FEB20-160-C,267.56,0.0,0.05,4.0,0.0,0.0,0.0,0.0,0.0,0.01699,0.0,1.0
293.71,SYN.ETH-25SEP20,1582541940436,open,0.1,346.0,0.054,0.156,0.101455,90.16,0.113,0.0,ETH-25SEP20-520-C,267.56,87.77,0.095,286.0,0.108,210.0,92.55,0.79836,-0.16828,0.36701,0.00175,0.3147
293.71,SYN.ETH-25SEP20,1582541940436,open,0.04,1.0,0.012,0.074,0.036054,96.0,0.0455,0.0,ETH-25SEP20-880-C,267.56,91.75,0.0295,300.0,0.043,300.0,100.1,0.4759,-0.1068,0.16188,0.00098,0.13011
268.33,SYN.ETH-28FEB20,1582541940440,open,0.0,1339.0,0.0005,0.0105,0.0,87.13,0.002,0.0,ETH-28FEB20-80-P,267.56,0.0,0.0,0.0,0.001,40.0,500.0,0.0,0.0,0.0,0.0,0.0
269.72,SYN.ETH-6MAR20,1582541940440,open,0.26,0.0,0.2255,0.312,0.266508,92.83,None,0.0,ETH-6MAR20-340-P,267.56,0.0,0.0,0.0,0.0,0.0,0.0,0.07318,-0.31232,-0.09486,0.00364,-0.91385
268.33,SYN.ETH-28FEB20,1582541940446,open,0.0,830.0,0.0005,0.0105,0.0,87.13,0.001,0.0,ETH-28FEB20-90-P,267.56,0.0,0.0,0.0,0.0,0.0,0.0,0.0,0.0,0.0,0.0,0.0
273.9,ETH-27MAR20,1582541940581,open,0.29,3396.0,0.2545,0.3135,0.284241,92.55,0.288,0.0,ETH-27MAR20-200-C,267.56,0.0,0.095,2.0,0.299,200.0,117.45,0.14117,-0.20494,0.14749,0.00233,0.90085
273.9,ETH-27MAR20,1582541940581,open,0.0,1405.0,0.0005,0.0105,0.000336,108.58,0.001,0.0,ETH-27MAR20-120-P,267.56,0.0,0.0,0.0,0.0025,300.0,141.69,0.00773,-0.01316,-0.00083,0.00011,-0.00314
285.18,ETH-26JUN20,1582541940581,open,0.01,829.0,0.0005,0.015,0.005168,101.86,0.006,0.0,ETH-26JUN20-100-P,267.56,97.25,0.004,800.0,0.0065,300.0,106.43,0.07768,-0.0322,-0.02348,0.00028,-0.01929
293.71,SYN.ETH-25SEP20,1582541940581,open,1.77,0.0,1.665,1.8865,1.769247,95.76,None,0.0,ETH-25SEP20-800-P,267.56,0.0,0.0,0.0,0.0,0.0,0.0,0.54376,-0.12173,-4.49313,0.00112,-0.84146
293.71,SYN.ETH-25SEP20,1582541940581,open,0.04,0.0,0.014,0.081,0.040643,96.0,None,0.0,ETH-25SEP20-840-C,267.56,91.38,0.033,300.0,0.049,300.0,100.6,0.51003,-0.11446,0.17787,0.00105,0.14399
269.72,SYN.ETH-6MAR20,1582541940581,open,0.3,0.0,0.261,0.348,0.302078,95.02,None,0.0,ETH-6MAR20-350-P,267.56,0.0,0.0,0.0,0.0,0.0,0.0,0.05972,-0.2609,-0.09934,0.0029,-0.93402
268.33,SYN.ETH-28FEB20,1582541940581,open,0.34,0.0,0.303,0.383,0.341666,94.16,None,0.0,ETH-28FEB20-360-P,267.56,0.0,0.0,0.0,0.0,0.0,0.0,0.0013,-0.01578,-0.03819,0.00018,-0.99856
268.33,SYN.ETH-28FEB20,1582541940581,open,0.01,2693.0,0.0005,0.028,0.007983,77.67,0.01,0.0,ETH-28FEB20-250-P,267.56,71.97,0.0065,534.0,0.009,240.0,81.39,0.07197,-0.72116,-0.00529,0.01212,-0.17771
293.71,SYN.ETH-25SEP20,1582541940581,open,0.73,1.0,0.7205,0.744,0.731662,90.47,0.684,0.0,ETH-25SEP20-80-C,267.56,0.0,0.7275,2.0,0.0,0.0,0.0,0.07558,-0.01599,0.43934,0.00017,0.98694
268.33,SYN.ETH-28FEB20,1582541940581,open,0.0,1225.0,0.0005,0.0105,3.3e-05,92.83,0.0005,0.0,ETH-28FEB20-360-C,267.56,0.0,0.0,0.0,0.001,65.0,134.91,0.00114,-0.00877,3e-05,0.00016,0.00125
268.33,SYN.ETH-28FEB20,1582541940581,open,0.0,536.0,0.0005,0.011,0.001449,87.03,0.002,0.0,ETH-28FEB20-230-P,267.56,81.3,0.001,5.0,0.002,3.0,92.81,0.02329,-0.26147,-0.00115,0.0035,-0.03889
293.71,SYN.ETH-25SEP20,1582541940581,open,0.05,28.0,0.0185,0.091,0.048324,94.09,0.058,0.0,ETH-25SEP20-760-C,267.56,90.71,0.042,298.0,0.055,200.0,97.46,0.56585,-0.12447,0.20694,0.00119,0.16856
285.18,ETH-26JUN20,1582541940586,open,0.72,0.0,0.7115,0.7325,0.721479,104.36,None,0.0,ETH-26JUN20-80-C,267.56,0.0,0.01,50.0,0.0,0.0,0.0,0.03688,-0.01566,0.25957,0.00013,0.99185
285.18,ETH-26JUN20,1582541940589,open,0.0,2429.0,0.0005,0.012,0.002004,104.36,0.003,0.0,ETH-26JUN20-80-P,267.56,94.78,0.001,300.0,0.0035,301.0,113.96,0.03688,-0.01566,-0.00975,0.00013,-0.00815
293.71,SYN.ETH-25SEP20,1582541940589,open,0.17,473.0,0.1085,0.226,0.16653,89.76,0.186,0.0,ETH-25SEP20-400-C,267.56,89.58,0.166,2.0,0.167,210.0,89.91,0.89192,-0.18716,0.50127,0.00197,0.45779
268.33,SYN.ETH-28FEB20,1582541940591,open,0.01,1267.0,0.0005,0.029,0.008695,82.65,0.008,0.0,ETH-28FEB20-290-C,267.56,78.31,0.0075,291.0,0.01,241.0,87.18,0.0756,-0.80606,0.00523,0.01196,0.19234
268.33,SYN.ETH-28FEB20,1582541940591,open,0.16,2.0,0.122,0.1975,0.157945,90.7,0.18,0.0,ETH-28FEB20-310-P,267.56,0.0,0.001,1.0,0.0,0.0,0.0,0.03593,-0.42037,-0.03108,0.00518,-0.93291
285.18,ETH-26JUN20,1582541940593,open,1.41,0.0,1.325,1.5065,1.409949,99.9,None,0.0,ETH-26JUN20-680-P,267.56,0.0,0.0,0.0,0.0,0.0,0.0,0.31767,-0.12913,-2.20494,0.00116,-0.88675
268.33,SYN.ETH-28FEB20,1582541940593,open,0.0,838.0,0.0005,0.0105,0.0,87.13,0.001,0.0,ETH-28FEB20-110-P,267.56,0.0,0.0,0.0,0.01,2.0,500.0,0.0,0.0,0.0,0.0,0.0
269.72,SYN.ETH-6MAR20,1582541940605,open,0.3,0.0,0.274,0.319,0.296519,97.3,None,0.0,ETH-6MAR20-190-C,267.56,0.0,0.0,0.0,0.0,0.0,0.0,0.01763,-0.07887,0.05533,0.00084,0.985
268.33,SYN.ETH-28FEB20,1582541940607,open,0.0,197.0,0.0005,0.0105,8.8e-05,92.67,0.0015,0.0,ETH-28FEB20-350-C,267.56,0.0,0.0,0.0,0.002,406.0,138.68,0.00262,-0.02359,9e-05,0.00037,0.00312
268.33,SYN.ETH-28FEB20,1582541940607,open,0.55,129.0,0.539,0.5655,0.552789,0.0,0.5435,0.0,ETH-28FEB20-120-C,267.56,0.0,0.0,0.0,0.0,0.0,0.0,0.0,0.0,0.01274,0.0,1.0
268.33,SYN.ETH-28FEB20,1582541940607,open,0.0,1430.0,0.0005,0.0105,7.6e-05,87.07,0.001,0.0,ETH-28FEB20-210-P,267.56,0.0,0.0,0.0,0.0015,2.0,129.01,0.00234,-0.02032,-8e-05,0.00035,-0.00275
269.72,SYN.ETH-6MAR20,1582541940694,open,0.19,0.0,0.161,0.2185,0.189809,87.02,None,0.0,ETH-6MAR20-220-C,267.56,0.0,0.184,1.0,0.0,0.0,0.0,0.06666,-0.2667,0.059,0.00353,0.92387
269.72,SYN.ETH-6MAR20,1582541940696,open,0.03,50.0,0.008,0.0575,0.029502,83.68,0.0485,0.0,ETH-6MAR20-290-C,267.56,79.67,0.027,515.0,0.032,240.0,87.64,0.16937,-0.65159,0.02445,0.00934,0.33375
285.18,ETH-26JUN20,1582541940700,open,0.01,850.0,0.0045,0.031,0.014591,90.6,0.016,0.0,ETH-26JUN20-140-P,267.56,82.63,0.01,300.0,0.018,200.0,95.78,0.17877,-0.0659,-0.0649,0.00072,-0.05301
285.18,ETH-26JUN20,1582541940700,open,0.65,1.0,0.6405,0.6705,0.654512,101.86,0.38,0.0,ETH-26JUN20-100-C,267.56,0.0,0.649,1.0,0.0,0.0,0.0,0.07768,-0.0322,0.31317,0.00028,0.98071
293.71,SYN.ETH-25SEP20,1582541940700,open,0.8,2.0,0.789,0.8085,0.798858,105.29,0.8055,0.0,ETH-25SEP20-60-C,267.56,0.0,0.795,1.0,0.0,0.0,0.0,0.05363,-0.0132,0.33101,0.0001,0.99119
268.33,SYN.ETH-28FEB20,1582541940700,open,0.18,1076.0,0.155,0.2055,0.180494,86.94,0.153,0.0,ETH-28FEB20-220-C,267.56,0.0,0.06,2.0,0.0,0.0,0.0,0.00855,-0.09589,0.02301,0.00129,0.98814
268.33,SYN.ETH-28FEB20,1582541940700,open,0.0,2933.0,0.0005,0.0105,0.0,87.11,0.0015,0.0,ETH-28FEB20-180-P,267.56,0.0,0.0,0.0,0.003,300.0,221.31,0.0,-2e-05,0.0,0.0,0.0
293.71,SYN.ETH-25SEP20,1582541940700,open,0.67,0.0,0.653,0.6865,0.668817,89.08,0.6805,0.0,ETH-25SEP20-100-C,267.56,77.14,0.664,1.0,0.0,0.0,0.0,0.14172,-0.02951,0.52288,0.00031,0.97263
268.33,SYN.ETH-28FEB20,1582541940700,open,0.0,404.0,0.0005,0.0105,0.0,87.13,0.001,0.0,ETH-28FEB20-100-P,267.56,0.0,0.0,0.0,0.0,0.0,0.0,0.0,0.0,0.0,0.0,0.0
269.72,SYN.ETH-6MAR20,1582541940700,open,0.16,0.0,0.1235,0.208,0.164692,87.0,None,0.0,ETH-6MAR20-310-P,267.56,0.0,0.0,0.0,0.0,0.0,0.0,0.12924,-0.51694,-0.07776,0.00685,-0.8028
269.72,SYN.ETH-6MAR20,1582541940700,open,0.23,0.0,0.1905,0.2765,0.231656,91.04,None,0.0,ETH-6MAR20-330-P,267.56,0.0,0.0,0.0,0.0,0.0,0.0,0.08988,-0.37621,-0.08981,0.00455,-0.88587
268.33,SYN.ETH-28FEB20,1582541940700,open,0.06,502.0,0.026,0.0955,0.059578,79.63,0.0705,0.0,ETH-28FEB20-280-P,267.56,68.26,0.0555,180.0,0.0615,180.0,84.82,0.09841,-1.01091,-0.02117,0.01617,-0.6836
273.9,ETH-27MAR20,1582541940702,open,0.74,75.0,0.7345,0.754,0.744433,108.6,0.739,0.0,ETH-27MAR20-70-C,267.56,0.0,0.0,0.0,0.0,0.0,0.0,2e-05,-3e-05,0.06113,0.0,0.99999
273.9,ETH-27MAR20,1582541940702,open,0.6,52.0,0.586,0.6105,0.598526,108.59,0.5915,0.0,ETH-27MAR20-110-C,267.56,0.0,0.0,0.0,0.0,0.0,0.0,0.00355,-0.00605,0.09571,5e-05,0.99866
269.72,SYN.ETH-6MAR20,1582541940702,open,0.34,0.0,0.2965,0.3845,0.338132,97.58,None,0.0,ETH-6MAR20-360-P,267.56,0.0,0.0,0.0,0.0,0.0,0.0,0.04922,-0.22082,-0.1034,0.00233,-0.94842
268.33,SYN.ETH-28FEB20,1582541940702,open,0.27,0.0,0.2305,0.307,0.267324,92.74,None,0.0,ETH-28FEB20-340-P,267.56,0.0,0.0,0.0,0.0,0.0,0.0,0.00577,-0.06902,-0.03589,0.00081,-0.99244
268.33,SYN.ETH-28FEB20,1582541940702,open,0.0,1678.0,0.0005,0.0105,0.0,87.12,0.0005,0.0,ETH-28FEB20-140-P,267.56,0.0,0.0,0.0,0.003,300.0,338.26,0.0,0.0,0.0,0.0,0.0
293.71,SYN.ETH-25SEP20,1582541940704,open,0.41,270.0,0.365,0.453,0.409632,85.59,0.42,0.0,ETH-25SEP20-200-C,267.56,0.0,0.113,5.0,0.432,120.0,96.57,0.59062,-0.11818,0.7057,0.00137,0.81968
285.18,ETH-26JUN20,1582541940707,open,0.62,0.0,0.5445,0.6955,0.617221,90.99,None,0.0,ETH-26JUN20-440-P,267.56,0.0,0.01,50.0,0.0,0.0,0.0,0.56511,-0.20923,-1.27554,0.00227,-0.7114
273.9,ETH-27MAR20,1582541940713,open,1.34,0.0,1.269,1.416,1.339374,130.0,None,0.0,ETH-27MAR20-640-P,267.56,0.0,0.01,50.0,0.0,0.0,0.0,0.04223,-0.08611,-0.55435,0.0005,-0.97816
273.9,ETH-27MAR20,1582541940713,open,0.01,2522.0,0.0005,0.0215,0.008301,99.92,0.007,0.0,ETH-27MAR20-180-P,267.56,95.98,0.007,300.0,0.0095,240.0,103.29,0.09425,-0.14771,-0.01593,0.00144,-0.05828
269.72,SYN.ETH-6MAR20,1582541940725,open,0.2,0.0,0.1565,0.2415,0.197416,88.59,None,0.0,ETH-6MAR20-320-P,267.56,0.0,0.0,0.0,0.0,0.0,0.0,0.10802,-0.43995,-0.08427,0.00562,-0.85112
268.33,SYN.ETH-28FEB20,1582541940736,open,0.12,105.0,0.087,0.162,0.122828,86.79,0.1335,0.0,ETH-28FEB20-300-P,267.56,0.0,0.001,1.0,0.0,0.0,0.0,0.05352,-0.59918,-0.02873,0.00807,-0.88546
269.72,SYN.ETH-6MAR20,1582541940741,open,0.07,30.0,0.04,0.1065,0.073641,79.49,0.0855,0.0,ETH-6MAR20-260-C,267.56,76.96,0.072,180.0,0.078,180.0,86.17,0.17554,-0.64146,0.04484,0.01019,0.63164
293.71,SYN.ETH-25SEP20,1582541940743,open,2.03,0.0,1.924,2.155,2.032291,96.06,None,0.0,ETH-25SEP20-880-P,267.56,0.0,0.0,0.0,0.0,0.0,0.0,0.47657,-0.10703,-4.9943,0.00098,-0.86962
285.18,ETH-26JUN20,1582541940768,open,1.14,0.0,1.057,1.2255,1.136277,95.35,None,0.0,ETH-26JUN20-600-P,267.56,0.0,0.01,50.0,0.0,0.0,0.0,0.37327,-0.14483,-1.91382,0.00143,-0.85719
293.71,SYN.ETH-25SEP20,1582541940799,open,0.87,0.0,0.7835,0.967,0.871959,90.19,None,0.0,ETH-25SEP20-520-P,267.56,0.0,0.0,0.0,0.0,0.0,0.0,0.79848,-0.16835,-2.67991,0.00175,-0.68519
268.33,SYN.ETH-28FEB20,1582541940804,open,0.08,2019.0,0.044,0.107,0.076293,77.65,0.067,0.0,ETH-28FEB20-250-C,267.56,68.66,0.074,60.0,0.0795,60.0,89.03,0.07196,-0.7209,0.02126,0.01212,0.82234
10240.01,BTC-26JUN20,1582541941018,open,0.27,239.7,0.237,0.3,0.26625189,62.89,0.291,0.0,BTC-26JUN20-8000-C,9756.38,50.9,0.248,17.5,0.2825,17.5,72.76,16.39016,-4.19451,18.56577,7e-05,0.80482
10240.01,BTC-26JUN20,1582541941161,open,0.6,4.2,0.553,0.6565,0.59949589,71.62,0.635,0.0,BTC-26JUN20-16000-P,9756.38,0.0,0.001,2.0,0.69,1.0,117.61,16.28868,-4.74719,-48.47858,6e-05,-0.8068
9931.99,BTC-27MAR20,1582541941165,open,1.62,0.0,1.5665,1.6725,1.61797353,107.22,None,0.0,BTC-27MAR20-26000-P,9756.38,0.0,0.001,1.0,0.0,0.0,0.0,0.18578,-0.31246,-22.69013,0.0,-0.998
9931.99,BTC-27MAR20,1582541941179,open,0.32,3.0,0.288,0.355,0.3188849,68.72,0.33,0.0,BTC-27MAR20-13000-P,9756.38,0.0,0.267,5.0,0.3575,5.0,116.65,5.53678,-5.96868,-10.48118,9e-05,-0.88951
10240.01,BTC-26JUN20,1582541941193,open,0.97,0.1,0.9225,1.031,0.97111256,76.95,1.85,0.0,BTC-26JUN20-20000-P,9756.38,0.0,0.015,1.0,1.87,1.0,500.0,10.50054,-3.2881,-64.46867,4e-05,-0.89903
9931.99,BTC-27MAR20,1582541941195,open,0.0,241.9,0.0005,0.0105,7.492e-05,107.24,0.0005,0.0,BTC-27MAR20-28000-C,9756.38,0.0,0.0,0.0,0.0005,0.1,126.11,0.09239,-0.15542,0.00741,0.0,0.00093
10546.37,SYN.BTC-25SEP20,1582541941210,open,0.05,285.3,0.025,0.0745,0.04481322,64.38,0.042,0.0,BTC-25SEP20-7000-P,9756.38,63.02,0.0425,24.7,0.0455,24.7,64.79,18.01252,-2.7112,-11.45208,4e-05,-0.1405
10546.37,SYN.BTC-25SEP20,1582541941225,open,1.3,7.0,1.244,1.377,1.30340692,74.38,1.35,0.0,BTC-25SEP20-24000-P,9756.38,0.0,0.33,1.0,1.3955,0.5,115.69,16.44492,-2.85964,-134.73544,3e-05,-0.87686
10240.01,BTC-26JUN20,1582541941228,open,1.93,0.0,1.874,2.0075,1.93540449,88.68,None,0.0,BTC-26JUN20-30000-P,9756.38,0.0,0.0,0.0,0.0,0.0,0.0,4.42821,-1.59799,-100.03618,1e-05,-0.9665
9777.73,SYN.BTC-28FEB20,1582541941235,open,0.0,241.8,0.0005,0.012,0.00191909,61.17,0.002,0.0,BTC-28FEB20-10750-C,9756.38,57.97,0.0015,0.5,0.0025,15.1,65.07,1.3596,-10.72948,0.07116,0.00022,0.07046
9816.3,SYN.BTC-6MAR20,1582541941281,open,0.0,187.5,0.0005,0.0175,0.00496508,60.3,0.0045,0.0,BTC-6MAR20-11250-C,9756.38,57.06,0.004,20.0,0.006,22.3,63.48,3.06541,-8.49821,0.29043,0.00018,0.10426
9931.99,BTC-27MAR20,1582541941472,open,0.12,1646.6,0.0995,0.152,0.12132372,56.82,0.1245,0.0,BTC-27MAR20-9000-C,9756.14,55.94,0.1205,3.0,0.131,0.5,66.84,9.35,-8.33273,5.44282,0.00019,0.74883
10240.01,BTC-26JUN20,1582541941472,open,0.01,246.2,0.0005,0.0225,0.00672566,86.36,0.003,0.0,BTC-26JUN20-28000-C,9756.14,84.84,0.006,31.0,0.0075,27.1,87.87,5.06328,-1.77925,1.12832,2e-05,0.03946
10240.01,BTC-26JUN20,1582541941473,open,1.35,0.0,1.3015,1.4185,1.35448522,82.44,None,0.0,BTC-26JUN20-24000-P,9756.14,0.0,0.0,0.0,0.0,0.0,0.0,7.22454,-2.42359,-79.04168,2e-05,-0.9384
10240.01,BTC-26JUN20,1582541941473,open,0.13,868.2,0.096,0.1755,0.13147359,62.81,0.132,0.0,BTC-26JUN20-10000-P,9756.14,62.15,0.13,19.5,0.133,3.0,63.49,22.98884,-5.87564,-18.40188,0.0001,-0.40234
9931.99,BTC-27MAR20,1582541941473,open,0.81,0.0,0.7775,0.8565,0.81428465,92.8,1.23,0.0,BTC-27MAR20-18000-P,9756.14,0.0,0.0125,1.0,0.0,0.0,0.0,1.48827,-2.16635,-15.55332,2e-05,-0.97888
9931.99,BTC-27MAR20,1582541941473,open,0.07,857.7,0.049,0.1055,0.07058013,56.79,0.0695,0.0,BTC-27MAR20-10000-P,9756.14,55.45,0.069,0.4,0.072,40.2,57.99,11.69832,-10.42064,-4.79943,0.00024,-0.48275
9931.99,BTC-27MAR20,1582541941473,open,3.03,1.4,2.9485,3.1095,3.02739101,107.29,3.0435,0.0,BTC-27MAR20-40000-P,9756.14,0.0,0.0005,1.0,0.0,0.0,0.0,0.00149,-0.00251,-34.93218,0.0,-0.99999
10240.01,BTC-26JUN20,1582541941473,open,0.71,34.7,0.698,0.7175,0.70793894,90.54,0.708,0.0,BTC-26JUN20-3000-C,9756.14,0.0,0.0,0.0,0.0,0.0,0.0,0.80755,-0.29751,9.90729,0.0,0.99534
10240.01,BTC-26JUN20,1582541941473,open,0.05,432.0,0.0265,0.0775,0.04750101,62.89,0.045,0.0,BTC-26JUN20-8000-P,9756.14,61.95,0.046,4.9,0.049,34.7,63.83,16.39015,-4.1945,-8.36587,7e-05,-0.19518
10240.01,BTC-26JUN20,1582541941473,open,0.01,649.6,0.0005,0.018,0.00471192,90.25,0.005,0.0,BTC-26JUN20-32000-C,9756.14,88.23,0.004,31.0,0.0055,33.6,92.27,3.79511,-1.39376,0.79605,1e-05,0.0278
10240.01,BTC-26JUN20,1582541941473,open,0.0,456.7,0.0005,0.012,0.00246757,81.15,0.0035,0.0,BTC-26JUN20-4000-P,9756.14,78.55,0.002,6.0,0.003,31.0,83.76,1.96368,-0.6484,-0.52664,1e-05,-0.01281
9931.99,BTC-27MAR20,1582541941473,open,0.0,354.0,0.0005,0.0105,0.00090426,107.18,0.0015,0.0,BTC-27MAR20-22000-C,9756.14,100.52,0.0005,40.0,0.0015,42.5,113.84,0.73603,-1.23748,0.07305,1e-05,0.00933
10240.01,BTC-26JUN20,1582541941473,open,0.0,330.7,0.0005,0.0105,0.0009074,90.54,0.001,0.0,BTC-26JUN20-3000-P,9756.14,84.27,0.0005,22.0,0.0015,27.5,96.82,0.80755,-0.29751,-0.19208,0.0,-0.00466
9931.99,BTC-27MAR20,1582541941473,open,0.02,2118.9,0.006,0.0365,0.01700198,63.66,0.0175,0.0,BTC-27MAR20-12000-C,9756.14,62.36,0.016,55.9,0.018,41.9,64.93,7.72965,-7.71831,1.42285,0.00014,0.18104
9931.99,BTC-27MAR20,1582541941473,open,2.42,0.0,2.3565,2.493,2.4232887,107.28,None,0.0,BTC-27MAR20-34000-P,9756.14,0.0,0.0005,1.0,0.0,0.0,0.0,0.01144,-0.01925,-29.69163,0.0,-0.9999
10240.01,BTC-26JUN20,1582541941473,open,0.01,475.3,0.0005,0.016,0.00598636,74.46,0.006,0.0,BTC-26JUN20-5000-P,9756.14,73.21,0.0055,6.0,0.0065,31.0,75.72,4.08402,-1.23737,-1.25333,2e-05,-0.03037
9931.99,BTC-27MAR20,1582541941473,open,0.0,898.4,0.0005,0.0105,7.3e-07,107.29,0.0005,0.0,BTC-27MAR20-40000-C,9756.14,0.0,0.0,0.0,0.0005,40.1,162.28,0.00149,-0.00251,9e-05,0.0,1e-05
10240.01,BTC-26JUN20,1582541941473,open,0.02,1261.9,0.006,0.043,0.01798947,76.95,0.02,0.0,BTC-26JUN20-20000-C,9756.14,76.47,0.0175,6.0,0.0185,3.5,77.45,10.50054,-3.2881,2.86047,4e-05,0.10097
9931.99,BTC-27MAR20,1582541941473,open,0.0,532.1,0.0005,0.0105,0.00036648,92.31,0.0005,0.0,BTC-27MAR20-5000-P,9756.14,0.0,0.0,0.0,0.001,40.1,104.57,0.34758,-0.50331,-0.03786,0.0,-0.004
10240.01,BTC-26JUN20,1582541941473,open,0.06,781.1,0.031,0.095,0.05702861,68.77,0.0585,0.0,BTC-26JUN20-14000-C,9756.14,67.72,0.055,30.4,0.059,27.0,69.77,19.98262,-5.59175,7.66906,8e-05,0.2795
10240.01,BTC-26JUN20,1582541941473,open,0.34,125.2,0.318,0.3695,0.34139081,64.75,0.343,0.0,BTC-26JUN20-7000-C,9756.14,33.74,0.318,1.1,0.361,17.5,80.55,11.53198,-3.03835,18.73978,5e-05,0.88501
9931.99,BTC-27MAR20,1582541941473,open,0.03,1049.7,0.0145,0.054,0.02748654,56.82,0.0285,0.0,BTC-27MAR20-9000-P,9756.14,55.76,0.0265,1.7,0.0285,36.7,57.89,9.35,-8.33273,-2.41694,0.00019,-0.25117
9931.99,BTC-27MAR20,1582541941473,open,0.0,1556.5,0.0005,0.0135,0.00370433,71.93,0.004,0.0,BTC-27MAR20-7000-P,9756.14,69.0,0.003,40.0,0.0045,55.7,74.9,2.52302,-2.84675,-0.37802,4e-05,-0.03988
10240.01,BTC-26JUN20,1582541941473,open,0.02,368.2,0.0115,0.0475,0.0249839,64.75,0.0255,0.0,BTC-26JUN20-7000-P,9756.14,63.87,0.024,6.0,0.026,36.9,65.64,11.53198,-3.03835,-4.82542,5e-05,-0.11499
9931.99,BTC-27MAR20,1582541941473,open,0.25,10.3,0.2325,0.272,0.25108596,67.5,0.251,0.0,BTC-27MAR20-7500-C,9756.14,36.51,0.245,0.1,0.2715,10.0,105.01,3.75711,-3.9778,5.92508,6e-05,0.9342
10240.01,BTC-26JUN20,1582541941473,open,0.26,152.3,0.2205,0.3155,0.26364087,65.59,0.273,0.0,BTC-26JUN20-12000-P,9756.14,0.0,0.137,8.9,0.31,1.0,85.85,23.10246,-6.16592,-29.41299,0.0001,-0.58959
9931.99,BTC-27MAR20,1582541941473,open,2.22,0.0,2.159,2.288,2.22192738,107.27,None,0.0,BTC-27MAR20-32000-P,9756.14,0.0,0.0005,1.0,0.0,0.0,0.0,0.02287,-0.03848,-27.94416,0.0,-0.99979
9931.99,BTC-27MAR20,1582541941473,open,1.42,0.0,1.3695,1.4685,1.41682398,107.2,None,0.0,BTC-27MAR20-24000-P,9756.14,0.0,0.0,0.0,0.0,0.0,0.0,0.37181,-0.62521,-20.92535,0.0,-0.99569
9931.99,BTC-27MAR20,1582541941473,open,0.0,267.1,0.0005,0.0105,1.516e-05,107.27,0.0005,0.0,BTC-27MAR20-32000-C,9756.14,0.0,0.0,0.0,0.0005,2.3,139.86,0.02287,-0.03848,0.00166,0.0,0.00021
10240.01,BTC-26JUN20,1582541941473,open,0.01,639.7,0.0025,0.0275,0.01223486,68.25,0.0115,0.0,BTC-26JUN20-6000-P,9756.14,67.19,0.0115,6.0,0.013,31.0,69.33,7.15465,-1.98713,-2.51896,3e-05,-0.06084
10240.01,BTC-26JUN20,1582541941473,open,1.55,0.0,1.492,1.614,1.5475265,84.57,None,0.0,BTC-26JUN20-26000-P,9756.14,0.0,0.0,0.0,0.0,0.0,0.0,6.0396,-2.07839,-86.12711,2e-05,-0.9509
9931.99,BTC-27MAR20,1582541941473,open,0.61,21.2,0.5805,0.6535,0.61415394,83.65,0.501,0.0,BTC-27MAR20-16000-P,9756.14,0.0,0.0055,0.1,0.95,0.1,419.42,2.29542,-3.01198,-13.69257,3e-05,-0.96448
10240.01,BTC-26JUN20,1582541941473,open,0.09,565.0,0.0595,0.133,0.09176702,65.59,0.093,0.0,BTC-26JUN20-12000-C,9756.14,65.03,0.0905,21.3,0.093,2.8,66.14,23.10246,-6.16592,10.9845,0.0001,0.41041
10240.01,BTC-26JUN20,1582541941473,open,0.01,536.0,0.0005,0.0265,0.00846648,84.57,0.0085,0.0,BTC-26JUN20-26000-C,9756.14,82.87,0.0075,31.0,0.0095,49.8,86.26,6.0396,-2.07839,1.40078,2e-05,0.0491
9931.99,BTC-27MAR20,1582541941473,open,0.0,427.6,0.0005,0.012,0.00201658,75.7,0.0025,0.0,BTC-27MAR20-6500-P,9756.14,67.81,0.001,45.2,0.0035,44.8,83.63,1.56282,-1.8558,-0.21159,2e-05,-0.02238
9931.99,BTC-27MAR20,1582541941473,open,0.0,1634.1,0.0005,0.011,0.00124955,81.7,0.0015,0.0,BTC-27MAR20-6000-P,9756.14,72.15,0.0005,42.2,0.0025,43.0,91.3,1.02275,-1.31076,-0.12896,1e-05,-0.01362
10239.77,BTC-26JUN20,1582541941473,open,0.08,824.6,0.0545,0.1215,0.08361113,62.81,0.084,0.0,BTC-26JUN20-9000-P,9756.14,61.5,0.081,26.6,0.0845,3.0,63.25,20.52671,-5.24598,-13.08095,9e-05,-0.29586
9931.99,BTC-27MAR20,1582541941473,open,0.03,970.8,0.0155,0.057,0.03274535,60.09,0.0315,0.0,BTC-27MAR20-11000-C,9756.14,58.9,0.0315,0.1,0.034,63.8,61.28,10.40308,-9.80558,2.43389,0.0002,0.31335
10239.77,BTC-26JUN20,1582541941473,open,0.78,1.0,0.736,0.842,0.78329401,74.53,0.9,0.0,BTC-26JUN20-18000-P,9756.14,0.0,0.001,2.0,0.0,0.0,0.0,13.11076,-3.97618,-56.70772,5e-05,-0.86175
9931.99,BTC-27MAR20,1582541941473,open,0.0,37.2,0.0005,0.0105,9.801e-05,92.32,0.0005,0.0,BTC-27MAR20-4500-P,9756.14,0.0,0.0,0.0,0.001,40.1,119.22,0.11585,-0.16776,-0.01117,0.0,-0.00119
9931.99,BTC-27MAR20,1582541941473,open,0.0,661.2,0.0005,0.0155,0.00443579,79.0,0.0035,0.0,BTC-27MAR20-15000-C,9756.14,75.69,0.0035,40.0,0.0055,64.3,82.3,3.00486,-3.72347,0.39122,4e-05,0.04954
9931.99,BTC-27MAR20,1582541941473,open,0.6,53.6,0.5875,0.607,0.5972802,92.32,0.5975,0.0,BTC-27MAR20-4000-C,9756.14,0.0,0.0,0.0,0.0,0.0,0.0,0.02844,-0.04118,3.4908,0.0,0.99974
10239.77,BTC-26JUN20,1582541941473,open,0.61,21.6,0.602,0.624,0.61184295,81.19,0.612,0.0,BTC-26JUN20-4000-C,9756.14,0.0,0.0,0.0,0.0,0.0,0.0,1.96821,-0.65027,12.93769,1e-05,0.98716
9931.99,BTC-27MAR20,1582541941473,open,2.02,0.0,1.9615,2.0825,2.02057618,107.26,None,0.0,BTC-27MAR20-30000-P,9756.14,0.0,0.0005,1.0,0.0,0.0,0.0,0.04591,-0.07725,-26.19571,0.0,-0.99956
9931.99,BTC-27MAR20,1582541941473,open,0.01,1668.5,0.0005,0.023,0.0092219,61.33,0.009,0.0,BTC-27MAR20-8000-P,9756.14,59.91,0.0085,40.0,0.0095,1.0,61.87,5.13383,-4.93887,-0.9434,0.0001,-0.09954
10239.77,BTC-26JUN20,1582541941473,open,1.16,0.0,1.1115,1.224,1.16217759,79.82,None,0.0,BTC-26JUN20-22000-P,9756.14,0.0,0.015,1.0,2.21,1.0,500.0,8.65226,-2.81036,-71.8504,3e-05,-0.92215
9931.99,BTC-27MAR20,1582541941473,open,0.0,154.1,0.0005,0.0105,3.347e-05,107.26,0.0005,0.0,BTC-27MAR20-30000-C,9756.14,0.0,0.0,0.0,0.001,40.1,142.95,0.04591,-0.07725,0.00349,0.0,0.00044
9931.99,BTC-27MAR20,1582541941473,open,0.22,174.7,0.1945,0.261,0.22521906,63.66,0.245,0.0,BTC-27MAR20-12000-P,9756.14,0.0,0.174,5.0,0.2645,5.0,105.01,7.72965,-7.71831,-9.05683,0.00014,-0.81896
10239.77,BTC-26JUN20,1582541941473,open,0.01,588.7,0.001,0.031,0.01073751,82.44,0.0065,0.0,BTC-26JUN20-24000-C,9756.14,81.38,0.01,6.0,0.0115,42.2,83.5,7.22428,-2.42355,1.75322,2e-05,0.0616
10239.77,BTC-26JUN20,1582541941473,open,0.04,429.0,0.0165,0.0705,0.03699742,71.62,0.038,0.0,BTC-26JUN20-16000-C,9756.14,70.68,0.0355,7.5,0.0385,28.7,72.56,16.28808,-4.74717,5.38447,6e-05,0.1932
9931.99,BTC-27MAR20,1582541941473,open,0.01,2137.3,0.0005,0.0205,0.00673168,74.69,0.007,0.0,BTC-27MAR20-14000-C,9756.14,72.87,0.006,40.0,0.0075,41.8,76.49,4.12227,-4.82957,0.58548,6e-05,0.07423
10239.77,BTC-26JUN20,1582541941473,open,0.03,582.7,0.01,0.0545,0.02548323,74.56,0.028,0.0,BTC-26JUN20-18000-C,9756.14,73.79,0.0245,6.0,0.0265,25.0,75.35,13.12011,-3.98073,3.89209,5e-05,0.13839
9931.99,BTC-27MAR20,1582541941473,open,0.51,2.0,0.482,0.553,0.51470715,79.0,0.4565,0.0,BTC-27MAR20-15000-P,9756.14,0.0,0.4615,5.0,0.552,5.0,139.61,3.00486,-3.72347,-12.70838,4e-05,-0.95046
9931.99,BTC-27MAR20,1582541941473,open,0.0,221.1,0.0005,0.0105,6.96e-06,107.28,0.0005,0.0,BTC-27MAR20-34000-C,9756.14,0.0,0.0,0.0,0.001,48.1,156.38,0.01144,-0.01925,0.00079,0.0,0.0001
9931.99,BTC-27MAR20,1582541941473,open,0.0,868.7,0.0005,0.011,0.00107449,98.24,0.002,0.0,BTC-27MAR20-20000-C,9756.14,90.09,0.0005,54.5,0.002,42.9,106.37,0.89868,-1.38484,0.0924,1e-05,0.01173
9931.99,BTC-27MAR20,1582541941473,open,0.16,163.9,0.138,0.1865,0.16015493,58.46,0.159,0.0,BTC-27MAR20-8500-C,9756.14,33.67,0.1465,0.1,0.182,10.0,85.04,7.18966,-6.59243,5.88236,0.00014,0.83834
9931.99,BTC-27MAR20,1582541941473,open,2.62,0.1,2.554,2.6985,2.62465449,107.29,2.64,0.0,BTC-27MAR20-36000-P,9756.14,0.0,0.0005,1.0,0.0,0.0,0.0,0.00576,-0.00969,-31.43866,0.0,-0.99995
9931.75,BTC-27MAR20,1582541941474,open,0.06,1525.8,0.0435,0.096,0.06373256,56.8,0.063,0.0,BTC-27MAR20-10000-C,9756.14,55.75,0.0625,3.0,0.065,37.2,57.87,11.6981,-10.42215,3.93312,0.00024,0.5172
10239.77,BTC-26JUN20,1582541941474,open,0.52,14.3,0.504,0.5345,0.51770558,74.48,0.518,0.0,BTC-26JUN20-5000-C,9756.14,0.0,0.0,0.0,0.0,0.0,0.0,4.08827,-1.2391,15.57725,2e-05,0.96959
10239.77,BTC-26JUN20,1582541941474,open,0.16,934.0,0.12,0.196,0.15491205,62.82,0.154,0.0,BTC-26JUN20-10000-C,9756.14,62.41,0.154,3.0,0.157,3.0,63.75,22.98862,-5.87601,15.26159,0.0001,0.59764
9931.75,BTC-27MAR20,1582541941473,open,0.02,1180.7,0.006,0.0355,0.01597537,58.45,0.017,0.0,BTC-27MAR20-8500-P,9756.14,57.09,0.015,52.5,0.017,39.5,59.85,7.18988,-6.59196,-1.54083,0.00014,-0.16167
9931.75,BTC-27MAR20,1582541941474,open,0.2,845.5,0.183,0.2265,0.20374385,61.36,0.2165,0.0,BTC-27MAR20-8000-C,9756.14,57.85,0.202,0.5,0.225,10.0,93.43,5.13844,-4.94593,6.04182,0.0001,0.90033
9931.75,BTC-27MAR20,1582541941474,open,0.0,517.6,0.0005,0.0105,0.00016985,107.22,0.0005,0.0,BTC-27MAR20-26000-C,9756.14,0.0,0.0,0.0,0.0005,10.0,118.36,0.18578,-0.31245,0.01584,0.0,0.002
9931.75,BTC-27MAR20,1582541941474,open,0.35,0.0,0.333,0.364,0.34756566,75.8,None,0.0,BTC-27MAR20-6500-C,9756.14,0.0,0.323,10.0,0.3685,10.0,133.94,1.57025,-1.86701,5.46367,2e-05,0.97749
9931.75,BTC-27MAR20,1582541941474,open,0.4,32.7,0.384,0.412,0.39714101,81.84,0.379,0.0,BTC-27MAR20-6000-C,9756.14,0.0,0.373,10.0,0.4185,10.0,152.14,1.03044,-1.32285,5.10973,1e-05,0.98626
9931.75,BTC-27MAR20,1582541941474,open,0.0,963.1,0.0005,0.0115,0.00195902,92.8,0.003,0.0,BTC-27MAR20-18000-C,9756.14,89.46,0.0015,40.0,0.0025,42.6,96.13,1.4882,-2.16632,0.16619,2e-05,0.02112
9931.75,BTC-27MAR20,1582541941474,open,0.01,987.1,0.0005,0.026,0.00998305,68.73,0.009,0.0,BTC-27MAR20-13000-C,9756.14,66.92,0.009,52.6,0.011,40.0,70.51,5.53645,-5.9687,0.87174,9e-05,0.11049
9931.75,BTC-27MAR20,1582541941474,open,0.0,241.5,0.0005,0.011,0.00108238,92.3,0.001,0.0,BTC-27MAR20-5500-P,9756.14,83.42,0.0005,1.0,0.002,42.6,101.23,0.82576,-1.19561,-0.10168,1e-05,-0.01064
9931.75,BTC-27MAR20,1582541941474,open,1.01,5.3,0.9745,1.06,1.01476964,97.7,0.907,0.0,BTC-27MAR20-20000-P,9756.14,0.0,0.0005,1.0,0.0,0.0,0.0,0.8699,-1.33308,-17.37705,1e-05,-0.9887
9931.75,BTC-27MAR20,1582541941474,open,0.0,2196.6,0.0005,0.013,0.00319783,83.66,0.0045,0.0,BTC-27MAR20-16000-C,9756.14,80.4,0.0025,40.0,0.004,63.5,86.89,2.29531,-3.01195,0.28032,3e-05,0.03552
9931.75,BTC-27MAR20,1582541941474,open,0.3,583.8,0.2825,0.3175,0.29891103,71.99,0.2755,0.0,BTC-27MAR20-7000-C,9756.14,0.0,0.295,0.1,0.3045,30.0,88.85,2.5294,-2.85644,5.7339,4e-05,0.96
9931.75,BTC-27MAR20,1582541941474,open,0.45,22.4,0.4355,0.461,0.44731621,92.46,0.4285,0.0,BTC-27MAR20-5500-C,9756.14,0.0,0.0,0.0,0.0,0.0,0.0,0.83248,-1.20742,4.70053,1e-05,0.98926
9931.75,BTC-27MAR20,1582541941474,open,0.5,35.7,0.4865,0.508,0.49694269,92.65,0.4975,0.0,BTC-27MAR20-5000-C,9756.14,0.0,0.0,0.0,0.509,20.0,165.72,0.3558,-0.5171,4.32765,0.0,0.9959
10239.77,BTC-26JUN20,1582541941474,open,0.43,72.7,0.4085,0.4485,0.42629793,68.27,0.44,0.0,BTC-26JUN20-6000-C,9756.14,0.0,0.414,0.1,0.0,0.0,0.0,7.15834,-1.98866,17.67792,3e-05,0.93912
9931.75,BTC-27MAR20,1582541941474,open,0.14,289.7,0.1105,0.1745,0.14027768,60.07,0.141,0.0,BTC-27MAR20-11000-P,9756.14,58.37,0.1385,3.0,0.1415,3.0,61.23,10.40108,-9.80058,-7.17338,0.0002,-0.68677
9931.75,BTC-27MAR20,1582541941474,open,0.55,38.8,0.5375,0.557,0.54701661,93.21,0.5475,0.0,BTC-27MAR20-4500-C,9756.14,0.0,0.0,0.0,0.0,0.0,0.0,0.1256,-0.18365,3.91767,0.0,0.9987
10239.77,BTC-26JUN20,1582541941474,open,0.01,260.1,0.0005,0.0205,0.00571985,88.68,0.004,0.0,BTC-26JUN20-30000-C,9756.14,86.95,0.005,31.0,0.0065,34.1,90.42,4.42806,-1.59797,0.95751,1e-05,0.0335
9931.75,BTC-27MAR20,1582541941474,open,1.22,5.6,1.172,1.265,1.21596892,106.45,1.545,0.0,BTC-27MAR20-22000-P,9756.14,0.0,0.0005,1.0,0.0,0.0,0.0,0.70453,-1.17639,-19.14317,1e-05,-0.99113
10239.77,BTC-26JUN20,1582541941474,open,0.2,769.8,0.1715,0.243,0.20470573,62.82,0.217,0.0,BTC-26JUN20-9000-C,9756.14,55.43,0.19,17.5,0.218,18.5,69.42,20.52702,-5.24692,17.21611,9e-05,0.70413
10239.77,BTC-26JUN20,1582541941474,open,1.74,0.0,1.6825,1.81,1.74109799,86.23,None,0.0,BTC-26JUN20-28000-P,9756.14,0.0,0.0,0.0,0.0,0.0,0.0,5.03289,-1.76594,-93.14029,2e-05,-0.96083
9931.75,BTC-27MAR20,1582541941474,open,0.0,1389.6,0.0005,0.0105,1.923e-05,92.32,0.0005,0.0,BTC-27MAR20-4000-P,9756.14,0.0,0.0,0.0,0.0005,49.9,124.4,0.02843,-0.04118,-0.00242,0.0,-0.00026
9931.75,BTC-27MAR20,1582541941474,open,0.0,428.4,0.0005,0.0105,3.24e-06,107.29,0.0005,0.0,BTC-27MAR20-36000-C,9756.14,0.0,0.0,0.0,0.0005,111.0,151.78,0.00576,-0.00969,0.00038,0.0,5e-05
10239.77,BTC-26JUN20,1582541941474,open,0.01,207.9,0.004,0.036,0.01374218,79.88,0.0145,0.0,BTC-26JUN20-22000-C,9756.14,78.99,0.013,6.0,0.0145,40.0,80.76,8.66949,-2.81805,2.21698,3e-05,0.07806
10239.77,BTC-26JUN20,1582541941475,open,2.13,0.0,2.065,2.2045,2.12970887,90.06,None,0.0,BTC-26JUN20-32000-P,9756.14,0.0,0.0,0.0,0.0,0.0,0.0,3.75608,-1.37641,-106.93987,1e-05,-0.97254
9931.75,BTC-27MAR20,1582541941475,open,1.82,0.0,1.764,1.8775,1.81924811,91.61,None,0.0,BTC-27MAR20-28000-P,9756.14,0.0,0.0005,1.0,0.0,0.0,0.0,0.01278,-0.01837,-24.45169,0.0,-0.99989
10546.37,SYN.BTC-25SEP20,1582541941473,open,0.29,280.1,0.2375,0.346,0.28679226,65.32,0.289,0.0,BTC-25SEP20-12000-P,9756.14,64.57,0.2845,6.6,0.289,2.9,66.05,32.20569,-4.91829,-48.82418,8e-05,-0.50327
9931.75,BTC-27MAR20,1582541941475,open,0.42,68.6,0.3845,0.454,0.41631828,74.61,0.435,0.0,BTC-27MAR20-14000-P,9756.14,0.0,0.3635,5.0,0.454,5.0,128.43,4.11112,-4.81146,-11.64279,6e-05,-0.92603
10239.77,BTC-26JUN20,1582541941475,open,0.42,12.5,0.3785,0.4795,0.42421477,68.75,0.456,0.0,BTC-26JUN20-14000-P,9756.14,0.0,0.001,2.0,0.49,1.0,99.7,19.97917,-5.58966,-39.46338,8e-05,-0.72059
9761.2,SYN.BTC-25FEB20,1582541941472,open,0.04,0.0,0.0205,0.061,0.04048271,57.17,None,0.0,BTC-25FEB20-9375-C,9756.14,0.0,0.004,0.1,0.0,0.0,0.0,0.66122,-18.90105,0.20767,0.00051,0.92725
9816.3,SYN.BTC-6MAR20,1582541941473,open,0.22,0.0,0.199,0.254,0.22463877,67.28,None,0.0,BTC-6MAR20-12000-P,9756.14,0.0,0.0,0.0,0.0,0.0,0.0,1.67221,-5.17246,-3.44355,9e-05,-0.95268
9931.75,BTC-27MAR20,1582541941475,open,0.01,1077.4,0.0005,0.0175,0.00622164,67.49,0.007,0.0,BTC-27MAR20-7500-P,9756.14,65.53,0.0055,40.0,0.007,58.9,69.49,3.7572,-3.97763,-0.62474,6e-05,-0.06581
9931.75,BTC-27MAR20,1582541941475,open,0.0,275.6,0.0005,0.0105,0.00038981,107.2,0.001,0.0,BTC-27MAR20-24000-C,9756.14,0.0,0.0,0.0,0.0015,40.0,124.07,0.37179,-0.62519,0.03401,0.0,0.00431
9761.2,SYN.BTC-25FEB20,1582541941472,open,0.02,27.0,0.001,0.0375,0.01619566,46.9,0.016,0.0,BTC-25FEB20-9875-P,9756.14,33.56,0.014,18.0,0.017,18.0,51.5,1.68909,-39.60886,-0.16515,0.00158,-0.68902
9761.2,SYN.BTC-25FEB20,1582541941472,open,0.0,69.8,0.0005,0.015,0.00198669,48.91,0.0025,0.0,BTC-25FEB20-10000-C,9756.14,44.62,0.0015,24.0,0.0025,25.0,53.06,1.16059,-19.39248,0.03687,0.00104,0.15943
10546.37,SYN.BTC-25SEP20,1582541941472,open,0.63,700.1,0.6155,0.641,0.6264429,73.28,0.654,0.0,BTC-25SEP20-4000-C,9756.14,0.0,0.0,0.0,0.0,0.0,0.0,4.28179,-0.73348,21.7084,1e-05,0.97773
9816.3,SYN.BTC-6MAR20,1582541941473,open,0.05,35.1,0.0355,0.0845,0.05247557,50.14,0.055,0.0,BTC-6MAR20-9500-C,9756.14,47.79,0.051,3.0,0.054,3.0,52.55,6.18485,-14.25784,1.7868,0.00043,0.66337
9777.73,SYN.BTC-28FEB20,1582541941473,open,0.01,2227.4,0.001,0.033,0.01057236,47.89,0.0105,0.0,BTC-28FEB20-10000-C,9756.14,45.01,0.0095,27.8,0.012,47.3,51.67,3.6633,-22.63246,0.33507,0.00075,0.3333
9777.73,SYN.BTC-28FEB20,1582541941473,open,0.28,51.2,0.2695,0.298,0.28408751,0.0,0.3,0.0,BTC-28FEB20-7000-C,9756.14,0.0,0.264,11.5,0.3305,8.0,423.25,0.0,0.0,0.74328,0.0,1.0
10546.37,SYN.BTC-25SEP20,1582541941473,open,0.06,148.3,0.03,0.101,0.05799996,70.31,0.0625,0.0,BTC-25SEP20-18000-C,9756.14,69.46,0.056,18.1,0.06,4.9,71.16,24.77927,-4.07318,10.90717,5e-05,0.2345
9777.73,SYN.BTC-28FEB20,1582541941473,open,0.0,96.9,0.0005,0.011,0.0014436,66.59,0.0015,0.0,BTC-28FEB20-8750-P,9756.14,61.93,0.001,40.3,0.002,1.0,71.44,1.02568,-8.81123,-0.05257,0.00015,-0.04919
9761.2,SYN.BTC-25FEB20,1582541941472,open,0.05,0.0,0.03,0.075,0.0510122,65.86,None,0.0,BTC-25FEB20-10250-P,9756.14,0.0,0.001,3.0,0.0,0.0,0.0,0.62063,-20.43797,-0.23044,0.00041,-0.933
9777.73,SYN.BTC-28FEB20,1582541941473,open,0.1,0.0,0.0785,0.1275,0.10135617,61.17,None,0.0,BTC-28FEB20-10750-P,9756.14,0.0,0.049,5.0,0.1745,5.0,275.0,1.35964,-10.72996,-1.07031,0.00022,-0.92954
9777.73,SYN.BTC-28FEB20,1582541941473,open,0.0,121.1,0.0005,0.0105,0.00046948,64.95,0.0005,0.0,BTC-28FEB20-11250-C,9756.14,0.0,0.0,0.0,0.0015,32.0,78.91,0.47925,-4.01542,0.01985,7e-05,0.01959
10546.37,SYN.BTC-25SEP20,1582541941473,open,2.05,0.0,1.9795,2.1285,2.04723042,78.72,None,0.0,BTC-25SEP20-32000-P,9756.14,0.0,0.0005,1.0,0.0,0.0,0.0,9.82876,-1.80881,-184.49882,2e-05,-0.9383
9777.73,SYN.BTC-28FEB20,1582541941473,open,0.11,0.5,0.0875,0.1275,0.10655295,66.59,0.1,0.0,BTC-28FEB20-8750-C,9756.14,0.0,0.097,14.0,0.14,7.0,196.15,1.02564,-8.81081,0.87654,0.00015,0.95081
9761.2,SYN.BTC-25FEB20,1582541941472,open,0.03,3.0,0.0085,0.049,0.0285758,51.72,0.031,0.0,BTC-25FEB20-9500-C,9756.14,40.1,0.0275,6.0,0.03,6.0,63.49,1.06064,-27.42717,0.19487,0.0009,0.86068
10546.37,SYN.BTC-25SEP20,1582541941473,open,0.22,310.2,0.1755,0.2765,0.22104944,64.38,0.223,0.0,BTC-25SEP20-11000-P,9756.14,63.7,0.219,3.6,0.223,2.9,65.03,31.79219,-4.78528,-40.60758,8e-05,-0.43606
10546.37,SYN.BTC-25SEP20,1582541941473,open,0.01,957.4,0.0005,0.0155,0.00572037,73.28,0.0055,0.0,BTC-25SEP20-4000-P,9756.14,71.43,0.005,20.0,0.0065,26.0,75.13,4.28179,-0.73348,-1.73003,1e-05,-0.02227
9761.2,SYN.BTC-25FEB20,1582541941472,open,0.0,24.5,0.0005,0.0115,0.00093685,65.86,0.001,0.0,BTC-25FEB20-10250-C,9756.14,57.85,0.0005,40.0,0.0015,50.4,73.69,0.62063,-9.14481,0.01547,0.00041,0.067
9816.3,SYN.BTC-6MAR20,1582541941474,open,0.04,94.3,0.023,0.07,0.03775728,49.96,0.0375,0.0,BTC-6MAR20-9750-C,9756.14,48.12,0.0365,3.0,0.039,3.0,51.77,6.71002,-15.41068,1.49368,0.00047,0.54843
9816.3,SYN.BTC-6MAR20,1582541941473,open,0.03,235.4,0.014,0.0575,0.02596031,49.67,0.0265,0.0,BTC-6MAR20-10000-C,9756.14,48.99,0.0255,3.0,0.028,31.3,52.67,6.65904,-15.20604,1.18521,0.00047,0.43117
9777.73,SYN.BTC-28FEB20,1582541941473,open,0.06,5.6,0.0375,0.081,0.05817184,52.61,0.0565,0.0,BTC-28FEB20-9250-C,9756.14,0.0,0.0475,11.5,0.062,0.1,67.03,2.31473,-15.71001,0.82551,0.00043,0.85328
9777.73,SYN.BTC-28FEB20,1582541941473,open,0.0,1135.9,0.0005,0.0105,5.988e-05,70.88,0.0005,0.0,BTC-28FEB20-8000-P,9756.14,0.0,0.0,0.0,0.001,30.3,101.58,0.08341,-0.58553,-0.00285,1e-05,-0.00269
9761.2,SYN.BTC-25FEB20,1582541941472,open,0.06,0.0,0.0425,0.0865,0.06326413,66.04,None,0.0,BTC-25FEB20-10375-P,9756.14,0.0,0.0,0.0,0.0,0.0,0.0,0.33255,-10.98106,-0.24179,0.00022,-0.96919
9777.73,SYN.BTC-28FEB20,1582541941474,open,0.0,309.6,0.0005,0.0105,0.0,71.02,0.0005,0.0,BTC-28FEB20-6000-P,9756.14,0.0,0.0,0.0,0.0005,30.3,201.07,0.0,0.0,0.0,0.0,0.0
9816.3,SYN.BTC-6MAR20,1582541941472,open,0.07,6.7,0.052,0.101,0.06997395,50.16,0.071,0.0,BTC-6MAR20-9250-C,9756.14,34.44,0.0625,0.1,0.075,1.1,59.34,5.18039,-11.94644,2.03923,0.00036,0.76717
9761.2,SYN.BTC-25FEB20,1582541941472,open,0.01,58.7,0.0005,0.027,0.00717035,39.59,0.008,0.0,BTC-25FEB20-9750-P,9756.14,36.15,0.0065,30.1,0.0075,0.5,41.28,1.90288,-37.66322,-0.11234,0.0021,-0.47252
9777.73,SYN.BTC-28FEB20,1582541941473,open,0.04,362.6,0.0185,0.062,0.03664907,47.38,0.039,0.0,BTC-28FEB20-9500-C,9756.14,46.94,0.0365,3.0,0.0385,0.2,52.72,3.32762,-20.33815,0.7205,0.00069,0.73061
9816.3,SYN.BTC-6MAR20,1582541941474,open,0.16,0.0,0.143,0.182,0.16173273,62.12,None,0.0,BTC-6MAR20-8250-C,9756.14,0.0,0.0,0.0,0.0,0.0,0.0,1.66337,-4.75079,2.31437,9e-05,0.95299
9777.73,SYN.BTC-28FEB20,1582541941473,open,0.02,354.3,0.007,0.046,0.01993114,45.02,0.021,0.0,BTC-28FEB20-9750-C,9756.14,45.19,0.02,3.0,0.022,0.3,50.07,4.00524,-23.26112,0.53335,0.00088,0.53364
10546.37,SYN.BTC-25SEP20,1582541941473,open,0.76,1.1,0.7085,0.834,0.76474856,70.31,0.829,0.0,BTC-25SEP20-18000-P,9756.14,0.0,0.12,1.0,0.835,0.5,96.8,24.77927,-4.07318,-94.56578,5e-05,-0.7655
10546.37,SYN.BTC-25SEP20,1582541941473,open,0.01,443.4,0.0025,0.027,0.01223489,68.45,0.012,0.0,BTC-25SEP20-5000-P,9756.14,67.44,0.0115,20.0,0.013,6.0,69.48,7.77057,-1.24354,-3.59057,2e-05,-0.04587
9761.2,SYN.BTC-25FEB20,1582541941472,open,0.0,1.7,0.0005,0.0105,4.957e-05,66.55,0.0005,0.0,BTC-25FEB20-10625-C,9756.14,0.0,0.0,0.0,0.001,50.5,102.83,0.06752,-0.48388,0.00113,4e-05,0.00487
9777.73,SYN.BTC-28FEB20,1582541941474,open,0.28,7.0,0.2535,0.3045,0.2784183,66.49,0.254,0.0,BTC-28FEB20-12500-P,9756.14,0.0,0.0,0.0,0.0,0.0,0.0,0.00735,-0.06307,-1.3271,0.0,-0.99981
9777.73,SYN.BTC-28FEB20,1582541941473,open,0.05,5.0,0.032,0.0805,0.05355893,50.4,0.093,0.0,BTC-28FEB20-10250-P,9756.14,0.0,0.041,14.0,0.084,7.0,134.57,2.72353,-17.70808,-0.89782,0.00053,-0.8112
9777.73,SYN.BTC-28FEB20,1582541941473,open,0.0,1213.3,0.0005,0.011,0.00110938,64.84,0.001,0.0,BTC-28FEB20-11000-C,9756.14,56.63,0.0005,103.5,0.002,31.1,72.94,0.90075,-7.53447,0.0423,0.00014,0.04185
9761.2,SYN.BTC-25FEB20,1582541941472,open,0.07,0.0,0.0465,0.085,0.06542773,67.76,None,0.0,BTC-25FEB20-9125-C,9756.14,0.0,0.01,20.0,0.0,0.0,0.0,0.23462,-7.94938,0.21411,0.00015,0.97968
9816.3,SYN.BTC-6MAR20,1582541941473,open,0.2,0.0,0.1745,0.229,0.1996891,64.36,None,0.0,BTC-6MAR20-11750-P,9756.14,0.0,0.0,0.0,0.0,0.0,0.0,1.99252,-5.89523,-3.33636,0.00011,-0.94098
9816.3,SYN.BTC-6MAR20,1582541941474,open,0.02,45.6,0.008,0.0465,0.01877125,52.18,0.0185,0.0,BTC-6MAR20-10250-C,9756.14,50.14,0.0175,3.0,0.02,34.5,54.14,6.1498,-14.75345,0.91559,0.00041,0.3318
10546.37,SYN.BTC-25SEP20,1582541941473,open,0.22,252.6,0.1765,0.264,0.21658816,64.38,0.2095,0.0,BTC-25SEP20-10000-C,9756.14,62.26,0.2105,11.5,0.2175,11.5,64.7,30.24682,-4.55268,26.07102,7e-05,0.63847
9777.73,SYN.BTC-28FEB20,1582541941472,open,0.0,189.5,0.0005,0.019,0.0041991,52.61,0.004,0.0,BTC-28FEB20-9250-P,9756.14,49.56,0.0035,3.0,0.005,33.0,55.89,2.31475,-15.71027,-0.15669,0.00043,-0.14672
10546.37,SYN.BTC-25SEP20,1582541941473,open,2.42,0.0,2.3495,2.51,2.42323149,80.81,None,0.0,BTC-25SEP20-36000-P,9756.14,0.0,0.0005,1.0,0.0,0.0,0.0,7.91308,-1.49489,-208.64806,2e-05,-0.95308
9777.73,SYN.BTC-28FEB20,1582541941473,open,0.0,671.1,0.0005,0.0105,0.0,70.93,0.001,0.0,BTC-28FEB20-6500-P,9756.14,0.0,0.0,0.0,0.0005,31.0,171.06,0.0,0.0,0.0,0.0,0.0
10546.37,SYN.BTC-25SEP20,1582541941473,open,0.43,103.0,0.38,0.497,0.43298657,66.91,0.4855,0.0,BTC-25SEP20-14000-P,9756.14,0.0,0.1,1.0,0.489,1.8,85.63,30.81717,-4.8204,-64.87225,7e-05,-0.61677
10546.37,SYN.BTC-25SEP20,1582541941473,open,0.01,334.7,0.0035,0.036,0.01301068,78.72,0.0125,0.0,BTC-25SEP20-32000-C,9756.14,77.61,0.012,26.0,0.014,2.0,79.76,9.82876,-1.80881,3.00864,2e-05,0.0617
9761.2,SYN.BTC-25FEB20,1582541941472,open,0.0,17.3,0.0005,0.0205,0.0045377,46.9,0.004,0.0,BTC-25FEB20-9875-C,9756.14,43.76,0.004,0.3,0.005,44.0,49.55,1.68909,-39.60886,0.07177,0.00158,0.31098
9761.2,SYN.BTC-25FEB20,1582541941472,open,0.03,44.6,0.0065,0.0485,0.02645045,48.91,0.0255,0.0,BTC-25FEB20-10000-P,9756.14,21.26,0.0245,6.0,0.0275,6.0,57.11,1.16059,-28.38435,-0.20305,0.00104,-0.84057
10546.37,SYN.BTC-25SEP20,1582541941473,open,0.15,399.8,0.1085,0.199,0.14895985,65.32,0.152,0.0,BTC-25SEP20-12000-C,9756.14,64.68,0.147,16.9,0.151,2.9,65.99,32.20569,-4.91829,21.49111,8e-05,0.49673
9761.2,SYN.BTC-25FEB20,1582541941472,open,0.04,0.0,0.0175,0.061,0.03821298,52.92,None,0.0,BTC-25FEB20-10125-P,9756.14,0.0,0.0005,0.1,0.0,0.0,0.0,0.71719,-18.9774,-0.22418,0.00059,-0.91905
9816.3,SYN.BTC-6MAR20,1582541941474,open,0.01,220.8,0.0005,0.0205,0.00544291,56.67,0.005,0.0,BTC-6MAR20-8750-P,9756.14,53.66,0.0045,20.5,0.0065,45.1,59.8,3.19446,-8.32274,-0.33883,0.0002,-0.1104
9816.3,SYN.BTC-6MAR20,1582541941473,open,0.09,0.0,0.0715,0.1185,0.09060681,51.6,None,0.0,BTC-6MAR20-9000-C,9756.14,36.59,0.0855,0.1,0.111,11.5,91.9,4.02109,-9.53908,2.20934,0.00027,0.84596
9761.2,SYN.BTC-25FEB20,1582541941472,open,0.0,19.7,0.0005,0.0115,0.00091748,57.17,0.001,0.0,BTC-25FEB20-9375-P,9756.14,50.06,0.0005,50.1,0.0015,50.0,64.77,0.66122,-8.95575,-0.01725,0.00051,-0.07275
10546.37,SYN.BTC-25SEP20,1582541941474,open,0.54,1.0,0.5225,0.5585,0.53813805,68.45,0.581,0.0,BTC-25SEP20-5000-C,9756.14,0.0,0.0,0.0,0.0,0.0,0.0,7.77057,-1.24354,25.70747,2e-05,0.95413
9816.3,SYN.BTC-6MAR20,1582541941473,open,0.03,71.7,0.0175,0.064,0.0310039,49.96,0.029,0.0,BTC-6MAR20-9750-P,9756.14,45.56,0.028,23.0,0.0305,8.0,49.22,6.71002,-15.41083,-1.41148,0.00047,-0.45157
9816.3,SYN.BTC-6MAR20,1582541941474,open,0.05,32.5,0.0285,0.0795,0.04467479,49.67,0.044,0.0,BTC-6MAR20-10000-P,9756.14,45.72,0.042,3.0,0.0445,8.0,49.41,6.65905,-15.2062,-1.79443,0.00047,-0.56882
9816.3,SYN.BTC-6MAR20,1582541941473,open,0.02,313.6,0.01,0.0505,0.02025432,50.14,0.018,0.0,BTC-6MAR20-9500-P,9756.14,45.74,0.0175,23.0,0.0205,37.4,50.53,6.18486,-14.25801,-1.04386,0.00043,-0.33663
9777.73,SYN.BTC-28FEB20,1582541941473,open,0.08,282.0,0.054,0.1025,0.07686502,55.37,0.088,0.0,BTC-28FEB20-10500-P,9756.14,0.0,0.0395,7.0,0.1815,3.5,333.74,1.90858,-13.63394,-1.00265,0.00034,-0.88886
9777.73,SYN.BTC-28FEB20,1582541941474,open,0.13,24.1,0.1035,0.152,0.12611477,64.84,0.137,0.0,BTC-28FEB20-11000-P,9756.14,0.0,0.0735,5.0,0.199,5.0,291.77,0.90081,-7.53507,-1.12571,0.00014,-0.95814
9816.3,SYN.BTC-6MAR20,1582541941473,open,0.1,0.0,0.0805,0.136,0.10385934,54.49,None,0.0,BTC-6MAR20-10750-P,9756.14,0.0,0.048,7.0,0.158,3.5,144.03,4.43189,-11.10347,-2.7049,0.00028,-0.82092
9777.73,SYN.BTC-28FEB20,1582541941473,open,0.0,716.8,0.0005,0.0105,3.09e-06,66.31,0.0005,0.0,BTC-28FEB20-12500-C,9756.14,0.0,0.0,0.0,0.0005,30.0,105.33,0.0071,-0.03017,0.00019,0.0,0.00019
10546.37,SYN.BTC-25SEP20,1582541941473,open,0.59,2.4,0.5395,0.662,0.59460323,68.77,0.65,0.0,BTC-25SEP20-16000-P,9756.14,0.0,0.11,1.0,0.7755,1.0,129.9,28.00847,-4.50311,-80.09191,6e-05,-0.70143
9761.2,SYN.BTC-25FEB20,1582541941472,open,0.0,12.2,0.0005,0.019,0.00346292,44.95,0.0035,0.0,BTC-25FEB20-9625-P,9756.14,41.98,0.003,0.1,0.004,44.0,48.29,1.54489,-33.80223,-0.06125,0.0015,-0.25807
9761.2,SYN.BTC-25FEB20,1582541941472,open,0.09,0.0,0.0675,0.1115,0.08854231,66.55,None,0.0,BTC-25FEB20-10625-P,9756.14,0.0,0.0,0.0,0.0,0.0,0.0,0.06752,-2.2468,-0.25378,4e-05,-0.99513
10546.37,SYN.BTC-25SEP20,1582541941474,open,0.94,1.6,0.8835,1.011,0.94066762,71.68,1.02,0.0,BTC-25SEP20-20000-P,9756.14,0.0,0.22,1.0,1.025,0.4,105.31,21.6365,-3.62572,-108.4214,5e-05,-0.81379
9816.3,SYN.BTC-6MAR20,1582541941473,open,0.08,0.0,0.0605,0.116,0.08191505,52.18,None,0.0,BTC-6MAR20-10500-P,9756.14,0.0,0.063,14.0,0.0965,7.0,76.95,5.28188,-12.67147,-2.45902,0.00035,-0.7588
10546.37,SYN.BTC-25SEP20,1582541941473,open,0.04,204.4,0.0205,0.0835,0.04428028,71.68,0.0465,0.0,BTC-25SEP20-20000-C,9756.14,70.81,0.0425,23.9,0.046,4.9,72.51,21.6365,-3.62572,8.77076,5e-05,0.18621
9777.73,SYN.BTC-28FEB20,1582541941473,open,0.0,248.8,0.0005,0.0105,0.0,71.46,0.0005,0.0,BTC-28FEB20-5000-P,9756.14,0.0,0.0,0.0,0.0005,0.5,268.72,0.0,0.0,0.0,0.0,0.0
9761.2,SYN.BTC-25FEB20,1582541941473,open,0.0,31.5,0.0005,0.0105,0.00038299,66.04,0.0005,0.0,BTC-25FEB20-10375-C,9756.14,0.0,0.0,0.0,0.001,30.4,79.33,0.33255,-3.73841,0.00712,0.00022,0.03081
9761.2,SYN.BTC-25FEB20,1582541941472,open,0.02,14.1,0.0015,0.0375,0.01741655,44.95,0.0175,0.0,BTC-25FEB20-9625-C,9756.14,38.97,0.0165,6.0,0.019,6.0,54.59,1.54488,-34.71775,0.16967,0.0015,0.74193
10546.37,SYN.BTC-25SEP20,1582541941473,open,0.26,126.1,0.225,0.307,0.26273418,64.38,0.263,0.0,BTC-25SEP20-9000-C,9756.14,55.79,0.2405,8.0,0.2805,8.0,71.21,27.40665,-4.12518,27.95079,7e-05,0.71503
10546.37,SYN.BTC-25SEP20,1582541941474,open,0.18,234.9,0.137,0.227,0.1780364,64.38,0.178,0.0,BTC-25SEP20-11000-C,9756.14,63.05,0.174,12.7,0.1815,12.7,65.53,31.79219,-4.78528,23.84811,8e-05,0.56394
9777.73,SYN.BTC-28FEB20,1582541941473,open,0.01,111.8,0.0005,0.0225,0.00525846,50.4,0.0055,0.0,BTC-28FEB20-10250-C,9756.14,47.61,0.0045,35.3,0.006,2.4,53.01,2.72351,-17.70785,0.19056,0.00053,0.1888
9761.2,SYN.BTC-25FEB20,1582541941472,open,0.0,0.1,0.0005,0.0105,0.0002509,67.76,0.0005,0.0,BTC-25FEB20-9125-P,9756.14,0.0,0.0,0.0,0.001,50.5,87.0,0.23463,-2.44913,-0.00482,0.00015,-0.02032
10546.37,SYN.BTC-25SEP20,1582541941473,open,0.11,486.8,0.0685,0.1545,0.10551543,66.91,0.108,0.0,BTC-25SEP20-14000-C,9756.14,66.39,0.104,15.6,0.107,2.9,67.42,30.81717,-4.8204,17.16226,7e-05,0.38323
9777.73,SYN.BTC-28FEB20,1582541941473,open,0.08,281.8,0.0615,0.1025,0.08149576,56.58,0.08,0.0,BTC-28FEB20-9000-C,9756.14,0.0,0.073,14.0,0.116,7.0,175.3,1.40323,-10.24226,0.87739,0.00024,0.92658
9777.73,SYN.BTC-28FEB20,1582541941472,open,0.0,1447.6,0.0005,0.0105,0.00071845,70.87,0.001,0.0,BTC-28FEB20-8500-P,9756.14,66.87,0.0005,43.8,0.001,3.0,75.04,0.59557,-5.4451,-0.02705,8e-05,-0.02534
9761.2,SYN.BTC-25FEB20,1582541941472,open,0.0,42.7,0.0005,0.0145,0.00181637,51.72,0.003,0.0,BTC-25FEB20-9500-P,9756.14,48.7,0.0015,0.3,0.002,30.0,53.38,1.06064,-17.72999,-0.03305,0.0009,-0.13932
10546.37,SYN.BTC-25SEP20,1582541941474,open,0.02,160.0,0.006,0.046,0.01848923,76.67,0.017,0.0,BTC-25SEP20-28000-C,9756.14,75.83,0.0175,26.0,0.0195,1.0,77.5,12.59475,-2.25741,4.12828,3e-05,0.08529
9816.3,SYN.BTC-6MAR20,1582541941473,open,0.19,5.0,0.169,0.2055,0.18647245,65.69,0.1875,0.0,BTC-6MAR20-8000-C,9756.14,0.0,0.0,0.0,0.0,0.0,0.0,1.19638,-3.61323,2.28774,6e-05,0.96863
9761.2,SYN.BTC-25FEB20,1582541941472,open,0.0,69.9,0.0005,0.0105,0.00014397,66.3,0.0005,0.0,BTC-25FEB20-10500-C,9756.14,0.0,0.0,0.0,0.001,33.5,91.29,0.15854,-1.40533,0.00298,0.0001,0.01286
9777.73,SYN.BTC-28FEB20,1582541941474,open,0.0,586.6,0.0005,0.0105,0.00018877,65.17,0.0005,0.0,BTC-28FEB20-11500-C,9756.14,0.0,0.0,0.0,0.001,31.0,82.55,0.23539,-1.84573,0.00874,4e-05,0.0086
9777.73,SYN.BTC-28FEB20,1582541941474,open,0.39,2.1,0.374,0.398,0.3863607,0.0,0.3795,0.0,BTC-28FEB20-6000-C,9756.14,0.0,0.0095,0.1,0.8,0.1,500.0,0.0,0.0,0.6371,0.0,1.0
10546.37,SYN.BTC-25SEP20,1582541941473,open,0.08,341.7,0.045,0.124,0.07749336,68.77,0.08,0.0,BTC-25SEP20-16000-C,9756.14,67.83,0.075,17.0,0.08,4.9,69.71,28.00847,-4.50311,13.66182,6e-05,0.29857
9777.73,SYN.BTC-28FEB20,1582541941473,open,0.18,0.3,0.1535,0.2015,0.17633076,65.18,0.1175,0.0,BTC-28FEB20-11500-P,9756.14,0.0,0.0,0.0,0.0,0.0,0.0,0.2355,-1.98015,-1.21237,4e-05,-0.99139
9777.73,SYN.BTC-28FEB20,1582541941473,open,0.23,27.2,0.2035,0.2525,0.22730434,65.62,0.2075,0.0,BTC-28FEB20-12000-P,9756.14,0.0,0.0,0.0,0.0,0.0,0.0,0.04536,-0.38405,-1.2728,1e-05,-0.99863
9761.2,SYN.BTC-25FEB20,1582541941472,open,0.0,38.8,0.0005,0.0115,0.00094343,52.92,0.0015,0.0,BTC-25FEB20-10125-C,9756.14,45.93,0.0005,55.2,0.0015,0.1,59.68,0.71719,-9.20899,0.01874,0.00059,0.08095
9777.73,SYN.BTC-28FEB20,1582541941475,open,0.18,250.0,0.1655,0.1985,0.18187415,70.87,0.157,0.0,BTC-28FEB20-8000-C,9756.14,0.0,0.1725,14.0,0.2155,7.0,267.16,0.08332,-0.7618,0.84662,1e-05,0.99732
9777.73,SYN.BTC-28FEB20,1582541941473,open,0.0,940.7,0.0005,0.0105,3.5e-07,67.32,0.0005,0.0,BTC-28FEB20-13000-C,9756.14,0.0,0.0,0.0,0.0005,51.1,119.52,0.00101,-0.00347,2e-05,0.0,2e-05
10546.37,SYN.BTC-25SEP20,1582541941474,open,0.03,105.1,0.0105,0.0605,0.02774211,74.38,0.029,0.0,BTC-25SEP20-24000-C,9756.14,73.58,0.0265,26.0,0.029,2.0,75.18,16.44492,-2.85964,5.89516,3e-05,0.12314
9816.3,SYN.BTC-6MAR20,1582541941473,open,0.0,73.6,0.0005,0.011,0.00144403,65.69,0.0015,0.0,BTC-6MAR20-8000-P,9756.14,61.65,0.001,20.0,0.002,0.2,69.83,1.19651,-3.61376,-0.09599,6e-05,-0.03137
9777.73,SYN.BTC-28FEB20,1582541941474,open,0.15,0.0,0.1285,0.1765,0.15104317,64.95,None,0.0,BTC-28FEB20-11250-P,9756.14,0.0,0.0985,5.0,0.224,5.0,308.61,0.47933,-4.01624,-1.17471,7e-05,-0.98041
9777.73,SYN.BTC-28FEB20,1582541941475,open,0.0,890.5,0.0005,0.015,0.00299624,55.37,0.003,0.0,BTC-28FEB20-10500-C,9756.14,52.73,0.0025,35.9,0.0035,7.0,57.87,1.90855,-13.6336,0.11227,0.00034,0.11114
9777.73,SYN.BTC-28FEB20,1582541941474,open,0.44,12.1,0.4265,0.4485,0.43749731,0.0,0.45,0.0,BTC-28FEB20-5500-C,9756.14,0.0,0.0,0.0,0.0,0.0,0.0,0.0,0.0,0.58401,0.0,1.0
9816.3,SYN.BTC-6MAR20,1582541941473,open,0.0,98.6,0.0005,0.0125,0.00269959,64.35,0.0045,0.0,BTC-6MAR20-11750-C,9756.14,60.62,0.002,20.0,0.0035,0.1,68.03,1.99236,-5.89458,0.16471,0.00011,0.05901
9777.73,SYN.BTC-28FEB20,1582541941474,open,0.23,91.1,0.2175,0.248,0.23295308,70.73,0.21,0.0,BTC-28FEB20-7500-C,9756.14,0.0,0.2215,11.5,0.2615,8.0,297.58,0.00469,-0.04278,0.79625,0.0,0.99988
9761.2,SYN.BTC-25FEB20,1582541941472,open,0.0,36.5,0.0005,0.0105,0.000714,67.74,0.001,0.0,BTC-25FEB20-9250-P,9756.14,63.14,0.0005,10.0,0.001,30.3,72.84,0.49889,-6.96946,-0.01205,0.00032,-0.05074
9816.3,SYN.BTC-6MAR20,1582541941473,open,0.0,343.5,0.0005,0.0145,0.00371332,60.43,0.0032,0.0,BTC-6MAR20-8500-P,9756.14,57.39,0.003,24.0,0.0045,20.2,63.47,2.42323,-6.73228,-0.23319,0.00014,-0.07601
9816.3,SYN.BTC-6MAR20,1582541941474,open,0.01,102.9,0.0005,0.0225,0.00650544,57.36,0.0105,0.0,BTC-6MAR20-11000-C,9756.14,54.59,0.0055,20.0,0.0075,45.0,59.93,3.68989,-9.7304,0.37754,0.00022,0.13558
9816.3,SYN.BTC-6MAR20,1582541941473,open,0.0,66.2,0.0005,0.015,0.00372067,62.65,0.003,0.0,BTC-6MAR20-11500-C,9756.14,59.67,0.003,20.0,0.0045,0.1,65.57,2.50294,-7.20965,0.22113,0.00014,0.07932
9816.3,SYN.BTC-6MAR20,1582541941474,open,0.0,125.1,0.0005,0.012,0.0021814,67.28,0.0025,0.0,BTC-6MAR20-12000-C,9756.14,62.84,0.0015,20.0,0.003,0.1,71.66,1.67203,-5.17173,0.132,9e-05,0.04731
10546.37,SYN.BTC-25SEP20,1582541941474,open,0.02,258.4,0.0115,0.0455,0.02399583,65.33,0.025,0.0,BTC-25SEP20-6000-P,9756.14,64.49,0.023,20.0,0.025,6.0,66.18,12.46567,-1.90401,-6.68185,3e-05,-0.08413
9816.3,SYN.BTC-6MAR20,1582541941473,open,0.13,0.0,0.1025,0.1575,0.12709137,57.36,None,0.0,BTC-6MAR20-11000-P,9756.14,0.0,0.071,7.0,0.181,3.5,151.78,3.68997,-9.73077,-2.90005,0.00022,-0.86441
9777.73,SYN.BTC-28FEB20,1582541941473,open,0.0,819.3,0.0005,0.0105,3e-08,70.91,0.0005,0.0,BTC-28FEB20-7000-P,9756.14,0.0,0.0,0.0,0.0005,31.0,143.0,0.0001,-0.00029,0.0,0.0,0.0
10546.37,SYN.BTC-25SEP20,1582541941474,open,1.67,0.0,1.6105,1.7505,1.67343151,76.67,None,0.0,BTC-25SEP20-28000-P,9756.14,0.0,0.0005,1.0,0.0,0.0,0.0,12.59475,-2.25741,-159.94075,3e-05,-0.91471
9816.3,SYN.BTC-6MAR20,1582541941474,open,0.06,4.0,0.043,0.097,0.06295358,52.18,0.1005,0.0,BTC-6MAR20-10250-P,9756.14,0.0,0.0145,8.0,0.0765,11.5,73.11,6.14982,-14.75366,-2.13854,0.00041,-0.6682
9777.73,SYN.BTC-28FEB20,1582541941473,open,0.33,0.1,0.3035,0.3565,0.32955218,68.47,0.36,0.0,BTC-28FEB20-13000-P,9756.14,0.0,0.0055,0.1,0.0,0.0,0.0,0.00134,-0.01183,-1.38035,0.0,-0.99997
9777.73,SYN.BTC-28FEB20,1582541941473,open,0.03,573.4,0.015,0.061,0.03330453,47.89,0.031,0.0,BTC-28FEB20-10000-P,9756.14,0.0,0.015,0.1,0.033,3.0,47.08,3.66331,-22.63263,-0.72677,0.00075,-0.6667
9777.73,SYN.BTC-28FEB20,1582541941474,open,0.01,1429.8,0.0005,0.03,0.00824464,47.38,0.008,0.0,BTC-28FEB20-9500-P,9756.14,45.17,0.0075,3.0,0.009,30.1,49.58,3.32763,-20.33832,-0.28825,0.00069,-0.26939
9761.2,SYN.BTC-25FEB20,1582541941472,open,0.05,0.0,0.0335,0.074,0.05308502,67.74,None,0.0,BTC-25FEB20-9250-C,9756.14,0.0,0.004,2.0,0.0,0.0,0.0,0.49889,-16.89801,0.20987,0.00032,0.94926
9816.3,SYN.BTC-6MAR20,1582541941473,open,0.01,63.0,0.0005,0.029,0.00874128,54.49,0.008,0.0,BTC-6MAR20-10750-C,9756.14,51.67,0.0075,24.7,0.01,22.0,57.22,4.43184,-11.10317,0.4982,0.00028,0.17907
10546.37,SYN.BTC-25SEP20,1582541941473,open,0.46,1.0,0.4335,0.4815,0.45507963,65.33,0.425,0.0,BTC-25SEP20-6000-C,9756.14,52.55,0.442,0.1,0.0,0.0,0.0,12.46567,-1.90401,28.4758,3e-05,0.91587
9777.73,SYN.BTC-28FEB20,1582541941473,open,0.0,278.7,0.0005,0.0105,0.0,71.19,0.001,0.0,BTC-28FEB20-5500-P,9756.14,0.0,0.0,0.0,0.0005,0.2,233.44,0.0,0.0,0.0,0.0,0.0
9816.3,SYN.BTC-6MAR20,1582541941473,open,0.21,0.0,0.195,0.23,0.21158705,70.73,None,0.0,BTC-6MAR20-7750-C,9756.14,0.0,0.0,0.0,0.0,0.0,0.0,0.92059,-2.99357,2.239,5e-05,0.97708
9816.3,SYN.BTC-6MAR20,1582541941475,open,0.11,5.0,0.094,0.138,0.11406774,56.67,0.115,0.0,BTC-6MAR20-8750-C,9756.14,0.0,0.0895,8.0,0.127,11.5,87.63,3.19439,-8.32243,2.26837,0.0002,0.8896
9816.3,SYN.BTC-6MAR20,1582541941475,open,0.24,5.0,0.2205,0.254,0.23668362,74.18,0.234,0.0,BTC-6MAR20-7500-C,9756.14,0.0,0.0,0.0,0.0,0.0,0.0,0.64765,-2.20881,2.18828,3e-05,0.98484
9816.3,SYN.BTC-6MAR20,1582541941473,open,0.14,0.0,0.118,0.159,0.13780602,60.43,None,0.0,BTC-6MAR20-8500-C,9756.14,0.0,0.0,0.0,0.0,0.0,0.0,2.42314,-6.73189,2.29952,0.00014,0.92399
9777.73,SYN.BTC-28FEB20,1582541941474,open,0.13,341.5,0.113,0.151,0.1313961,70.87,0.1495,0.0,BTC-28FEB20-8500-C,9756.14,0.0,0.122,14.0,0.165,7.0,219.39,0.59552,-5.44457,0.87551,8e-05,0.97466
9816.3,SYN.BTC-6MAR20,1582541941473,open,0.17,0.0,0.15,0.2045,0.17524232,62.66,None,0.0,BTC-6MAR20-11500-P,9756.14,0.0,0.0,0.0,0.0,0.0,0.0,2.50307,-7.21019,-3.20544,0.00014,-0.92067
10546.37,SYN.BTC-25SEP20,1582541941473,open,0.17,291.5,0.124,0.216,0.16478183,64.38,0.166,0.0,BTC-25SEP20-10000-P,9756.14,62.89,0.1605,14.8,0.167,14.8,65.16,30.24682,-4.55268,-32.52506,7e-05,-0.36153
10546.37,SYN.BTC-25SEP20,1582541941473,open,0.32,73.6,0.2835,0.357,0.31736162,64.38,0.3135,0.0,BTC-25SEP20-8000-C,9756.14,53.74,0.2945,8.0,0.34,8.0,74.49,23.25342,-3.50005,29.22044,6e-05,0.7902
9777.73,SYN.BTC-28FEB20,1582541941473,open,0.34,25.5,0.322,0.348,0.33522409,0.0,0.3345,0.0,BTC-28FEB20-6500-C,9756.14,0.0,0.0,0.0,0.75,0.1,500.0,0.0,0.0,0.69019,0.0,1.0
9816.3,SYN.BTC-6MAR20,1582541941473,open,0.01,477.7,0.0005,0.0285,0.00744984,51.6,0.0077,0.0,BTC-6MAR20-9000-P,9756.14,49.23,0.0065,25.8,0.0085,22.5,54.11,4.02115,-9.53933,-0.47235,0.00027,-0.15404
10546.37,SYN.BTC-25SEP20,1582541941476,open,0.12,618.6,0.081,0.1615,0.11610848,64.38,0.114,0.0,BTC-25SEP20-9000-P,9756.14,63.96,0.115,0.1,0.1165,18.1,64.53,27.40665,-4.12518,-24.78568,7e-05,-0.28497
9761.2,SYN.BTC-25FEB20,1582541941473,open,0.01,47.9,0.0005,0.028,0.00831819,39.59,0.0095,0.0,BTC-25FEB20-9750-C,9756.14,35.39,0.0075,36.6,0.01,0.4,48.21,1.90288,-37.66322,0.12158,0.0021,0.52748
9816.3,SYN.BTC-6MAR20,1582541941474,open,0.01,224.2,0.0025,0.0385,0.01228484,50.16,0.0127,0.0,BTC-6MAR20-9250-P,9756.14,47.7,0.011,23.1,0.0135,28.8,52.44,5.18042,-11.94665,-0.71695,0.00036,-0.23283
9816.3,SYN.BTC-6MAR20,1582541941475,open,0.0,39.3,0.0005,0.011,0.00109077,70.73,0.001,0.0,BTC-6MAR20-7750-P,9756.14,62.85,0.0005,20.0,0.002,22.1,78.71,0.92073,-2.99413,-0.07024,5e-05,-0.02292
10546.37,SYN.BTC-25SEP20,1582541941473,open,0.08,217.6,0.048,0.114,0.07591655,64.38,0.064,0.0,BTC-25SEP20-8000-P,9756.14,62.37,0.0715,21.1,0.0755,21.1,64.2,23.25342,-3.50005,-17.65643,6e-05,-0.2098
10546.37,SYN.BTC-25SEP20,1582541941473,open,0.38,5.2,0.353,0.4145,0.38107765,64.38,0.392,0.0,BTC-25SEP20-7000-C,9756.14,49.89,0.3585,0.1,0.5015,100.0,126.17,18.01252,-2.7112,29.56517,4e-05,0.8595
9777.73,SYN.BTC-28FEB20,1582541941473,open,0.0,1179.0,0.0005,0.012,0.00195471,56.58,0.003,0.0,BTC-28FEB20-9000-P,9756.14,53.2,0.0015,30.0,0.0025,0.5,60.15,1.40326,-10.24262,-0.07826,0.00024,-0.07342
9761.2,SYN.BTC-25FEB20,1582541941472,open,0.08,0.0,0.055,0.099,0.07583092,66.3,None,0.0,BTC-25FEB20-10500-P,9756.14,0.0,0.0,0.0,0.0,0.0,0.0,0.15854,-5.25569,-0.24893,0.0001,-0.98714
9816.3,SYN.BTC-6MAR20,1582541941473,open,0.0,32.2,0.0005,0.0105,0.00071947,74.19,0.001,0.0,BTC-6MAR20-7500-P,9756.14,70.46,0.0005,20.0,0.001,0.6,78.0,0.6478,-2.20944,-0.04646,3e-05,-0.01517
9816.3,SYN.BTC-6MAR20,1582541941474,open,0.0,89.2,0.0005,0.012,0.00217218,62.13,0.0025,0.0,BTC-6MAR20-8250-P,9756.14,57.75,0.0015,20.0,0.003,25.4,66.59,1.66349,-4.75124,-0.14385,9e-05,-0.04701
9777.73,SYN.BTC-28FEB20,1582541941473,open,0.49,7.6,0.4785,0.4985,0.48863391,0.0,0.4885,0.0,BTC-28FEB20-5000-C,9756.14,0.0,0.0,0.0,0.0,0.0,0.0,0.0,0.0,0.53092,0.0,1.0
9777.73,SYN.BTC-28FEB20,1582541941474,open,0.0,680.9,0.0005,0.0105,2.573e-05,65.6,0.0005,0.0,BTC-28FEB20-12000-C,9756.14,0.0,0.0,0.0,0.0005,22.0,90.25,0.04519,-0.25161,0.00139,1e-05,0.00137
9777.73,SYN.BTC-28FEB20,1582541941474,open,0.0,809.9,0.0005,0.0105,2.21e-06,70.89,0.001,0.0,BTC-28FEB20-7500-P,9756.14,0.0,0.0,0.0,0.0005,0.1,116.5,0.00483,-0.02159,-0.00013,0.0,-0.00012
9816.3,SYN.BTC-6MAR20,1582541941473,open,0.15,0.0,0.1255,0.18,0.15101886,60.3,None,0.0,BTC-6MAR20-11250-P,9756.14,0.0,0.0,0.0,0.0,0.0,0.0,3.06552,-8.49869,-3.06165,0.00018,-0.89573
10546.37,SYN.BTC-25SEP20,1582541941474,open,0.01,200.3,0.0005,0.03,0.00973428,80.81,0.0105,0.0,BTC-25SEP20-36000-C,9756.14,79.81,0.009,26.0,0.0105,21.9,81.81,7.91308,-1.49489,2.29783,2e-05,0.04692
267.73,SYN.ETH-25FEB20,1582541941513,open,0.07,0.0,0.0375,0.0965,0.067312,89.52,None,0.0,ETH-25FEB20-250-C,267.55,0.0,0.064,60.0,0.069,60.0,112.88,0.0149,-0.66686,0.00563,0.00968,0.94351
267.73,SYN.ETH-25FEB20,1582541941513,open,0.0,10.0,0.0005,0.018,0.001992,74.65,0.002,0.0,ETH-25FEB20-280-C,267.55,62.54,0.001,597.0,0.0025,100.0,79.78,0.02526,-0.53342,0.00072,0.01967,0.11377
267.73,SYN.ETH-25FEB20,1582541941513,open,0.0,114.0,0.0005,0.0105,0.000201,75.02,0.0005,0.0,ETH-25FEB20-290-C,267.55,0.0,0.0,0.0,0.0015,301.0,106.81,0.00512,-0.05385,0.0001,0.00397,0.01555
267.73,SYN.ETH-25FEB20,1582541941513,open,0.09,0.0,0.057,0.1145,0.085631,101.84,None,0.0,ETH-25FEB20-245-C,267.55,0.0,0.0,0.0,0.0,0.0,0.0,0.01028,-0.52361,0.00564,0.00587,0.96437
267.73,SYN.ETH-25FEB20,1582541941513,open,0.1,0.0,0.07,0.1365,0.101891,75.36,None,0.0,ETH-25FEB20-295-P,267.55,0.0,0.0,0.0,0.0,0.0,0.0,0.00174,-0.06561,-0.00705,0.00134,-0.99546
267.73,SYN.ETH-25FEB20,1582541941513,open,0.0,6.0,0.0005,0.0105,5.1e-05,75.19,0.0015,0.0,ETH-25FEB20-295-C,267.55,0.0,0.0,0.0,0.0045,300.0,162.39,0.00171,-0.01363,3e-05,0.00133,0.00446
267.73,SYN.ETH-25FEB20,1582541941513,open,0.05,101.0,0.016,0.0815,0.047807,74.67,0.056,0.0,ETH-25FEB20-280-P,267.55,45.43,0.046,60.0,0.0515,60.0,105.87,0.02527,-0.94324,-0.006,0.01968,-0.8862
267.73,SYN.ETH-25FEB20,1582541941513,open,0.01,12.0,0.0005,0.026,0.005011,74.65,0.0055,0.0,ETH-25FEB20-275-C,267.55,64.24,0.0035,523.0,0.0065,240.0,84.19,0.04055,-1.34166,0.00149,0.03158,0.23762
267.73,SYN.ETH-25FEB20,1582541941513,open,0.0,75.0,0.0005,0.012,0.000719,101.87,0.0005,0.0,ETH-25FEB20-245-P,267.55,95.55,0.0005,2.0,0.001,1.0,108.49,0.01029,-0.19251,-0.00023,0.00587,-0.03566
267.73,SYN.ETH-25FEB20,1582541941513,open,0.0,79.0,0.0005,0.018,0.002006,80.52,0.003,0.0,ETH-25FEB20-255-P,267.55,67.45,0.001,306.0,0.0035,600.0,95.41,0.02379,-0.53706,-0.00069,0.01718,-0.10468
267.73,SYN.ETH-25FEB20,1582541941513,open,0.06,0.0,0.0335,0.099,0.065174,74.88,None,0.0,ETH-25FEB20-285-P,267.55,0.0,0.0635,60.0,0.069,60.0,120.35,0.01264,-0.47309,-0.00655,0.00981,-0.95407
267.73,SYN.ETH-25FEB20,1582541941513,open,0.08,0.0,0.052,0.1175,0.083366,75.07,None,0.0,ETH-25FEB20-290-P,267.55,0.0,0.0,0.0,0.0,0.0,0.0,0.00514,-0.193,-0.00686,0.00398,-0.98438
267.73,SYN.ETH-25FEB20,1582541941513,open,0.01,10.0,0.0005,0.0355,0.010596,73.56,0.01,0.0,ETH-25FEB20-270-C,267.55,59.88,0.008,442.0,0.013,180.0,86.1,0.05111,-1.87995,0.00259,0.0404,0.41454
267.73,SYN.ETH-25FEB20,1582541941513,open,0.03,223.0,0.0045,0.0635,0.033854,79.21,0.034,0.0,ETH-25FEB20-260-C,267.55,52.57,0.0305,60.0,0.036,60.0,93.4,0.03875,-1.53455,0.0048,0.02844,0.78081
267.73,SYN.ETH-25FEB20,1582541941513,open,0.02,96.0,0.0005,0.049,0.020615,76.94,0.022,0.0,ETH-25FEB20-265-C,267.55,60.14,0.0175,180.0,0.022,17.0,84.31,0.05015,-1.92918,0.00382,0.0379,0.61455
267.73,SYN.ETH-25FEB20,1582541941513,open,0.0,16.0,0.0005,0.0265,0.004967,79.22,0.006,0.0,ETH-25FEB20-260-P,267.55,68.62,0.0035,240.0,0.0065,528.0,89.46,0.03875,-1.32996,-0.00144,0.02844,-0.21921
267.73,SYN.ETH-25FEB20,1582541941513,open,0.0,61.0,0.0005,0.0115,0.000684,74.85,0.0015,0.0,ETH-25FEB20-285-C,267.55,0.0,0.0,0.0,0.002,300.0,95.09,0.01263,-0.18317,0.00029,0.00981,0.04588
269.72,SYN.ETH-6MAR20,1582541941535,open,0.26,0.0,0.236,0.2855,0.260665,97.34,None,0.0,ETH-6MAR20-200-C,267.55,0.0,0.258,1.0,0.0,0.0,0.0,0.03269,-0.14631,0.05691,0.00155,0.96884
268.33,SYN.ETH-28FEB20,1582541941549,open,0.11,2124.0,0.079,0.1385,0.109289,83.38,0.111,0.0,ETH-28FEB20-240-C,267.55,0.0,0.1055,1.0,0.231,1.0,449.0,0.04485,-0.48239,0.02282,0.00704,0.91015
9816.3,SYN.BTC-6MAR20,1582541942329,open,0.01,195.9,0.0025,0.037,0.01226485,52.18,0.0125,0.0,BTC-6MAR20-10500-C,9756.14,48.84,0.0105,20.0,0.013,2.6,53.54,5.28184,-12.67122,0.66959,0.00035,0.24119
285.17,ETH-26JUN20,1582541942513,open,0.06,724.0,0.0275,0.105,0.062075,93.64,0.0635,0.0,ETH-26JUN20-480-C,267.56,93.05,0.061,1.0,0.064,320.0,94.68,0.52141,-0.19866,0.17667,0.00203,0.24611
273.89,ETH-27MAR20,1582541942513,open,0.42,2336.0,0.3995,0.4425,0.420488,108.34,0.406,0.0,ETH-27MAR20-160-C,267.56,0.0,0.4155,1.0,0.52,50.0,295.39,0.05952,-0.10115,0.13073,0.00084,0.96705
273.9,ETH-27MAR20,1582541942513,open,0.04,2218.0,0.02,0.0755,0.044711,85.25,0.0435,0.0,ETH-27MAR20-240-P,267.56,82.4,0.042,192.0,0.0465,280.0,87.12,0.26135,-0.34951,-0.07234,0.00468,-0.25772
273.9,ETH-27MAR20,1582541942514,open,0.01,2715.0,0.004,0.0325,0.014434,92.55,0.0165,0.0,ETH-27MAR20-200-P,267.56,89.71,0.013,240.0,0.0155,300.0,94.59,0.14117,-0.20494,-0.02717,0.00233,-0.09915
285.18,ETH-26JUN20,1582541942513,open,0.5,0.0,0.428,0.5745,0.499405,91.0,None,0.0,ETH-26JUN20-400-P,267.56,0.0,0.01,50.0,0.0,0.0,0.0,0.61487,-0.22769,-1.10045,0.00247,-0.64684
285.18,ETH-26JUN20,1582541942513,open,0.19,331.0,0.1315,0.241,0.184714,85.3,0.1895,0.0,ETH-26JUN20-280-P,267.56,81.61,0.1765,226.0,0.192,320.0,88.58,0.63393,-0.22003,-0.54985,0.00271,-0.38802
285.18,ETH-26JUN20,1582541942514,open,0.36,2169.0,0.3165,0.3945,0.355846,85.72,0.346,0.0,ETH-26JUN20-200-C,267.56,33.88,0.301,1.0,0.39,200.0,108.14,0.41555,-0.14494,0.45712,0.00177,0.83199
285.18,ETH-26JUN20,1582541942514,open,0.06,915.0,0.029,0.0915,0.057174,85.73,0.0635,0.0,ETH-26JUN20-200-P,267.56,81.79,0.0515,287.0,0.063,587.0,89.69,0.41558,-0.14497,-0.2162,0.00177,-0.16802
273.9,ETH-27MAR20,1582541942514,open,0.22,2534.0,0.1885,0.255,0.222272,87.52,0.213,0.0,ETH-27MAR20-220-C,267.56,30.73,0.197,1.0,0.234,200.0,102.73,0.20043,-0.27515,0.14671,0.0035,0.83562
273.9,ETH-27MAR20,1582541942514,open,0.34,7.0,0.2895,0.392,0.338855,90.7,1.702,0.0,ETH-27MAR20-360-P,267.56,0.0,0.01,30.0,0.398,1.0,151.22,0.21812,-0.31031,-0.27532,0.00367,-0.81215
285.18,ETH-26JUN20,1582541942513,open,0.12,1935.0,0.075,0.173,0.122925,89.53,0.1525,0.0,ETH-26JUN20-360-C,267.56,85.37,0.1135,275.0,0.1325,275.0,93.73,0.64845,-0.23624,0.29013,0.00265,0.42513
273.9,ETH-27MAR20,1582541942514,open,0.35,2566.0,0.326,0.377,0.351103,99.85,0.317,0.0,ETH-27MAR20-180-C,267.56,0.0,0.3425,1.0,0.395,14.0,180.64,0.09412,-0.14741,0.1413,0.00144,0.94182
285.18,ETH-26JUN20,1582541942514,open,1.55,0.0,1.459,1.646,1.546663,100.98,None,0.0,ETH-26JUN20-720-P,267.56,0.0,1.524,1.0,1.99,1.0,316.63,0.2881,-0.11838,-2.34994,0.00104,-0.90108
285.18,ETH-26JUN20,1582541942514,open,0.52,471.0,0.5005,0.548,0.523658,90.57,0.543,0.0,ETH-26JUN20-140-C,267.56,0.0,0.509,1.0,0.888,1.0,480.67,0.17869,-0.06586,0.40645,0.00072,0.94702
273.9,ETH-27MAR20,1582541942515,open,0.61,0.0,0.5625,0.6745,0.615432,101.09,None,0.0,ETH-27MAR20-440-P,267.56,0.0,0.003,50.0,0.924,1.0,400.17,0.11495,-0.18227,-0.36839,0.00174,-0.92468
285.18,ETH-26JUN20,1582541942515,open,0.11,245.0,0.069,0.1575,0.11131,85.29,0.1305,0.0,ETH-26JUN20-240-P,267.56,81.0,0.103,267.0,0.118,587.0,88.74,0.5527,-0.19183,-0.37145,0.00237,-0.2756
285.18,ETH-26JUN20,1582541942515,open,0.1,5692.0,0.053,0.145,0.096733,90.98,0.0975,0.0,ETH-26JUN20-400-C,267.56,86.66,0.0875,281.0,0.1065,281.0,95.47,0.61482,-0.22761,0.2461,0.00247,0.35308
273.9,ETH-27MAR20,1582541942516,open,0.49,662.0,0.4735,0.508,0.490349,108.37,0.479,0.0,ETH-27MAR20-140-C,267.56,0.0,0.4885,1.0,0.588,100.0,336.82,0.02536,-0.04312,0.11903,0.00036,0.98796
273.9,ETH-27MAR20,1582541942515,open,0.03,1335.0,0.009,0.0495,0.025514,87.56,0.029,0.0,ETH-27MAR20-220-P,267.56,85.47,0.024,192.0,0.0265,295.0,88.9,0.2005,-0.27536,-0.04544,0.0035,-0.16446
273.9,ETH-27MAR20,1582541942517,open,0.17,4842.0,0.131,0.204,0.168447,85.22,0.1655,0.0,ETH-27MAR20-240-C,267.56,74.05,0.158,206.0,0.1765,206.0,93.56,0.26133,-0.34933,0.13727,0.00468,0.74233
285.18,ETH-26JUN20,1582541942517,open,0.31,921.0,0.266,0.3525,0.310088,85.34,0.318,0.0,ETH-26JUN20-220-C,267.56,79.71,0.3005,251.0,0.3245,251.0,93.65,0.49013,-0.1702,0.45098,0.0021,0.77984
293.7,SYN.ETH-25SEP20,1582541942513,open,0.23,542.0,0.1675,0.291,0.228095,85.59,0.22,0.0,ETH-25SEP20-280-P,267.56,79.37,0.2105,232.0,0.23,250.0,86.26,0.82779,-0.16563,-0.98524,0.00191,-0.3444
268.32,SYN.ETH-28FEB20,1582541942514,open,0.03,706.0,0.0055,0.058,0.029006,77.71,0.0315,0.0,ETH-28FEB20-270-C,267.56,72.83,0.027,255.0,0.0315,180.0,83.78,0.11023,-1.10505,0.01299,0.01855,0.4849
269.71,SYN.ETH-6MAR20,1582541942514,open,0.16,0.0,0.125,0.1865,0.156293,83.57,None,0.0,ETH-6MAR20-230-C,267.56,0.0,0.147,1.0,0.0,0.0,0.0,0.09299,-0.35728,0.05818,0.00513,0.88026
293.7,SYN.ETH-25SEP20,1582541942514,open,0.32,275.0,0.248,0.388,0.31706,86.19,0.36,0.0,ETH-25SEP20-320-P,267.56,79.18,0.296,167.0,0.318,250.0,86.51,0.87917,-0.17715,-1.26979,0.00202,-0.42077
269.71,SYN.ETH-6MAR20,1582541942517,open,0.02,729.0,0.003,0.0385,0.015957,83.33,0.0155,0.0,ETH-6MAR20-240-P,267.56,82.34,0.0155,3.0,0.0165,240.0,84.48,0.12573,-0.48163,-0.01643,0.00696,-0.18851
293.7,SYN.ETH-25SEP20,1582541942514,open,0.16,151.0,0.1025,0.206,0.152436,85.59,0.177,0.0,ETH-25SEP20-240-P,267.56,79.4,0.137,264.0,0.155,514.0,86.62,0.73278,-0.14662,-0.71402,0.00169,-0.26246
293.7,SYN.ETH-25SEP20,1582541942515,open,0.08,188.0,0.037,0.1285,0.077889,91.78,0.09,0.0,ETH-25SEP20-600-C,267.56,88.92,0.071,291.0,0.085,200.0,94.64,0.71871,-0.1542,0.30109,0.00155,0.25284
268.32,SYN.ETH-28FEB20,1582541942516,open,0.03,908.0,0.0085,0.0675,0.035226,77.62,0.0395,0.0,ETH-28FEB20-270-P,267.56,68.55,0.0315,413.0,0.037,180.0,81.94,0.11022,-1.10374,-0.01568,0.01858,-0.51516
269.71,SYN.ETH-6MAR20,1582541942516,open,0.01,297.0,0.0015,0.031,0.011001,88.57,0.012,0.0,ETH-6MAR20-320-C,267.56,84.71,0.0095,597.0,0.0125,300.0,92.23,0.10795,-0.43957,0.01107,0.00562,0.14876
269.71,SYN.ETH-6MAR20,1582541942515,open,0.0,60.0,0.0005,0.0135,0.00329,91.14,0.007,0.0,ETH-6MAR20-210-P,267.56,89.4,0.003,300.0,0.004,300.0,95.08,0.0461,-0.19315,-0.00408,0.00233,-0.04752
269.71,SYN.ETH-6MAR20,1582541942513,open,0.05,140.0,0.0245,0.0905,0.055228,79.44,0.055,0.0,ETH-6MAR20-270-P,267.56,75.48,0.0525,180.0,0.058,180.0,83.48,0.18539,-0.67712,-0.04267,0.01077,-0.47575
293.7,SYN.ETH-25SEP20,1582541942516,open,0.05,238.0,0.022,0.074,0.044698,85.59,0.064,0.0,ETH-25SEP20-160-P,267.56,80.66,0.038,297.0,0.049,250.0,88.65,0.40825,-0.08169,-0.25729,0.00094,-0.1048
293.7,SYN.ETH-25SEP20,1582541942515,open,0.09,389.0,0.0535,0.1325,0.090586,85.59,0.09,0.0,ETH-25SEP20-200-P,267.56,79.78,0.079,282.0,0.093,240.0,86.79,0.59064,-0.11818,-0.46626,0.00137,-0.18034
268.32,SYN.ETH-28FEB20,1582541942514,open,0.05,1241.0,0.0185,0.08,0.049356,77.73,0.0665,0.0,ETH-28FEB20-260-C,267.56,68.67,0.046,374.0,0.052,180.0,84.75,0.10042,-1.007,0.01762,0.0169,0.66762
268.32,SYN.ETH-28FEB20,1582541942515,open,0.0,1716.0,0.0005,0.021,0.0048,86.78,0.007,0.0,ETH-28FEB20-300-C,267.56,82.61,0.004,314.0,0.0055,1.0,90.19,0.05348,-0.59868,0.00312,0.00806,0.11443
268.32,SYN.ETH-28FEB20,1582541942516,open,0.02,1046.0,0.002,0.0455,0.018309,77.63,0.021,0.0,ETH-28FEB20-260-P,267.56,70.06,0.0155,273.0,0.0195,513.0,80.81,0.1004,-1.00555,-0.00999,0.01692,-0.33222
269.71,SYN.ETH-6MAR20,1582541942517,open,0.01,38.0,0.0005,0.021,0.005942,92.79,0.0135,0.0,ETH-6MAR20-340-C,267.56,89.16,0.005,600.0,0.007,300.0,96.54,0.07308,-0.31177,0.00643,0.00363,0.086
293.7,SYN.ETH-25SEP20,1582541942515,open,0.37,498.0,0.3215,0.4175,0.370606,85.6,0.383,0.0,ETH-25SEP20-220-C,267.56,81.81,0.362,258.0,0.377,120.0,88.41,0.66754,-0.13359,0.70271,0.00154,0.77893
268.32,SYN.ETH-28FEB20,1582541942516,open,0.0,4453.0,0.0005,0.0155,0.002655,90.71,0.005,0.0,ETH-28FEB20-310-C,267.56,85.45,0.002,300.0,0.004,300.0,99.72,0.03592,-0.4204,0.00184,0.00518,0.06708
269.71,SYN.ETH-6MAR20,1582541942515,open,0.02,80.0,0.006,0.051,0.024136,79.73,0.0225,0.0,ETH-6MAR20-250-P,267.56,75.94,0.022,520.0,0.026,240.0,82.99,0.15323,-0.56168,-0.02344,0.00887,-0.26754
269.71,SYN.ETH-6MAR20,1582541942516,open,0.01,24.0,0.0005,0.0255,0.008166,91.01,0.018,0.0,ETH-6MAR20-330-C,267.56,87.39,0.007,600.0,0.0095,300.0,94.89,0.08981,-0.37579,0.00851,0.00455,0.114
293.7,SYN.ETH-25SEP20,1582541942514,open,0.01,416.0,0.0005,0.0205,0.009298,89.1,0.009,0.0,ETH-25SEP20-100-P,267.56,80.14,0.0055,300.0,0.012,250.0,94.34,0.14181,-0.02954,-0.06313,0.00031,-0.02739
293.7,SYN.ETH-25SEP20,1582541942514,open,0.42,0.0,0.341,0.494,0.416468,87.13,None,0.0,ETH-25SEP20-360-P,267.56,19.66,0.2325,1.0,1.1,1.0,413.25,0.89655,-0.18262,-1.55779,0.00204,-0.48871
273.9,ETH-27MAR20,1582541942545,open,0.21,1707.0,0.1675,0.265,0.215103,87.48,0.235,0.0,ETH-27MAR20-320-P,267.56,0.0,0.15,5.0,0.233,1.0,104.0,0.28882,-0.39633,-0.21451,0.00504,-0.68169
273.9,ETH-27MAR20,1582541943581,open,0.0,1781.0,0.0005,0.013,0.003158,115.48,0.004,0.0,ETH-27MAR20-560-C,267.56,111.65,0.0025,300.0,0.0045,240.0,121.94,0.05063,-0.09172,0.00573,0.00067,0.02712
293.7,SYN.ETH-25SEP20,1582541943591,open,0.12,599.0,0.076,0.1675,0.119639,85.59,0.1605,0.0,ETH-25SEP20-220-P,267.56,79.57,0.106,274.0,0.122,240.0,86.63,0.66753,-0.13357,-0.58635,0.00154,-0.22107
269.71,SYN.ETH-6MAR20,1582541943598,open,0.04,202.0,0.0125,0.069,0.037599,79.47,0.0425,0.0,ETH-6MAR20-260-P,267.56,75.47,0.035,240.0,0.04,240.0,83.16,0.17554,-0.64139,-0.03263,0.01019,-0.36845
269.71,SYN.ETH-6MAR20,1582541943608,open,0.04,126.0,0.0145,0.0715,0.040776,82.52,0.056,0.0,ETH-6MAR20-280-C,267.56,78.41,0.038,445.0,0.0435,180.0,86.55,0.18236,-0.69185,0.0308,0.01019,0.42405
293.7,SYN.ETH-25SEP20,1582541943700,open,0.56,17.0,0.527,0.5845,0.555305,89.11,0.49,0.0,ETH-25SEP20-140-C,267.56,0.0,0.523,1.0,0.0,0.0,0.0,0.32391,-0.06748,0.63321,0.00072,0.92324
269.71,SYN.ETH-6MAR20,1582541943700,open,0.23,0.0,0.198,0.2515,0.224714,91.3,None,0.0,ETH-6MAR20-210-C,267.56,0.0,0.221,1.0,0.0,0.0,0.0,0.04632,-0.19442,0.05846,0.00234,0.95221
293.7,SYN.ETH-25SEP20,1582541943700,open,0.0,814.0,0.0005,0.013,0.003146,105.32,0.003,0.0,ETH-25SEP20-60-P,267.56,94.2,0.0015,300.0,0.0055,300.0,116.12,0.0537,-0.01322,-0.0206,0.0001,-0.00882
273.9,ETH-27MAR20,1582541943702,open,0.47,5.0,0.424,0.5305,0.474571,95.65,0.42,0.0,ETH-27MAR20-400-P,267.56,0.0,0.0,0.0,0.7455,1.0,350.37,0.15748,-0.23628,-0.32512,0.00251,-0.88462
273.9,ETH-27MAR20,1582541943704,open,0.09,12466.0,0.0525,0.123,0.087301,82.44,0.088,0.0,ETH-27MAR20-280-C,267.56,81.34,0.086,259.0,0.089,400.0,83.89,0.32275,-0.41739,0.10171,0.00598,0.51253
273.9,ETH-27MAR20,1582541943710,open,0.01,3043.0,0.0005,0.02,0.006224,106.72,0.0065,0.0,ETH-27MAR20-480-C,267.56,104.35,0.0055,300.0,0.0075,240.0,110.53,0.08676,-0.14524,0.01106,0.00124,0.05248
268.32,SYN.ETH-28FEB20,1582541943717,open,0.0,900.0,0.0005,0.0105,0.0,87.12,0.001,0.0,ETH-28FEB20-130-P,267.56,0.0,0.0,0.0,0.0,0.0,0.0,0.0,0.0,0.0,0.0,0.0
268.32,SYN.ETH-28FEB20,1582541943724,open,0.0,1093.0,0.0005,0.018,0.003711,83.38,0.0045,0.0,ETH-28FEB20-240-P,267.56,78.92,0.003,4.0,0.0045,304.0,87.9,0.04487,-0.48268,-0.00267,0.00704,-0.08993
269.71,SYN.ETH-6MAR20,1582541943742,open,0.13,1.0,0.0925,0.1585,0.126156,83.4,0.1225,0.0,ETH-6MAR20-240-C,267.56,32.13,0.1105,1.0,0.0,0.0,0.0,0.1258,-0.48231,0.05506,0.00696,0.81132
268.32,SYN.ETH-28FEB20,1582541943766,open,0.7,1.0,0.692,0.7115,0.701861,336.0,0.522,0.0,ETH-28FEB20-80-C,267.56,0.0,0.0,0.0,0.0,0.0,0.0,0.00013,-0.00572,0.00849,1e-05,0.99988
273.9,ETH-27MAR20,1582541943768,open,0.01,2486.0,0.0005,0.025,0.008948,100.95,0.0165,0.0,ETH-27MAR20-440-C,267.56,98.62,0.008,300.0,0.01,240.0,103.39,0.11455,-0.18139,0.01579,0.00173,0.07498
285.18,ETH-26JUN20,1582541943771,open,0.05,451.0,0.0195,0.089,0.049233,94.03,0.0545,0.0,ETH-26JUN20-520-C,267.56,92.35,0.0465,294.0,0.052,320.0,95.7,0.46843,-0.17923,0.14835,0.00182,0.20376
268.32,SYN.ETH-28FEB20,1582541943771,open,0.52,64.0,0.501,0.5295,0.515524,212.03,0.5165,0.0,ETH-28FEB20-130-C,267.56,0.0,0.0,0.0,0.0,0.0,0.0,0.00031,-0.00853,0.01379,2e-05,0.99969
268.32,SYN.ETH-28FEB20,1582541943771,open,0.02,4027.0,0.0015,0.041,0.01609,79.65,0.0155,0.0,ETH-28FEB20-280-C,267.56,75.29,0.0145,276.0,0.018,240.0,84.82,0.09839,-1.01112,0.00855,0.01616,0.31631
268.32,SYN.ETH-28FEB20,1582541943771,open,0.0,2914.0,0.0005,0.0105,1e-06,87.09,0.0005,0.0,ETH-28FEB20-190-P,267.56,0.0,0.0,0.0,0.003,300.0,195.63,6e-05,-0.00028,0.0,1e-05,-5e-05
268.32,SYN.ETH-28FEB20,1582541943773,open,0.0,779.0,0.0005,0.011,0.00128,92.07,0.0015,0.0,ETH-28FEB20-320-C,267.56,79.43,0.0005,303.0,0.0025,301.0,104.43,0.02147,-0.25503,0.00097,0.00305,0.03521
285.18,ETH-26JUN20,1582541943782,open,0.03,1192.0,0.0105,0.0495,0.026441,90.6,0.04,0.0,ETH-26JUN20-160-P,267.56,87.88,0.024,300.0,0.029,500.0,93.35,0.26098,-0.09621,-0.10848,0.00105,-0.08655
285.18,ETH-26JUN20,1582541943782,open,0.59,303.0,0.5695,0.6075,0.587638,94.43,0.608,0.0,ETH-26JUN20-120-C,267.56,0.0,0.5785,3.0,0.897,1.0,480.07,0.11839,-0.04549,0.36528,0.00046,0.96812
269.71,SYN.ETH-6MAR20,1582541943782,open,0.1,0.0,0.0655,0.1455,0.104682,83.64,None,0.0,ETH-6MAR20-290-P,267.56,0.0,0.0,0.0,0.0,0.0,0.0,0.16932,-0.6511,-0.06197,0.00934,-0.66645
273.9,ETH-27MAR20,1582541943785,open,0.0,675.0,0.0005,0.0105,0.00075,108.58,0.003,0.0,ETH-27MAR20-130-P,267.56,103.3,0.0005,70.0,0.003,300.0,133.16,0.0148,-0.02522,-0.00174,0.00021,-0.00652
293.7,SYN.ETH-25SEP20,1582541943788,open,0.34,168.0,0.2825,0.3855,0.335309,85.6,0.327,0.0,ETH-25SEP20-240-C,267.56,81.87,0.326,259.0,0.342,220.0,88.28,0.73278,-0.14664,0.69224,0.00169,0.73754
293.7,SYN.ETH-25SEP20,1582541943799,open,0.07,1715.0,0.03,0.1165,0.06788,92.08,0.079,0.0,ETH-25SEP20-640-C,267.56,89.49,0.062,293.0,0.074,200.0,94.7,0.67572,-0.14546,0.27187,0.00145,0.22585
268.32,SYN.ETH-28FEB20,1582541943804,open,0.0,1234.0,0.0005,0.0105,0.0,87.11,0.0005,0.0,ETH-28FEB20-170-P,267.56,0.0,0.0,0.0,0.003,300.0,248.15,0.0,0.0,0.0,0.0,0.0
269.71,SYN.ETH-6MAR20,1582541943813,open,0.06,181.0,0.024,0.086,0.054202,79.5,0.0725,0.0,ETH-6MAR20-270-C,267.56,77.02,0.0525,180.0,0.0585,180.0,85.75,0.18539,-0.67758,0.03778,0.01076,0.52427
269.71,SYN.ETH-6MAR20,1582541943815,open,0.08,181.0,0.043,0.1175,0.078877,82.47,0.0825,0.0,ETH-6MAR20-280-P,267.56,75.97,0.0745,180.0,0.0805,180.0,84.86,0.18235,-0.69135,-0.05263,0.0102,-0.57604
269.71,SYN.ETH-6MAR20,1582541943817,open,0.02,13.0,0.0045,0.0465,0.021186,85.08,0.037,0.0,ETH-6MAR20-300-C,267.56,81.1,0.019,240.0,0.023,240.0,88.3,0.15024,-0.58765,0.01899,0.00815,0.25744
273.9,ETH-27MAR20,1582541943818,open,0.11,1231.0,0.07,0.1515,0.109593,82.46,0.1085,0.0,ETH-27MAR20-280-P,267.56,80.69,0.1075,359.0,0.113,400.0,85.35,0.32275,-0.41749,-0.14281,0.00597,-0.48745
269.71,SYN.ETH-6MAR20,1582541943820,open,0.02,13.0,0.0045,0.0465,0.021186,85.08,0.037,0.0,ETH-6MAR20-300-C,267.56,81.1,0.019,524.0,0.023,240.0,88.3,0.15024,-0.58765,0.01899,0.00815,0.25744
269.71,SYN.ETH-6MAR20,1582541943822,open,0.02,82.0,0.0025,0.038,0.015355,86.99,0.0215,0.0,ETH-6MAR20-310-C,267.56,84.12,0.014,240.0,0.0165,240.0,89.36,0.1292,-0.51674,0.01461,0.00685,0.19711
269.71,SYN.ETH-6MAR20,1582541943824,open,0.02,80.0,0.006,0.051,0.024136,79.73,0.0225,0.0,ETH-6MAR20-250-P,267.56,76.84,0.0225,240.0,0.026,240.0,82.99,0.15323,-0.56168,-0.02344,0.00887,-0.26754
269.71,SYN.ETH-6MAR20,1582541943825,open,0.03,50.0,0.008,0.0575,0.029506,83.7,0.0485,0.0,ETH-6MAR20-290-C,267.56,79.69,0.027,515.0,0.0315,240.0,86.87,0.16936,-0.65172,0.02445,0.00933,0.33371
269.71,SYN.ETH-6MAR20,1582541943827,open,0.07,30.0,0.0405,0.1065,0.073648,79.53,0.0855,0.0,ETH-6MAR20-260-C,267.56,76.22,0.0715,180.0,0.078,180.0,86.2,0.17555,-0.64186,0.04483,0.01018,0.63149
273.9,ETH-27MAR20,1582541943831,open,0.01,2522.0,0.0005,0.0215,0.008299,99.91,0.007,0.0,ETH-27MAR20-180-P,267.56,95.98,0.007,300.0,0.01,640.0,104.64,0.09424,-0.14769,-0.01592,0.00144,-0.05827
268.32,SYN.ETH-28FEB20,1582541943835,open,0.06,502.0,0.026,0.0955,0.059578,79.55,0.0705,0.0,ETH-28FEB20-280-P,267.56,69.6,0.056,180.0,0.0615,180.0,84.75,0.09836,-1.00941,-0.02118,0.01617,-0.68395
268.32,SYN.ETH-28FEB20,1582541943837,open,0.06,502.0,0.026,0.0955,0.059578,79.55,0.0705,0.0,ETH-28FEB20-280-P,267.56,69.6,0.056,180.0,0.062,180.0,86.09,0.09836,-1.00941,-0.02118,0.01617,-0.68395
268.32,SYN.ETH-28FEB20,1582541943838,open,0.08,2019.0,0.044,0.107,0.0763,77.78,0.067,0.0,ETH-28FEB20-250-C,267.56,66.67,0.0735,60.0,0.0795,60.0,89.12,0.07208,-0.7233,0.02124,0.01212,0.82185
273.9,ETH-27MAR20,1582541943846,open,0.01,2522.0,0.0005,0.0215,0.008299,99.91,0.007,0.0,ETH-27MAR20-180-P,267.56,95.98,0.007,300.0,0.01,940.0,104.64,0.09424,-0.14769,-0.01592,0.00144,-0.05827
9777.73,SYN.BTC-28FEB20,1582541944493,open,0.02,449.9,0.005,0.044,0.01709501,45.02,0.0185,0.0,BTC-28FEB20-9750-P,9756.14,41.12,0.0155,24.0,0.0175,13.0,46.01,4.00524,-23.26124,-0.50194,0.00088,-0.46636
268.32,SYN.ETH-28FEB20,1582541944545,open,0.02,1046.0,0.002,0.0455,0.018309,77.63,0.021,0.0,ETH-28FEB20-260-P,267.56,70.06,0.0155,273.0,0.0195,240.0,80.81,0.1004,-1.00555,-0.00999,0.01692,-0.33222
267.73,SYN.ETH-25FEB20,1582541945235,open,0.05,0.0,0.0185,0.079,0.04954,80.19,None,0.0,ETH-25FEB20-255-C,267.56,0.0,0.0465,60.0,0.052,60.0,103.52,0.02365,-0.94818,0.00544,0.01715,0.89621
267.73,SYN.ETH-25FEB20,1582541945235,open,0.0,276.0,0.0005,0.014,0.001078,89.6,0.001,0.0,ETH-25FEB20-250-P,267.56,77.05,0.0005,6.0,0.002,304.0,103.57,0.01493,-0.28872,-0.00037,0.00969,-0.05665
267.73,SYN.ETH-25FEB20,1582541945235,open,0.03,2.0,0.0035,0.065,0.032177,74.84,0.0355,0.0,ETH-25FEB20-275-P,267.56,59.47,0.03,60.0,0.0355,60.0,95.51,0.0406,-1.5191,-0.0051,0.03155,-0.76182
267.73,SYN.ETH-25FEB20,1582541945235,open,0.01,652.0,0.0005,0.037,0.010422,77.04,0.012,0.0,ETH-25FEB20-265-P,267.56,69.42,0.009,11.0,0.012,265.0,85.44,0.05015,-1.93186,-0.00254,0.03785,-0.38557
267.73,SYN.ETH-25FEB20,1582541945239,open,0.02,114.0,0.0005,0.0495,0.019078,73.66,0.0205,0.0,ETH-25FEB20-270-P,267.56,62.73,0.017,180.0,0.0225,389.0,91.49,0.05112,-1.88263,-0.00388,0.04035,-0.58532
293.71,SYN.ETH-25SEP20,1582541945712,open,0.05,565.0,0.0165,0.0875,0.045394,95.71,0.058,0.0,ETH-25SEP20-800-C,267.56,90.96,0.037,299.0,0.0545,299.0,100.43,0.54325,-0.12155,0.19433,0.00112,0.15831
285.19,ETH-26JUN20,1582541945714,open,0.47,395.0,0.436,0.4955,0.465392,90.58,0.439,0.0,ETH-26JUN20-160-C,267.56,31.54,0.439,1.0,0.879,2.0,480.01,0.26091,-0.09617,0.43021,0.00105,0.91349
273.9,ETH-27MAR20,1582541945714,open,0.76,0.0,0.703,0.821,0.758693,106.73,None,0.0,ETH-27MAR20-480-P,267.56,0.0,0.004,50.0,0.0,0.0,0.0,0.0868,-0.14532,-0.40812,0.00124,-0.94749
285.19,ETH-26JUN20,1582541945716,open,1.0,0.0,0.925,1.089,1.002791,94.33,None,0.0,ETH-26JUN20-560-P,267.56,0.0,0.01,50.0,0.0,0.0,0.0,0.41667,-0.15993,-1.76087,0.00161,-0.8313
285.19,ETH-26JUN20,1582541945716,open,1.27,0.0,1.19,1.3635,1.2715,96.7,None,0.0,ETH-26JUN20-640-P,267.56,0.0,0.01,50.0,0.0,0.0,0.0,0.3368,-0.13253,-2.06273,0.00127,-0.877
285.19,ETH-26JUN20,1582541945716,open,0.04,1357.0,0.014,0.075,0.039119,94.28,0.051,0.0,ETH-26JUN20-560-C,267.56,91.03,0.0345,297.0,0.044,320.0,97.54,0.41637,-0.15973,0.12423,0.00161,0.16851
268.33,SYN.ETH-28FEB20,1582541945716,open,0.0,930.0,0.0005,0.0105,0.0,87.13,0.001,0.0,ETH-28FEB20-120-P,267.56,0.0,0.0,0.0,0.02,2.0,500.0,0.0,0.0,0.0,0.0,0.0
269.72,SYN.ETH-6MAR20,1582541945716,open,0.01,618.0,0.0005,0.0265,0.009023,83.5,0.0105,0.0,ETH-6MAR20-230-P,267.56,80.46,0.008,300.0,0.01,303.0,86.29,0.09288,-0.35656,-0.01033,0.00513,-0.11953
269.72,SYN.ETH-6MAR20,1582541945716,open,0.0,7.0,0.0005,0.0105,0.000954,97.44,0.007,0.0,ETH-6MAR20-190-P,267.56,0.0,0.0,0.0,0.0035,301.0,121.9,0.01774,-0.07948,-0.00129,0.00084,-0.01511
293.71,SYN.ETH-25SEP20,1582541945716,open,1.64,0.0,1.535,1.749,1.635983,94.14,None,0.0,ETH-25SEP20-760-P,267.56,0.0,0.0,0.0,0.0,0.0,0.0,0.5663,-0.12463,-4.24616,0.00119,-0.83123
268.33,SYN.ETH-28FEB20,1582541945716,open,0.48,138.0,0.4625,0.493,0.478237,0.0,0.467,0.0,ETH-28FEB20-140-C,267.56,0.0,0.0,0.0,0.0,0.0,0.0,0.0,0.0,0.01487,0.0,1.0
293.71,SYN.ETH-25SEP20,1582541945716,open,0.05,34.0,0.021,0.0975,0.053145,93.1,0.0645,0.0,ETH-25SEP20-720-C,267.56,90.26,0.0475,296.0,0.059,200.0,95.92,0.5973,-0.13001,0.22451,0.00127,0.18359
269.72,SYN.ETH-6MAR20,1582541945716,open,0.0,551.0,0.0005,0.015,0.003412,97.48,0.0095,0.0,ETH-6MAR20-360-C,267.56,92.02,0.0025,600.0,0.0045,300.0,103.0,0.04908,-0.21995,0.00386,0.00232,0.05139
269.72,SYN.ETH-6MAR20,1582541945716,open,0.33,0.0,0.312,0.3535,0.332992,96.64,None,0.0,ETH-6MAR20-180-C,267.56,0.0,0.001,10.0,0.0,0.0,0.0,0.008,-0.03554,0.05312,0.00038,0.99393
273.9,ETH-27MAR20,1582541945718,open,0.71,36.0,0.698,0.7175,0.707925,108.6,0.702,0.0,ETH-27MAR20-80-C,267.56,0.0,0.0,0.0,0.0,0.0,0.0,0.00011,-0.00019,0.06986,0.0,0.99997
285.19,ETH-26JUN20,1582541945718,open,0.08,1218.0,0.0365,0.1195,0.074342,90.99,0.086,0.0,ETH-26JUN20-440-C,267.56,87.75,0.068,286.0,0.08,320.0,93.82,0.56514,-0.20924,0.20572,0.00227,0.28862
273.9,ETH-27MAR20,1582541945718,open,0.0,12642.0,0.0005,0.0125,0.002857,122.58,0.0035,0.0,ETH-27MAR20-600-C,267.56,116.75,0.002,25.0,0.004,541.0,128.77,0.04515,-0.08682,0.00497,0.00056,0.02365
285.19,ETH-26JUN20,1582541945718,open,0.03,510.0,0.0075,0.056,0.025489,99.89,0.03,0.0,ETH-26JUN20-680-C,267.56,98.54,0.024,200.0,0.027,310.0,101.23,0.31769,-0.12913,0.08425,0.00116,0.11325
293.71,SYN.ETH-25SEP20,1582541945718,open,1.38,0.0,1.279,1.483,1.375655,92.86,None,0.0,ETH-25SEP20-680-P,267.56,0.0,0.0,0.0,0.0,0.0,0.0,0.63787,-0.13847,-3.73665,0.00136,-0.7955
268.33,SYN.ETH-28FEB20,1582541945718,open,0.19,0.0,0.158,0.2335,0.193882,92.6,None,0.0,ETH-28FEB20-320-P,267.56,0.0,0.0,0.0,0.0,0.0,0.0,0.02191,-0.26177,-0.03299,0.0031,-0.9639
268.33,SYN.ETH-28FEB20,1582541945718,open,0.26,2301.0,0.232,0.2765,0.254635,0.0,0.257,0.0,ETH-28FEB20-200-C,267.56,0.0,0.04,5.0,0.0,0.0,0.0,0.0,0.0,0.02124,0.0,1.0
269.72,SYN.ETH-6MAR20,1582541945718,open,0.0,303.0,0.0005,0.012,0.002176,97.43,0.008,0.0,ETH-6MAR20-200-P,267.56,91.24,0.0015,300.0,0.003,300.0,103.59,0.03278,-0.14684,-0.00269,0.00155,-0.03127
268.33,SYN.ETH-28FEB20,1582541945718,open,0.0,1848.0,0.0005,0.0105,0.0,87.13,0.0005,0.0,ETH-28FEB20-150-P,267.56,0.0,0.0,0.0,0.003,300.0,306.39,0.0,0.0,0.0,0.0,0.0
293.71,SYN.ETH-25SEP20,1582541945718,open,0.53,0.0,0.4475,0.6125,0.528455,89.77,None,0.0,ETH-25SEP20-400-P,267.56,0.0,0.0,0.0,0.0,0.0,0.0,0.89193,-0.18719,-1.84256,0.00197,-0.54215
273.9,ETH-27MAR20,1582541945722,open,0.05,8562.0,0.02,0.0785,0.04676,87.45,0.045,0.0,ETH-27MAR20-320-C,267.56,85.78,0.045,2.0,0.0485,472.0,89.1,0.28878,-0.39614,0.06493,0.00504,0.31822
273.9,ETH-27MAR20,1582541945727,open,0.0,8224.0,0.0005,0.0145,0.004663,108.34,0.01,0.0,ETH-27MAR20-160-P,267.56,102.55,0.0035,300.0,0.006,240.0,114.07,0.05951,-0.10113,-0.009,0.00084,-0.03294
273.9,ETH-27MAR20,1582541945855,open,0.64,1116.0,0.624,0.6455,0.634948,108.59,0.6285,0.0,ETH-27MAR20-100-C,267.56,0.0,0.1,1.0,0.0,0.0,0.0,0.00139,-0.00237,0.0872,2e-05,0.99952
285.19,ETH-26JUN20,1582541945866,open,0.08,188.0,0.0465,0.122,0.081546,85.35,0.0985,0.0,ETH-26JUN20-220-P,267.56,81.52,0.075,278.0,0.088,578.0,89.09,0.49014,-0.17023,-0.28965,0.0021,-0.22015
268.33,SYN.ETH-28FEB20,1582541945866,open,0.0,4265.0,0.0005,0.0105,1.1e-05,87.1,0.001,0.0,ETH-28FEB20-200-P,267.56,0.0,0.0,0.0,0.001,1.0,141.01,0.00045,-0.00291,-1e-05,7e-05,-0.00045
268.33,SYN.ETH-28FEB20,1582541945866,open,0.67,20.0,0.6545,0.6745,0.664581,0.0,0.328,0.0,ETH-28FEB20-90-C,267.56,0.0,0.0,0.0,0.0,0.0,0.0,0.0,0.0,0.00956,0.0,1.0
268.33,SYN.ETH-28FEB20,1582541945868,open,0.09,119.0,0.0535,0.1275,0.089486,82.77,0.14,0.0,ETH-28FEB20-290-P,267.56,0.0,0.015,114.0,0.0,0.0,0.0,0.07569,-0.8083,-0.02555,0.01196,-0.80726
268.33,SYN.ETH-28FEB20,1582541945868,open,0.59,75.0,0.5775,0.6015,0.590043,0.0,0.5815,0.0,ETH-28FEB20-110-C,267.56,0.0,0.0,0.0,0.0,0.0,0.0,0.0,0.0,0.01168,0.0,1.0
268.33,SYN.ETH-28FEB20,1582541945868,open,0.37,1108.0,0.347,0.385,0.36643,0.0,0.368,0.0,ETH-28FEB20-170-C,267.56,0.0,0.0,0.0,0.0,0.0,0.0,0.0,0.0,0.01805,0.0,1.0
273.9,ETH-27MAR20,1582541945876,open,0.0,2324.0,0.0005,0.0105,3e-06,108.6,0.001,0.0,ETH-27MAR20-80-P,267.56,0.0,0.0,0.0,0.003,300.0,211.53,0.00011,-0.00019,-1e-05,0.0,-3e-05
293.71,SYN.ETH-25SEP20,1582541945883,open,1.12,0.0,1.028,1.222,1.120773,91.8,None,0.0,ETH-25SEP20-600-P,267.56,0.0,0.0,0.0,0.0,0.0,0.0,0.71894,-0.15429,-3.21455,0.00155,-0.74703
285.19,ETH-26JUN20,1582541945917,open,0.87,0.0,0.796,0.957,0.872643,94.07,None,0.0,ETH-26JUN20-520-P,267.56,0.0,0.01,50.0,0.0,0.0,0.0,0.46867,-0.17939,-1.6021,0.00182,-0.79608
268.33,SYN.ETH-28FEB20,1582541945917,open,0.29,1758.0,0.27,0.313,0.291894,0.0,0.263,0.0,ETH-28FEB20-190-C,267.56,0.0,0.168,4.0,0.37,5.0,500.0,0.0,0.0,0.02017,0.0,1.0
285.19,ETH-26JUN20,1582541945920,open,0.75,0.0,0.67,0.827,0.745237,93.67,None,0.0,ETH-26JUN20-480-P,267.56,0.0,0.01,50.0,0.0,0.0,0.0,0.52165,-0.19883,-1.43911,0.00203,-0.75371
293.71,SYN.ETH-25SEP20,1582541945924,open,0.61,0.0,0.588,0.6335,0.609995,89.09,0.359,0.0,ETH-25SEP20-120-C,267.56,0.0,0.591,1.0,0.0,0.0,0.0,0.22858,-0.04761,0.58669,0.00051,0.95089
285.19,ETH-26JUN20,1582541945926,open,0.27,652.0,0.222,0.315,0.269721,85.28,0.2665,0.0,ETH-26JUN20-240-C,267.56,80.51,0.2605,253.0,0.275,320.0,88.0,0.55269,-0.19179,0.43656,0.00237,0.72443
9760.97,SYN.BTC-25FEB20,1582541946020,open,0.0,7.9,0.0005,0.0105,1.55e-05,66.74,0.001,0.0,BTC-25FEB20-10750-C,9756.14,0.0,0.0,0.0,0.0005,30.0,100.93,0.02562,-0.15129,0.00039,2e-05,0.00166
269.72,SYN.ETH-6MAR20,1582541946020,open,0.0,336.0,0.0005,0.012,0.002371,98.01,0.006,0.0,ETH-6MAR20-370-C,267.56,90.93,0.0015,600.0,0.0035,300.0,105.15,0.03784,-0.17052,0.0028,0.00178,0.03723
269.72,SYN.ETH-6MAR20,1582541946020,open,0.37,0.0,0.3325,0.421,0.374198,98.37,None,0.0,ETH-6MAR20-370-P,267.56,0.0,0.0,0.0,0.0,0.0,0.0,0.03833,-0.17334,-0.1074,0.0018,-0.96219
267.73,SYN.ETH-25FEB20,1582541946020,open,0.12,0.0,0.088,0.155,0.120567,87.04,None,0.0,ETH-25FEB20-300-P,267.56,0.0,0.0,0.0,0.0,0.0,0.0,0.00157,-0.06839,-0.00717,0.00105,-0.99595
9760.97,SYN.BTC-25FEB20,1582541946020,open,0.1,0.0,0.08,0.124,0.10131403,0.0,None,0.0,BTC-25FEB20-10750-P,9756.14,0.0,0.0,0.0,0.0,0.0,0.0,0.0,0.0,-0.25791,0.0,-1.0
267.73,SYN.ETH-25FEB20,1582541946022,open,0.0,0.0,0.0005,0.0105,1.1e-05,75.34,None,0.0,ETH-25FEB20-300-C,267.56,0.0,0.0,0.0,0.0005,1.0,115.75,0.00048,-0.00297,1e-05,0.00037,0.00109
9816.07,SYN.BTC-6MAR20,1582541946032,open,0.0,4.2,0.0005,0.0115,0.00184489,70.52,0.003,0.0,BTC-6MAR20-12250-C,9756.14,63.68,0.001,20.0,0.003,20.0,77.31,1.43962,-4.66748,0.10958,7e-05,0.03931
9816.07,SYN.BTC-6MAR20,1582541946032,open,0.25,0.0,0.224,0.2795,0.24976971,70.32,None,0.0,BTC-6MAR20-12250-P,9756.14,0.0,0.0,0.0,0.0,0.0,0.0,1.42631,-4.61139,-3.5417,7e-05,-0.96114
285.19,ETH-26JUN20,1582541946193,open,0.41,2710.0,0.373,0.441,0.406936,86.52,0.388,0.0,ETH-26JUN20-180-C,267.56,60.35,0.381,1.0,0.449,1.0,118.96,0.33383,-0.11753,0.45278,0.00141,0.87854
293.71,SYN.ETH-25SEP20,1582541946191,open,1.9,0.0,1.7945,2.0205,1.900688,96.05,None,0.0,ETH-25SEP20-840-P,267.56,0.0,0.0,0.0,0.0,0.0,0.0,0.51062,-0.11466,-4.74396,0.00105,-0.85577
268.33,SYN.ETH-28FEB20,1582541946195,open,0.0,2086.0,0.0005,0.0105,0.000382,87.07,0.0015,0.0,ETH-28FEB20-220-P,267.56,0.0,0.0,0.0,0.0015,300.0,108.08,0.00861,-0.09672,-0.00035,0.00129,-0.01196
