underlying_price,underlying_index,timestamp,state,settlement_price,open_interest,min_price,max_price,mark_price,mark_iv,last_price,interest_rate,instrument_name,index_price,bid_iv,best_bid_price,best_bid_amount,best_ask_price,best_ask_amount,ask_iv,vega,theta,rho,gamma,delta
8696.35,SYN.BTC-13MAR20,1582973940131,open,0.01,201.5,0.0005,0.0205,0.00659739,60.95,0.0075,0.0,BTC-13MAR20-10000-C,8638.68,59.35,0.006,30.1,0.0075,9.5,63.25,3.31324,-7.84134,0.35526,0.0002,0.1224
8835.84,SYN.BTC-24APR20,1582973940139,open,0.05,43.1,0.0275,0.08,0.04985728,62.43,0.054,0.0,BTC-24APR20-10000-C,8638.68,61.48,0.0485,4.0,0.052,23.3,63.92,12.6657,-7.20465,3.96286,0.00017,0.34817
8835.84,SYN.BTC-24APR20,1582973940145,open,0.05,43.1,0.0275,0.08,0.04985728,62.43,0.054,0.0,BTC-24APR20-10000-C,8638.68,61.48,0.0485,4.0,0.0515,22.4,63.57,12.6657,-7.20465,3.96286,0.00017,0.34817
232.65,ETH-26JUN20,1582973940307,open,0.43,143.0,0.4015,0.5445,0.471235,90.05,0.49,0.0,ETH-26JUN20-320-P,222.85,0.0,0.015,2.0,1.1,1.0,416.96,0.49308,-0.18833,-0.83734,0.00313,-0.64323
8835.84,SYN.BTC-24APR20,1582973940330,open,0.05,43.1,0.0275,0.08,0.04985728,62.43,0.054,0.0,BTC-24APR20-10000-C,8638.68,61.48,0.0485,4.0,0.052,45.7,63.92,12.6657,-7.20465,3.96286,0.00017,0.34817
8665.04,SYN.BTC-6MAR20,1582973940332,open,0.01,525.3,0.0005,0.0175,0.00406746,58.7,0.0055,0.0,BTC-6MAR20-9500-C,8638.68,56.33,0.0035,54.9,0.005,30.0,62.32,2.1403,-10.69199,0.15541,0.0003,0.11548
8835.84,SYN.BTC-24APR20,1582973940343,open,0.05,43.1,0.0275,0.08,0.04985728,62.43,0.054,0.0,BTC-24APR20-10000-C,8638.68,61.48,0.0485,4.0,0.052,23.3,63.92,12.6657,-7.20465,3.96286,0.00017,0.34817
8835.84,SYN.BTC-24APR20,1582973940344,open,0.05,43.1,0.0275,0.08,0.04985728,62.43,0.054,0.0,BTC-24APR20-10000-C,8638.68,61.48,0.0485,4.0,0.0515,22.4,63.57,12.6657,-7.20465,3.96286,0.00017,0.34817
232.65,ETH-26JUN20,1582973940341,open,0.58,1.0,0.5485,0.7,0.621551,93.13,1.827,0.0,ETH-26JUN20-360-P,222.85,0.0,0.015,2.0,1.3,1.0,450.39,0.45083,-0.17809,-1.00221,0.00277,-0.71236
8835.84,SYN.BTC-24APR20,1582973940402,open,0.05,43.1,0.0275,0.08,0.04985728,62.43,0.054,0.0,BTC-24APR20-10000-C,8638.68,61.48,0.0485,4.0,0.052,45.7,63.92,12.6657,-7.20465,3.96286,0.00017,0.34817
8696.35,SYN.BTC-13MAR20,1582973940438,open,0.02,124.0,0.003,0.0335,0.01286361,57.04,0.0125,0.0,BTC-13MAR20-9500-C,8638.68,55.47,0.012,24.0,0.014,23.5,59.06,4.83874,-10.71749,0.63605,0.00032,0.2202
8665.04,SYN.BTC-6MAR20,1582973940440,open,0.0,244.9,0.0005,0.0105,0.00048222,83.06,0.0005,0.0,BTC-6MAR20-11000-C,8638.68,0.0,0.0,0.0,0.001,1.1,92.14,0.38035,-2.68837,0.01817,4e-05,0.01351
8696.35,SYN.BTC-13MAR20,1582973940441,open,0.0,140.6,0.0005,0.0165,0.00493389,61.03,0.0045,0.0,BTC-13MAR20-7500-P,8638.68,59.57,0.0045,30.0,0.006,55.0,64.41,2.62529,-6.22229,-0.28745,0.00016,-0.08877
8696.35,SYN.BTC-13MAR20,1582973940455,open,0.02,37.2,0.007,0.043,0.01857667,55.84,0.02,0.0,BTC-13MAR20-9250-C,8638.68,54.18,0.0175,28.0,0.02,46.4,58.02,5.64412,-12.2396,0.85097,0.00038,0.29597
232.65,ETH-26JUN20,1582973940593,open,1.85,0.0,1.8425,2.0475,1.938355,106.78,None,0.0,ETH-26JUN20-680-P,222.85,0.0,0.0,0.0,0.0,0.0,0.0,0.18056,-0.08178,-2.15392,0.00097,-0.92843
8642.67,SYN.BTC-1MAR20,1582973940627,open,0.0,6.7,0.0005,0.0285,0.00899013,51.12,0.0045,0.0,BTC-1MAR20-8625-P,8638.68,40.88,0.007,36.9,0.01,36.9,56.31,1.68135,-42.97629,-0.09776,0.00184,-0.46246
225.82,ETH-27MAR20,1582973940891,open,0.16,66.0,0.1545,0.253,0.202649,95.69,0.1435,0.0,ETH-27MAR20-260-P,222.82,0.0,0.0,0.0,0.0,0.0,0.0,0.22448,-0.39961,-0.14347,0.00625,-0.6602
225.82,ETH-27MAR20,1582973940892,open,0.04,10616.0,0.0125,0.0665,0.035931,99.23,0.042,0.0,ETH-27MAR20-280-C,222.82,95.81,0.033,192.0,0.039,284.0,102.72,0.19609,-0.36198,0.03615,0.00526,0.25332
225.82,ETH-27MAR20,1582973940892,open,0.01,5.0,0.0005,0.0245,0.008129,115.57,0.01,0.0,ETH-27MAR20-380-C,222.82,112.21,0.007,240.0,0.0095,301.0,119.32,0.07903,-0.16992,0.0097,0.00182,0.06645
225.82,ETH-27MAR20,1582973940892,open,0.31,0.0,0.3025,0.4085,0.353411,101.72,None,0.0,ETH-27MAR20-300-P,222.82,0.0,0.0,0.0,0.0,0.0,0.0,0.16436,-0.31104,-0.19404,0.0043,-0.81355
232.65,ETH-26JUN20,1582973940892,open,0.1,1830.0,0.053,0.144,0.096192,90.24,0.11,0.0,ETH-26JUN20-320-C,222.82,88.26,0.092,320.0,0.102,599.0,92.97,0.49342,-0.18887,0.19631,0.00313,0.35748
232.65,ETH-26JUN20,1582973940892,open,0.05,1225.0,0.026,0.0855,0.05266,87.35,0.045,0.0,ETH-26JUN20-160-P,222.82,80.9,0.044,594.0,0.053,294.0,87.6,0.31916,-0.11825,-0.15834,0.00209,-0.15808
232.65,ETH-26JUN20,1582973940892,open,0.2,330.0,0.1585,0.2745,0.215167,87.29,0.195,0.0,ETH-26JUN20-240-P,222.82,80.05,0.199,539.0,0.2185,219.0,88.79,0.51847,-0.19197,-0.48209,0.0034,-0.42648
225.82,ETH-27MAR20,1582973940892,open,0.66,36.0,0.635,0.6565,0.64587,133.92,0.702,0.0,ETH-27MAR20-80-C,222.82,0.0,0.0,0.0,0.0,0.0,0.0,0.00243,-0.00605,0.05868,5e-05,0.99881
232.65,ETH-26JUN20,1582973940892,open,0.04,758.0,0.0125,0.071,0.035917,98.37,0.035,0.0,ETH-26JUN20-480-C,222.82,96.93,0.034,311.0,0.038,298.0,99.89,0.31475,-0.13133,0.08931,0.00183,0.15479
225.82,ETH-27MAR20,1582973940892,open,0.18,3218.0,0.123,0.1975,0.16102,91.33,0.147,0.0,ETH-27MAR20-200-C,222.82,84.56,0.155,200.0,0.176,200.0,107.76,0.20248,-0.34406,0.09466,0.0059,0.73034
225.79,ETH-27MAR20,1582973940892,open,0.0,4517.0,0.0005,0.012,0.002265,135.97,0.0035,0.0,ETH-27MAR20-520-C,222.82,122.93,0.001,550.0,0.0045,300.0,149.93,0.0283,-0.0716,0.00277,0.00055,0.01892
225.79,ETH-27MAR20,1582973940892,open,0.0,1834.0,0.0005,0.0105,0.000451,120.72,0.001,0.0,ETH-27MAR20-100-P,222.82,0.0,0.0,0.0,0.002,500.0,147.2,0.0073,-0.01639,-0.00074,0.00016,-0.00402
225.79,ETH-27MAR20,1582973940892,open,1.23,0.0,1.236,1.3785,1.304373,127.32,None,0.0,ETH-27MAR20-520-P,222.82,0.0,0.006,50.0,0.0,0.0,0.0,0.0198,-0.04691,-0.38104,0.00041,-0.98752
232.62,ETH-26JUN20,1582973940892,open,0.02,851.0,0.0055,0.0335,0.01624,89.54,0.0275,0.0,ETH-26JUN20-120-P,222.82,86.12,0.014,500.0,0.019,200.0,93.48,0.15735,-0.05976,-0.05723,0.00101,-0.05994
225.79,ETH-27MAR20,1582973940892,open,0.0,2324.0,0.0005,0.0105,4e-05,120.75,0.001,0.0,ETH-27MAR20-80-P,222.82,0.0,0.0,0.0,0.001,200.0,167.07,0.00095,-0.00214,-8e-05,2e-05,-0.00043
232.62,ETH-26JUN20,1582973940892,open,0.75,42.0,0.733,0.7525,0.742864,99.99,0.7865,0.0,ETH-26JUN20-60-C,222.82,0.0,0.66,1.0,0.0,0.0,0.0,0.01498,-0.00635,0.19031,9e-05,0.99619
225.79,ETH-27MAR20,1582973940893,open,0.25,2566.0,0.193,0.26,0.226816,95.2,0.3205,0.0,ETH-27MAR20-180-C,222.82,40.48,0.2035,1.0,0.555,3.0,495.69,0.14728,-0.26084,0.10243,0.00412,0.84293
232.62,ETH-26JUN20,1582973940893,open,1.53,0.0,1.512,1.703,1.601223,104.73,None,0.0,ETH-26JUN20-600-P,222.82,0.0,0.01,50.0,0.0,0.0,0.0,0.22816,-0.10136,-1.88071,0.00125,-0.90225
232.62,ETH-26JUN20,1582973940892,open,0.14,1238.0,0.083,0.1815,0.131466,88.59,0.1355,0.0,ETH-26JUN20-280-C,222.82,87.05,0.128,2.0,0.137,591.0,91.05,0.52381,-0.19684,0.24202,0.00338,0.45362
225.79,ETH-27MAR20,1582973940893,open,0.01,41.0,0.0025,0.0335,0.013228,108.1,0.016,0.0,ETH-27MAR20-340-C,222.82,105.56,0.012,240.0,0.0145,301.0,110.6,0.11207,-0.22537,0.0154,0.00276,0.10586
232.62,ETH-26JUN20,1582973940893,open,0.03,865.0,0.0125,0.055,0.030176,87.41,0.03,0.0,ETH-26JUN20-140-P,222.82,84.21,0.027,600.0,0.0325,300.0,89.68,0.23528,-0.08724,-0.09926,0.00154,-0.10195
232.62,ETH-26JUN20,1582973940893,open,0.32,2710.0,0.265,0.352,0.309287,87.5,0.318,0.0,ETH-26JUN20-180-C,222.82,35.2,0.2345,1.0,0.399,1.0,139.05,0.39378,-0.14615,0.35187,0.00258,0.77768
225.79,ETH-27MAR20,1582973940893,open,0.01,4452.0,0.0005,0.0215,0.006683,119.5,0.0075,0.0,ETH-27MAR20-400-C,222.82,115.34,0.0055,240.0,0.0075,301.0,122.13,0.06781,-0.15075,0.00797,0.00151,0.05464
225.79,ETH-27MAR20,1582973940893,open,0.4,662.0,0.3625,0.409,0.385437,110.34,0.479,0.0,ETH-27MAR20-140-C,222.82,58.43,0.38,1.0,0.588,100.0,453.71,0.05323,-0.10928,0.09546,0.00129,0.95959
223.11,SYN.ETH-2MAR20,1582973940891,open,0.0,0.001,0.0485,0.019115,89.72,None,0.0,ETH-2MAR20-220-P,222.82,76.63,0.0155,281.0,0.028,281.0,121.59,0.06184,-1.47903,-0.00482,0.02694,-0.40119
232.62,ETH-26JUN20,1582973940893,open,0.08,1946.0,0.0365,0.12,0.074628,93.38,0.076,0.0,ETH-26JUN20-360-C,222.82,90.98,0.07,320.0,0.08,286.0,96.13,0.45146,-0.17883,0.16072,0.00277,0.28857
232.62,ETH-26JUN20,1582973940894,open,0.2,1058.0,0.133,0.2335,0.183885,87.45,0.198,0.0,ETH-26JUN20-240-C,222.82,85.71,0.18,2.0,0.1895,260.0,89.98,0.51837,-0.19229,0.2928,0.00339,0.57364
225.79,ETH-27MAR20,1582973940894,open,1.57,0.0,1.58,1.7395,1.65702,0.0,None,0.0,ETH-27MAR20-600-P,222.82,0.0,0.03,50.0,0.0,0.0,0.0,0.0,0.0,-0.44179,0.0,-1.0
225.79,ETH-27MAR20,1582973940894,open,0.0,12944.0,0.0005,0.0105,0.000742,135.97,0.0005,0.0,ETH-27MAR20-600-C,222.82,130.61,0.0005,80.0,0.004,300.0,167.02,0.01173,-0.02967,0.00102,0.00023,0.00686
232.62,ETH-26JUN20,1582973940894,open,0.02,3795.0,0.0045,0.045,0.018531,105.99,0.021,0.0,ETH-26JUN20-640-C,222.82,102.99,0.016,310.0,0.021,610.0,108.72,0.20377,-0.09161,0.04914,0.0011,0.08394
232.62,ETH-26JUN20,1582973940894,open,0.3,231.0,0.2695,0.402,0.334629,88.36,0.315,0.0,ETH-26JUN20-280-P,222.82,66.89,0.287,320.0,1.1865,1.0,500.0,0.52371,-0.19629,-0.66232,0.00339,-0.54701
225.79,ETH-27MAR20,1582973940894,open,0.0,385.0,0.0005,0.0105,8e-06,120.77,0.0005,0.0,ETH-27MAR20-70-P,222.82,0.0,0.0,0.0,0.0005,190.0,172.21,0.00023,-0.00051,-2e-05,0.0,-9e-05
232.62,ETH-26JUN20,1582973940894,open,0.44,471.0,0.397,0.4605,0.4286,87.67,0.543,0.0,ETH-26JUN20-140-C,222.82,40.42,0.399,1.0,0.869,1.0,482.15,0.23597,-0.08776,0.35236,0.00154,0.89764
227.98,SYN.ETH-24APR20,1582973940891,open,0.07,0.0,0.04,0.1115,0.0732,86.7,0.0565,0.0,ETH-24APR20-200-P,222.82,81.24,0.066,426.0,0.0775,276.0,89.94,0.30188,-0.23847,-0.12399,0.00446,-0.28854
232.62,ETH-26JUN20,1582973940894,open,0.05,1279.0,0.018,0.0855,0.046214,97.57,0.0495,0.0,ETH-26JUN20-440-C,222.82,95.47,0.043,310.0,0.0505,295.0,100.29,0.36051,-0.1492,0.10917,0.00211,0.19154
232.62,ETH-26JUN20,1582973940894,open,2.02,1.0,2.0085,2.2215,2.108109,107.32,1.99,0.0,ETH-26JUN20-720-P,222.82,0.0,0.0,0.0,2.7595,1.0,448.6,0.15922,-0.07248,-2.28922,0.00085,-0.93915
232.62,ETH-26JUN20,1582973940894,open,0.02,1120.0,0.004,0.042,0.016511,108.05,0.014,0.0,ETH-26JUN20-680-C,222.82,106.12,0.015,310.0,0.0185,300.0,110.45,0.18703,-0.08572,0.0439,0.00099,0.07495
232.62,ETH-26JUN20,1582973940894,open,0.02,413.0,0.003,0.038,0.014263,109.21,0.012,0.0,ETH-26JUN20-720-C,222.82,105.93,0.012,310.0,0.017,610.0,112.79,0.16859,-0.0781,0.03848,0.00088,0.06549
232.62,ETH-26JUN20,1582973940895,open,0.03,3074.0,0.006,0.053,0.023124,105.95,0.0275,0.0,ETH-26JUN20-600-C,222.82,102.74,0.02,310.0,0.027,300.0,109.64,0.23465,-0.10545,0.05893,0.00127,0.10157
225.79,ETH-27MAR20,1582973940895,open,0.57,1116.0,0.544,0.572,0.557738,125.56,0.6285,0.0,ETH-27MAR20-100-C,222.82,0.0,0.1,1.0,0.0,0.0,0.0,0.00921,-0.02151,0.07266,0.0002,0.99478
225.79,ETH-27MAR20,1582973940895,open,0.0,1277.0,0.0005,0.0105,0.000152,120.73,0.001,0.0,ETH-27MAR20-90-P,222.82,0.0,0.0,0.0,0.0015,600.0,157.77,0.00296,-0.00664,-0.00027,7e-05,-0.00148
232.62,ETH-26JUN20,1582973940894,open,1.69,0.0,1.6765,1.873,1.768617,104.62,None,0.0,ETH-26JUN20-640-P,222.82,0.0,0.01,50.0,0.0,0.0,0.0,0.19654,-0.08722,-2.01979,0.00108,-0.91999
227.98,SYN.ETH-24APR20,1582973940891,open,0.01,162.0,0.003,0.0355,0.01386,107.32,0.016,0.0,ETH-24APR20-440-C,222.82,102.29,0.011,450.0,0.0165,300.0,111.5,0.1376,-0.13455,0.0244,0.00164,0.08504
225.79,ETH-27MAR20,1582973940895,open,1.4,0.0,1.408,1.5595,1.480484,116.89,None,0.0,ETH-27MAR20-560-P,222.82,0.0,0.02,50.0,0.0,0.0,0.0,0.0063,-0.01369,-0.41182,0.00014,-0.99659
225.79,ETH-27MAR20,1582973940895,open,1.06,0.0,1.064,1.1985,1.128315,126.56,None,0.0,ETH-27MAR20-480-P,222.82,0.0,0.004,50.0,0.0,0.0,0.0,0.0315,-0.07417,-0.35027,0.00066,-0.97853
225.79,ETH-27MAR20,1582973940895,open,0.61,67.0,0.5895,0.614,0.60171,129.83,0.673,0.0,ETH-27MAR20-90-C,222.82,0.0,0.0,0.0,0.0,0.0,0.0,0.00503,-0.01215,0.06577,0.0001,0.99734
227.98,SYN.ETH-24APR20,1582973940892,open,0.04,50.0,0.0165,0.0765,0.04273,95.81,0.0535,0.0,ETH-24APR20-320-C,222.82,91.76,0.038,288.0,0.0485,288.0,100.58,0.27078,-0.23638,0.06544,0.00362,0.23364
227.98,SYN.ETH-24APR20,1582973940892,open,0.02,23.0,0.005,0.045,0.019637,104.1,0.018,0.0,ETH-24APR20-400-C,222.82,99.81,0.0165,300.0,0.0235,300.0,108.97,0.17354,-0.16461,0.03332,0.00213,0.11685
232.62,ETH-26JUN20,1582973940897,open,0.0,1908.0,0.0005,0.0105,0.000685,98.18,0.0005,0.0,ETH-26JUN20-60-P,222.82,0.0,0.0,0.0,0.0035,300.0,123.7,0.0135,-0.00562,-0.00306,8e-05,-0.00339
225.79,ETH-27MAR20,1582973940898,open,0.0,7651.0,0.0005,0.0105,0.000486,137.56,0.0005,0.0,ETH-27MAR20-640-C,222.82,137.96,0.0005,100.0,0.004,300.0,175.71,0.00823,-0.02106,0.00068,0.00016,0.0046
223.11,SYN.ETH-2MAR20,1582973940891,open,0.0,0.0055,0.064,0.033225,90.37,None,0.0,ETH-2MAR20-220-C,222.82,0.0,0.0,0.0,0.0,0.0,0.0,0.06186,-1.49022,0.00648,0.02676,0.59829
223.11,SYN.ETH-2MAR20,1582973940892,open,0.0,0.0155,0.079,0.047627,90.6,None,0.0,ETH-2MAR20-215-C,222.82,0.0,0.0,0.0,0.0,0.0,0.0,0.05322,-1.28526,0.00778,0.02296,0.72656
224.33,SYN.ETH-13MAR20,1582973940892,open,0.02,750.0,0.0075,0.0555,0.02705,96.12,0.023,0.0,ETH-13MAR20-200-P,222.82,85.34,0.021,292.0,0.032,292.0,104.58,0.12913,-0.48198,-0.02065,0.00757,-0.23388
232.62,ETH-26JUN20,1582973940899,open,0.38,395.0,0.3265,0.403,0.365148,87.55,0.439,0.0,ETH-26JUN20-160-C,222.82,34.72,0.314,1.0,0.858,1.0,480.42,0.31957,-0.11868,0.35791,0.00209,0.84157
224.33,SYN.ETH-13MAR20,1582973940892,open,0.01,313.0,0.0005,0.018,0.004606,111.54,0.005,0.0,ETH-13MAR20-320-C,222.82,103.01,0.003,300.0,0.007,302.0,121.58,0.04742,-0.20541,0.00405,0.0024,0.05582
232.62,ETH-26JUN20,1582973940899,open,1.36,0.0,1.346,1.528,1.431293,101.31,None,0.0,ETH-26JUN20-560-P,222.82,0.0,0.01,50.0,0.0,0.0,0.0,0.24504,-0.1053,-1.74548,0.00138,-0.89217
232.62,ETH-26JUN20,1582973940900,open,0.03,1205.0,0.007,0.0555,0.024968,102.28,0.0275,0.0,ETH-26JUN20-560-C,222.82,100.41,0.023,310.0,0.0275,300.0,104.57,0.25029,-0.10859,0.06468,0.0014,0.11106
223.55,SYN.ETH-6MAR20,1582973940892,open,0.03,267.0,0.004,0.053,0.024062,100.94,0.027,0.0,ETH-6MAR20-240-C,222.82,95.18,0.0215,240.0,0.0255,342.0,104.12,0.10034,-0.86182,0.01036,0.01236,0.31194
239.56,SYN.ETH-25SEP20,1582973940892,open,0.05,617.0,0.028,0.0875,0.054805,85.64,0.055,0.0,ETH-25SEP20-140-P,222.82,81.19,0.048,536.0,0.057,296.0,87.05,0.3719,-0.07624,-0.24574,0.00132,-0.12445
223.55,SYN.ETH-6MAR20,1582973940895,open,0.0,931.0,0.0005,0.0105,0.000326,112.44,0.0035,0.0,ETH-6MAR20-320-C,222.82,0.0,0.0,0.0,0.0005,6.0,118.22,0.00572,-0.05477,0.00025,0.00063,0.00728
227.98,SYN.ETH-24APR20,1582973940892,open,0.02,0.0,0.008,0.0455,0.023087,89.52,None,0.0,ETH-24APR20-160-P,222.82,83.95,0.019,450.0,0.0265,300.0,93.91,0.17295,-0.14107,-0.04777,0.00247,-0.11629
224.33,SYN.ETH-13MAR20,1582973940891,open,0.35,0.0,0.3115,0.3595,0.334603,124.24,None,0.0,ETH-13MAR20-150-C,222.82,0.0,0.0,0.0,0.0,0.0,0.0,0.03085,-0.14882,0.05006,0.0014,0.96722
223.11,SYN.ETH-2MAR20,1582973940892,open,12.0,0.0005,0.03,0.007928,90.18,0.0175,0.0,ETH-2MAR20-235-C,222.82,80.77,0.006,266.0,0.017,266.0,128.91,0.0474,-1.13955,0.00244,0.02055,0.22037
224.33,SYN.ETH-13MAR20,1582973940892,open,0.01,10.0,0.0005,0.023,0.006875,104.34,0.0105,0.0,ETH-13MAR20-300-C,222.82,95.16,0.0045,300.0,0.01,300.0,114.23,0.06439,-0.26088,0.00602,0.00348,0.08298
239.56,SYN.ETH-25SEP20,1582973940892,open,0.02,419.0,0.007,0.0365,0.018712,88.46,0.0155,0.0,ETH-25SEP20-100-P,222.82,84.89,0.016,550.0,0.021,250.0,91.29,0.18835,-0.03988,-0.09486,0.00065,-0.05049
224.33,SYN.ETH-13MAR20,1582973940892,open,0.01,300.0,0.004,0.043,0.01867,101.82,0.019,0.0,ETH-13MAR20-190-P,222.82,97.13,0.0165,200.0,0.0205,300.0,105.66,0.10561,-0.41759,-0.01473,0.00584,-0.1675
225.79,ETH-27MAR20,1582973940903,open,0.0,690.0,0.0005,0.011,0.001119,120.71,0.001,0.0,ETH-27MAR20-110-P,222.82,0.0,0.0,0.0,0.003,300.0,140.45,0.01512,-0.03395,-0.00171,0.00033,-0.00916
223.11,SYN.ETH-2MAR20,1582973940892,open,4.0,0.0005,0.0365,0.01111,89.86,0.0085,0.0,ETH-2MAR20-215-P,222.82,83.0,0.0095,292.0,0.019,292.0,121.63,0.05308,-1.2714,-0.00325,0.02309,-0.27198
239.56,SYN.ETH-25SEP20,1582973940895,open,0.03,233.0,0.0145,0.0575,0.032886,86.02,0.03,0.0,ETH-25SEP20-120-P,222.82,82.58,0.029,550.0,0.036,250.0,88.69,0.27603,-0.05684,-0.15834,0.00098,-0.08261
224.33,SYN.ETH-13MAR20,1582973940893,open,0.01,15.0,0.0005,0.0205,0.006102,122.59,0.006,0.0,ETH-13MAR20-160-P,222.82,114.53,0.0045,338.0,0.0075,300.0,128.79,0.04803,-0.22862,-0.00497,0.00221,-0.05673
227.98,SYN.ETH-24APR20,1582973940892,open,0.07,14.0,0.0345,0.1075,0.068586,91.9,0.071,0.0,ETH-24APR20-280-C,222.82,87.97,0.063,276.0,0.075,276.0,96.36,0.32574,-0.27276,0.09478,0.00454,0.34511
224.33,SYN.ETH-13MAR20,1582973940891,open,0.0,0.0,0.0005,0.013,0.003134,123.26,None,0.0,ETH-13MAR20-150-P,222.82,101.89,0.001,300.0,0.0075,300.0,148.27,0.03012,-0.14418,-0.00277,0.00138,-0.03185
223.55,SYN.ETH-6MAR20,1582973940891,open,0.0,406.0,0.0005,0.0155,0.003119,132.04,0.003,0.0,ETH-6MAR20-170-P,222.82,126.35,0.0025,500.0,0.0035,5.0,135.23,0.02585,-0.29043,-0.00165,0.00243,-0.04286
224.33,SYN.ETH-13MAR20,1582973940892,open,0.31,0.0,0.2665,0.321,0.293002,123.25,None,0.0,ETH-13MAR20-160-C,222.82,0.0,0.0,0.0,0.0,0.0,0.0,0.04858,-0.23251,0.05139,0.00222,0.94244
224.33,SYN.ETH-13MAR20,1582973940892,open,0.01,4.0,0.0005,0.0205,0.005687,108.39,0.0065,0.0,ETH-13MAR20-310-C,222.82,95.64,0.003,300.0,0.0095,300.0,121.75,0.05563,-0.23414,0.00497,0.00289,0.06849
227.98,SYN.ETH-24APR20,1582973940893,open,0.03,17.0,0.009,0.0575,0.028313,100.09,0.0365,0.0,ETH-24APR20-360-C,222.82,95.98,0.0245,296.0,0.033,296.0,104.86,0.21753,-0.19839,0.0461,0.00278,0.1628
223.55,SYN.ETH-6MAR20,1582973940891,open,0.0,616.0,0.0005,0.011,0.001299,133.51,0.003,0.0,ETH-6MAR20-160-P,222.82,128.18,0.001,700.0,0.0015,5.0,136.67,0.01358,-0.1543,-0.00076,0.00126,-0.01974
223.11,SYN.ETH-2MAR20,1582973940891,open,0.0,0.0005,0.022,0.004338,90.16,None,0.0,ETH-2MAR20-240-C,222.82,80.99,0.003,279.0,0.0125,279.0,132.46,0.03496,-0.84021,0.00151,0.01516,0.13634
223.11,SYN.ETH-2MAR20,1582973940891,open,2.0,0.0005,0.016,0.002229,90.14,0.0015,0.0,ETH-2MAR20-245-C,222.82,76.02,0.001,290.0,0.009,291.0,135.09,0.02341,-0.49723,0.00087,0.01015,0.07836
223.0,SYN.ETH-1MAR20,1582973940891,open,0.0,56.0,0.0005,0.0105,0.00057,138.45,0.001,0.0,ETH-1MAR20-195-P,222.82,0.0,0.0,0.0,0.0005,5.0,135.61,0.00575,-0.12715,-0.00012,0.00348,-0.0221
224.33,SYN.ETH-13MAR20,1582973940892,open,0.01,342.0,0.0015,0.0305,0.011366,104.07,0.0125,0.0,ETH-13MAR20-180-P,222.82,100.11,0.01,348.0,0.012,250.0,105.84,0.07947,-0.32114,-0.00964,0.0043,-0.11047
223.11,SYN.ETH-2MAR20,1582973940892,open,3.0,0.0005,0.0225,0.004369,102.6,0.0045,0.0,ETH-2MAR20-205-P,222.82,99.94,0.004,300.0,0.0095,300.0,133.65,0.03152,-0.86204,-0.0014,0.01201,-0.11749
223.55,SYN.ETH-6MAR20,1582973940899,open,0.0,191.0,0.0005,0.0105,0.000629,112.44,0.0005,0.0,ETH-6MAR20-310-C,222.82,0.0,0.0,0.0,0.001,5.0,119.76,0.00962,-0.09204,0.00045,0.00106,0.0132
239.56,SYN.ETH-25SEP20,1582973940894,open,0.21,1098.0,0.1455,0.2625,0.204481,87.57,0.206,0.0,ETH-25SEP20-280-C,222.82,86.41,0.201,1.0,0.21,489.0,89.4,0.71967,-0.15085,0.45741,0.0025,0.53813
223.0,SYN.ETH-1MAR20,1582973940891,open,0.0,161.0,0.0005,0.027,0.004982,123.71,0.005,0.0,ETH-1MAR20-210-P,222.82,110.15,0.0035,220.0,0.0055,5.0,128.1,0.02587,-1.11099,-0.00085,0.01753,-0.15355
224.33,SYN.ETH-13MAR20,1582973940893,open,0.27,0.0,0.2215,0.28,0.250488,113.17,None,0.0,ETH-13MAR20-170-C,222.82,0.0,0.0,0.0,0.0,0.0,0.0,0.06212,-0.27299,0.05305,0.00309,0.92087
239.56,SYN.ETH-25SEP20,1582973940896,open,0.06,189.0,0.022,0.101,0.055116,96.58,0.058,0.0,ETH-25SEP20-600-C,222.82,95.03,0.052,200.0,0.059,496.0,98.47,0.48596,-0.11235,0.17994,0.00153,0.18637
223.55,SYN.ETH-6MAR20,1582973940898,open,0.0,342.0,0.0005,0.011,0.001185,112.44,0.0025,0.0,ETH-6MAR20-300-C,222.82,109.65,0.001,1.0,0.0015,5.0,116.62,0.01561,-0.14936,0.00079,0.00173,0.02327
227.98,SYN.ETH-24APR20,1582973940892,open,0.1,0.0,0.0725,0.1595,0.114233,86.61,None,0.0,ETH-24APR20-220-P,222.82,80.42,0.105,258.0,0.121,258.0,91.16,0.33966,-0.26805,-0.17352,0.00502,-0.39201
224.33,SYN.ETH-13MAR20,1582973940892,open,0.05,50.0,0.0165,0.0785,0.045234,96.95,0.05,0.0,ETH-13MAR20-240-C,222.82,89.65,0.04,263.0,0.052,263.0,106.29,0.16163,-0.60852,0.02727,0.00939,0.38981
224.33,SYN.ETH-13MAR20,1582973940892,open,0.03,126.0,0.0055,0.052,0.024491,99.37,0.032,0.0,ETH-13MAR20-260-C,222.82,92.42,0.0205,282.0,0.0295,282.0,107.7,0.13181,-0.50863,0.01727,0.00747,0.24279
223.11,SYN.ETH-2MAR20,1582973940891,open,0.0,0.0005,0.0115,0.001076,90.14,None,0.0,ETH-2MAR20-250-C,222.82,88.94,0.001,297.0,0.0045,1.0,124.27,0.01432,-0.24003,0.00047,0.00621,0.04192
239.56,SYN.ETH-25SEP20,1582973940892,open,0.09,732.0,0.04,0.135,0.08292,93.51,0.085,0.0,ETH-25SEP20-480-C,222.82,91.51,0.078,210.0,0.088,500.0,95.54,0.5933,-0.13281,0.24928,0.00193,0.26475
223.55,SYN.ETH-6MAR20,1582973940891,open,0.0,336.0,0.0005,0.0105,9e-06,112.42,0.0015,0.0,ETH-6MAR20-370-C,222.82,0.0,0.0,0.0,0.0035,300.0,206.65,0.00028,-0.0021,1e-05,3e-05,0.00027
239.56,SYN.ETH-25SEP20,1582973940892,open,0.1,500.0,0.0495,0.15,0.095903,92.03,0.092,0.0,ETH-25SEP20-440-C,222.82,90.15,0.091,210.0,0.102,497.0,94.33,0.62983,-0.13875,0.27942,0.00208,0.29972
223.11,SYN.ETH-2MAR20,1582973940891,open,0.0,0.0015,0.0505,0.021904,90.28,None,0.0,ETH-2MAR20-225-C,222.82,83.59,0.02,210.0,0.0335,210.0,130.93,0.0635,-1.52819,0.00503,0.0275,0.46092
223.11,SYN.ETH-2MAR20,1582973940891,open,0.0,0.0005,0.0395,0.013596,90.22,None,0.0,ETH-2MAR20-230-C,222.82,85.98,0.0125,252.0,0.0235,252.0,127.14,0.05797,-1.39417,0.00364,0.02512,0.33067
224.33,SYN.ETH-13MAR20,1582973940892,open,0.05,103.0,0.027,0.097,0.05958,92.83,0.0585,0.0,ETH-13MAR20-220-P,222.82,81.83,0.0515,266.0,0.0655,266.0,100.89,0.16479,-0.59405,-0.03804,0.01,-0.42117
239.56,SYN.ETH-25SEP20,1582973940895,open,0.04,29.0,0.0155,0.0855,0.043622,98.39,0.044,0.0,ETH-25SEP20-680-C,222.82,96.89,0.041,200.0,0.047,300.0,100.26,0.42555,-0.10023,0.14804,0.00132,0.15161
227.98,SYN.ETH-24APR20,1582973940893,open,0.17,0.0,0.1065,0.191,0.149468,86.75,None,0.0,ETH-24APR20-220-C,222.82,83.08,0.144,250.0,0.1595,250.0,93.49,0.33965,-0.26848,0.15718,0.00501,0.60802
239.56,SYN.ETH-25SEP20,1582973940894,open,0.03,149.0,0.0085,0.064,0.02871,103.71,0.0355,0.0,ETH-25SEP20-880-C,222.82,101.65,0.026,200.0,0.032,500.0,106.07,0.3243,-0.08051,0.10145,0.00095,0.10271
223.55,SYN.ETH-6MAR20,1582973940897,open,0.0,76.0,0.0005,0.0105,0.000166,112.43,0.001,0.0,ETH-6MAR20-330-C,222.82,0.0,0.0,0.0,0.003,300.0,164.05,0.0033,-0.03158,0.00014,0.00036,0.00392
223.11,SYN.ETH-2MAR20,1582973940893,open,12.0,0.004,0.063,0.030201,89.64,0.0205,0.0,ETH-2MAR20-225-P,222.82,71.32,0.025,266.0,0.04,266.0,123.99,0.06349,-1.51707,-0.00653,0.02769,-0.53955
223.0,SYN.ETH-1MAR20,1582973940891,open,0.0,328.0,0.0005,0.0105,0.000486,115.68,0.0015,0.0,ETH-1MAR20-250-C,222.82,0.0,0.0,0.0,0.002,10.0,149.93,0.00603,-0.10843,0.00012,0.00437,0.02336
239.56,SYN.ETH-25SEP20,1582973940895,open,0.04,33.0,0.013,0.079,0.039159,99.23,0.04,0.0,ETH-25SEP20-720-C,222.82,97.91,0.037,200.0,0.042,301.0,100.9,0.39882,-0.09473,0.13508,0.00122,0.13769
223.55,SYN.ETH-6MAR20,1582973940905,open,0.0,74.0,0.0005,0.0105,8.3e-05,112.43,0.0005,0.0,ETH-6MAR20-340-C,222.82,0.0,0.0,0.0,0.0015,320.0,156.09,0.00185,-0.01771,7e-05,0.0002,0.00206
239.56,SYN.ETH-25SEP20,1582973940894,open,0.04,37.0,0.0115,0.075,0.036185,100.56,0.032,0.0,ETH-25SEP20-760-C,222.82,98.5,0.033,200.0,0.039,300.0,102.31,0.37863,-0.09114,0.12545,0.00115,0.12769
223.11,SYN.ETH-2MAR20,1582973940892,open,2.0,0.0005,0.029,0.00707,96.61,0.0075,0.0,ETH-2MAR20-210-P,222.82,93.56,0.0065,300.0,0.013,300.0,125.3,0.04222,-1.08723,-0.00216,0.01708,-0.18171
239.56,SYN.ETH-25SEP20,1582973940892,open,0.07,746.0,0.026,0.1095,0.062046,95.34,0.065,0.0,ETH-25SEP20-560-C,222.82,93.45,0.058,200.0,0.066,494.0,97.15,0.51795,-0.11821,0.19879,0.00165,0.20705
223.55,SYN.ETH-6MAR20,1582973940893,open,0.01,1355.0,0.0015,0.0375,0.013762,103.69,0.012,0.0,ETH-6MAR20-200-P,222.82,98.32,0.012,540.0,0.015,1.0,107.36,0.07466,-0.6588,-0.00701,0.00895,-0.1809
223.55,SYN.ETH-6MAR20,1582973940893,open,0.0,554.0,0.0005,0.0105,2e-05,112.42,0.0005,0.0,ETH-6MAR20-360-C,222.82,0.0,0.0,0.0,0.001,1.0,164.18,0.00054,-0.00441,2e-05,6e-05,0.00054
224.33,SYN.ETH-13MAR20,1582973940895,open,0.03,100.0,0.0145,0.0735,0.040691,93.76,0.035,0.0,ETH-13MAR20-210-P,222.82,82.99,0.0335,280.0,0.046,280.0,101.61,0.15101,-0.54986,-0.02868,0.00907,-0.32174
224.33,SYN.ETH-13MAR20,1582973940892,open,0.0,4.0,0.0005,0.0145,0.003243,111.54,0.0095,0.0,ETH-13MAR20-330-C,222.82,98.48,0.0015,300.0,0.0075,300.0,131.3,0.03714,-0.16085,0.003,0.00188,0.04113
223.55,SYN.ETH-6MAR20,1582973940895,open,0.0,429.0,0.0005,0.0205,0.004976,121.36,0.008,0.0,ETH-6MAR20-180-P,222.82,118.46,0.0045,390.0,0.005,6.0,121.51,0.03761,-0.38844,-0.00266,0.00385,-0.06888
224.33,SYN.ETH-13MAR20,1582973940892,open,0.04,156.0,0.0095,0.063,0.032651,97.01,0.037,0.0,ETH-13MAR20-250-C,222.82,89.08,0.0275,274.0,0.039,274.0,106.48,0.14807,-0.55779,0.02173,0.0086,0.30727
225.79,ETH-27MAR20,1582973940922,open,0.4,662.0,0.3625,0.4095,0.385437,110.34,0.479,0.0,ETH-27MAR20-140-C,222.82,0.0,0.3795,1.0,0.588,100.0,453.71,0.05323,-0.10928,0.09546,0.00129,0.95959
232.62,ETH-26JUN20,1582973940928,open,0.44,471.0,0.397,0.4605,0.4286,87.67,0.543,0.0,ETH-26JUN20-140-C,222.82,36.06,0.3985,1.0,0.869,1.0,482.15,0.23597,-0.08776,0.35236,0.00154,0.89764
232.62,ETH-26JUN20,1582973940934,open,2.02,1.0,2.0085,2.2205,2.108109,107.32,1.99,0.0,ETH-26JUN20-720-P,222.82,0.0,0.0,0.0,2.7605,1.0,449.22,0.15922,-0.07248,-2.28922,0.00085,-0.93915
225.79,ETH-27MAR20,1582973941306,open,0.64,0.0,0.6365,0.7525,0.690869,114.9,None,0.0,ETH-27MAR20-380-P,222.82,0.0,0.0,0.0,0.0,0.0,0.0,0.07772,-0.16614,-0.2703,0.0018,-0.93496
225.79,ETH-27MAR20,1582973941306,open,0.47,0.0,0.467,0.577,0.519012,108.02,None,0.0,ETH-27MAR20-340-P,222.82,0.0,0.0,0.0,0.0,0.0,0.0,0.1119,-0.22487,-0.23498,0.00276,-0.89435
8642.67,SYN.BTC-1MAR20,1582973941331,open,0.01,11.3,0.0015,0.0395,0.01761695,51.16,0.015,0.0,BTC-1MAR20-8750-P,8638.68,36.3,0.015,18.0,0.0185,18.0,57.03,1.50509,-38.50271,-0.14553,0.00164,-0.68438
8642.67,SYN.BTC-1MAR20,1582973941344,open,0.01,11.3,0.0015,0.0395,0.01761695,51.16,0.015,0.0,BTC-1MAR20-8750-P,8638.68,36.3,0.015,18.0,0.0185,34.0,57.03,1.50509,-38.50271,-0.14553,0.00164,-0.68438
8642.67,SYN.BTC-1MAR20,1582973941345,open,0.0,6.7,0.0005,0.0285,0.00909943,51.12,0.0045,0.0,BTC-1MAR20-8625-P,8638.68,40.88,0.007,18.0,0.01,36.9,56.31,1.68135,-42.97629,-0.09776,0.00184,-0.46246
9258.6,SYN.BTC-25SEP20,1582973941350,open,0.08,498.0,0.046,0.126,0.07906744,69.92,0.0845,0.0,BTC-25SEP20-14000-C,8638.68,69.12,0.077,22.5,0.0815,4.0,70.83,24.44246,-4.09103,11.83536,7e-05,0.30247
9258.6,SYN.BTC-25SEP20,1582973941351,open,0.06,387.9,0.03,0.1015,0.05792385,72.07,0.0625,0.0,BTC-25SEP20-16000-C,8638.68,71.22,0.056,29.1,0.0605,5.0,73.17,21.39324,-3.69063,9.2458,6e-05,0.23245
8642.67,SYN.BTC-1MAR20,1582973941377,open,0.0,16.6,0.0005,0.0285,0.00909943,51.12,0.01,0.0,BTC-1MAR20-8625-P,8638.68,40.88,0.007,18.0,0.01,26.9,56.31,1.68135,-42.97629,-0.09776,0.00184,-0.46246
9258.6,SYN.BTC-25SEP20,1582973941403,open,0.02,112.5,0.0085,0.056,0.02408085,80.59,0.028,0.0,BTC-25SEP20-24000-C,8638.68,79.79,0.023,10.0,0.0255,6.0,81.61,12.67373,-2.44508,4.24961,3e-05,0.1043
223.0,SYN.ETH-1MAR20,1582973941472,open,0.01,252.0,0.0005,0.0545,0.022753,90.64,0.014,0.0,ETH-1MAR20-225-P,222.82,89.91,0.0225,90.0,0.0305,90.0,131.26,0.04288,-1.94344,-0.00318,0.03965,-0.57111
223.0,SYN.ETH-1MAR20,1582973941474,open,0.07,4.0,0.01,0.075,0.043185,107.46,0.0285,0.0,ETH-1MAR20-215-C,222.82,91.4,0.041,30.0,0.049,30.0,142.92,0.03362,-1.80637,0.00386,0.02623,0.7643
223.0,SYN.ETH-1MAR20,1582973941476,open,0.05,117.0,0.0015,0.059,0.027704,105.12,0.0375,0.0,ETH-1MAR20-220-C,222.82,92.68,0.0255,90.0,0.033,90.0,132.55,0.0418,-2.19687,0.00313,0.03333,0.61354
223.0,SYN.ETH-1MAR20,1582973941478,open,0.03,114.0,0.0005,0.041,0.013771,91.59,0.0225,0.0,ETH-1MAR20-225-C,222.82,89.82,0.0135,90.0,0.021,282.0,128.6,0.0429,-1.96459,0.00223,0.03926,0.4298
223.0,SYN.ETH-1MAR20,1582973941478,open,0.01,252.0,0.0005,0.0545,0.022753,90.64,0.014,0.0,ETH-1MAR20-225-P,222.82,89.91,0.0225,90.0,0.0305,362.0,131.26,0.04288,-1.94344,-0.00318,0.03965,-0.57111
223.0,SYN.ETH-1MAR20,1582973941480,open,0.02,237.0,0.0065,0.072,0.038003,90.5,0.0225,0.0,ETH-1MAR20-230-P,222.82,84.87,0.037,30.0,0.0445,30.0,130.11,0.03469,-1.56963,-0.00422,0.03213,-0.75029
223.55,SYN.ETH-6MAR20,1582973941529,open,0.07,925.0,0.0575,0.1395,0.09758,100.48,0.0645,0.0,ETH-6MAR20-240-P,222.82,91.57,0.0935,180.0,0.102,180.0,110.52,0.1002,-0.85679,-0.0283,0.01239,-0.68904
223.55,SYN.ETH-6MAR20,1582973941549,open,0.05,960.0,0.0305,0.107,0.067368,100.48,0.059,0.0,ETH-6MAR20-230-P,222.82,91.94,0.063,180.0,0.0705,248.0,106.96,0.11173,-0.95528,-0.02269,0.01382,-0.5633
8642.67,SYN.BTC-1MAR20,1582973941581,open,0.01,56.0,0.0005,0.0155,0.00218892,54.05,0.003,0.0,BTC-1MAR20-8875-C,8638.68,47.56,0.0015,51.2,0.0025,10.0,56.29,1.03593,-19.24803,0.03301,0.00107,0.16141
9009.12,BTC-26JUN20,1582973941659,open,0.05,21.4,0.0225,0.081,0.04545194,69.94,0.05,0.0,BTC-26JUN20-13000-C,8638.68,69.11,0.044,22.9,0.0465,4.0,70.55,15.71747,-4.66315,5.50289,9e-05,0.23458
8758.45,BTC-27MAR20,1582973941685,open,0.1,31.3,0.0895,0.151,0.11528768,57.05,0.106,0.0,BTC-27MAR20-9500-P,8638.09,54.7,0.113,4.0,0.116,4.0,57.78,8.5778,-9.10486,-5.08215,0.00027,-0.67276
9009.12,BTC-26JUN20,1582973941685,open,0.29,0.0,0.256,0.3525,0.29979961,66.75,None,0.0,BTC-26JUN20-11000-P,8638.09,0.0,0.0,0.0,0.0,0.0,0.0,19.29941,-5.46439,-27.1052,0.00011,-0.63182
9009.12,BTC-26JUN20,1582973941686,open,1.85,0.0,1.8315,1.9675,1.89372762,93.89,None,0.0,BTC-26JUN20-26000-P,8638.09,0.0,0.0,0.0,0.0,0.0,0.0,4.65687,-1.85469,-82.94808,2e-05,-0.95724
8758.45,BTC-27MAR20,1582973941686,open,0.07,1130.4,0.0545,0.112,0.07608418,55.92,0.069,0.0,BTC-27MAR20-9000-P,8638.09,52.13,0.072,29.6,0.0765,4.0,56.31,9.4308,-9.81167,-3.98076,0.0003,-0.54118
8758.45,BTC-27MAR20,1582973941687,open,0.15,898.2,0.133,0.1955,0.16213922,60.04,0.159,0.0,BTC-27MAR20-10000-P,8638.09,25.29,0.1425,1.1,0.2,6.1,100.13,7.25167,-8.09987,-5.99844,0.00021,-0.76799
8758.45,BTC-27MAR20,1582973941687,open,0.01,1609.3,0.0005,0.0175,0.00607484,61.23,0.0055,0.0,BTC-27MAR20-7000-P,8638.09,59.71,0.0055,61.0,0.0065,24.0,62.31,3.4011,-3.87422,-0.52982,0.0001,-0.07608
9008.53,BTC-26JUN20,1582973941688,open,0.21,251.8,0.1645,0.2365,0.19782859,63.26,0.1915,0.0,BTC-26JUN20-8000-C,8638.09,56.78,0.185,12.0,0.214,12.0,71.35,17.93269,-4.81185,14.46355,0.00011,0.69498
8757.86,BTC-27MAR20,1582973941688,open,3.05,0.1,3.03,3.194,3.11021901,0.0,2.64,0.0,BTC-27MAR20-36000-P,8638.09,0.0,0.0005,1.0,0.0,0.0,0.0,0.0,0.0,-26.50753,0.0,-1.0
8757.86,BTC-27MAR20,1582973941689,open,0.17,10.3,0.135,0.182,0.15555355,57.13,0.174,0.0,BTC-27MAR20-7500-C,8638.09,39.77,0.147,0.1,0.0,0.0,0.0,5.30476,-5.63839,4.53884,0.00016,0.8594
8757.86,BTC-27MAR20,1582973941691,open,0.01,1185.8,0.002,0.0305,0.01184892,57.0,0.0115,0.0,BTC-27MAR20-7500-P,8638.09,56.42,0.0115,36.0,0.012,10.0,57.25,5.2928,-5.61295,-0.98005,0.00016,-0.14013
8664.86,SYN.BTC-6MAR20,1582973941685,open,0.18,0.0,0.1465,0.184,0.16426514,74.34,None,0.0,BTC-6MAR20-7250-C,8638.09,0.0,0.0,0.0,0.0,0.0,0.0,0.67154,-4.24813,1.12897,7e-05,0.97365
8642.58,SYN.BTC-1MAR20,1582973941685,open,0.01,87.2,0.0005,0.022,0.00519805,52.05,0.0075,0.0,BTC-1MAR20-8750-C,8638.09,45.08,0.004,24.0,0.0065,15.1,59.39,1.51099,-39.32573,0.06498,0.00162,0.31856
9259.79,SYN.BTC-25SEP20,1582973941686,open,2.84,0.0,2.816,2.998,2.89940791,90.74,None,0.0,BTC-25SEP20-36000-P,8638.09,0.0,0.0005,1.0,0.0,0.0,0.0,7.34204,-1.59469,-203.92697,2e-05,-0.94898
8664.86,SYN.BTC-6MAR20,1582973941687,open,0.0,353.8,0.0005,0.0105,0.0002564,83.01,0.0005,0.0,BTC-6MAR20-11250-C,8638.09,0.0,0.0,0.0,0.001,40.0,99.29,0.23108,-1.63237,0.01028,2e-05,0.00763
8647.04,SYN.BTC-2MAR20,1582973941685,open,0.0,0.004,0.0435,0.02113384,50.07,None,0.0,BTC-2MAR20-8750-P,8638.09,38.38,0.018,20.0,0.023,20.0,56.88,2.35558,-31.44099,-0.28597,0.00122,-0.62241
9259.79,SYN.BTC-25SEP20,1582973941689,open,0.12,408.0,0.074,0.162,0.11231674,67.7,0.113,0.0,BTC-25SEP20-12000-C,8638.09,67.08,0.1105,4.0,0.1145,4.1,68.45,27.08488,-4.38933,15.31104,8e-05,0.40126
9259.79,SYN.BTC-25SEP20,1582973941690,open,0.07,297.6,0.045,0.109,0.07195737,63.77,0.07,0.0,BTC-25SEP20-7000-P,8638.09,62.63,0.0695,4.9,0.073,18.4,64.25,19.94742,-3.04494,-14.7173,6e-05,-0.20578
8647.04,SYN.BTC-2MAR20,1582973941687,open,0.4,0.0005,0.025,0.00741065,50.57,0.0075,0.0,BTC-2MAR20-8500-P,8638.09,42.88,0.0055,20.0,0.0085,20.0,54.83,2.19183,-29.54471,-0.14177,0.00113,-0.31162
9259.79,SYN.BTC-25SEP20,1582973941687,open,0.17,637.0,0.1325,0.2255,0.17411497,63.73,0.17,0.0,BTC-25SEP20-9000-P,8638.09,63.17,0.1725,4.9,0.176,4.0,64.39,26.71494,-4.07568,-29.47162,9e-05,-0.38206
8642.58,SYN.BTC-1MAR20,1582973941685,open,0.02,26.6,0.0005,0.0305,0.01114366,51.71,0.0135,0.0,BTC-1MAR20-8625-C,8638.09,45.83,0.01,18.0,0.013,1.5,61.25,1.68152,-43.47536,0.10905,0.00181,0.53708
8664.86,SYN.BTC-6MAR20,1582973941691,open,0.01,342.5,0.0005,0.0305,0.00916248,53.66,0.01,0.0,BTC-6MAR20-8250-P,8638.09,50.56,0.008,24.0,0.01,48.7,55.84,3.29907,-15.06525,-0.32694,0.00051,-0.22523
8642.58,SYN.BTC-1MAR20,1582973941706,open,0.0,16.6,0.0005,0.029,0.00909943,51.66,0.01,0.0,BTC-1MAR20-8625-P,8638.09,40.86,0.007,18.0,0.01,18.9,56.29,1.68151,-43.4326,-0.09787,0.00182,-0.4629
225.79,ETH-27MAR20,1582973941708,open,0.05,3065.0,0.0225,0.0855,0.051565,96.0,0.052,0.0,ETH-27MAR20-260-C,222.82,92.4,0.048,192.0,0.0555,273.0,99.94,0.2246,-0.40115,0.04802,0.00623,0.34043
9009.12,BTC-26JUN20,1582973941710,open,0.28,126.5,0.239,0.301,0.26769201,63.23,0.285,0.0,BTC-26JUN20-7000-C,8638.09,34.99,0.2315,1.1,0.0,0.0,0.0,13.84497,-3.71358,15.80944,8e-05,0.81107
224.33,SYN.ETH-13MAR20,1582973941714,open,0.05,50.0,0.0165,0.0785,0.045181,96.95,0.05,0.0,ETH-13MAR20-240-C,222.82,89.65,0.04,263.0,0.051,263.0,104.91,0.16163,-0.60852,0.02727,0.00939,0.38981
9009.12,BTC-26JUN20,1582973941715,open,0.46,14.3,0.437,0.4715,0.45260214,67.44,0.518,0.0,BTC-26JUN20-5000-C,8638.09,0.0,0.445,0.1,0.0,0.0,0.0,4.5895,-1.31285,14.70455,3e-05,0.95801
9259.79,SYN.BTC-25SEP20,1582973941717,open,0.32,5.2,0.283,0.355,0.31590354,63.72,0.392,0.0,BTC-25SEP20-7000-C,8638.09,50.0,0.2875,0.1,0.5015,100.0,146.42,19.94349,-3.04219,25.34982,6e-05,0.79429
8642.58,SYN.BTC-1MAR20,1582973941836,open,0.0,16.6,0.0005,0.029,0.00909943,51.66,0.01,0.0,BTC-1MAR20-8625-P,8638.09,40.86,0.007,36.9,0.01,18.9,56.29,1.68151,-43.4326,-0.09787,0.00182,-0.4629
8642.58,SYN.BTC-1MAR20,1582973941839,open,0.01,11.3,0.0015,0.0395,0.01761695,52.0,0.015,0.0,BTC-1MAR20-8750-P,8638.09,36.25,0.015,34.0,0.0185,34.0,57.0,1.5106,-39.27253,-0.14499,0.00162,-0.68163
8664.86,SYN.BTC-6MAR20,1582973941841,open,0.03,155.8,0.0085,0.049,0.02100507,50.37,0.022,0.0,BTC-6MAR20-8750-C,8638.09,48.37,0.02,40.8,0.023,24.2,54.34,4.35386,-18.66355,0.60095,0.00072,0.45184
8664.86,SYN.BTC-6MAR20,1582973941843,open,0.02,372.0,0.015,0.0615,0.03081052,50.33,0.029,0.0,BTC-6MAR20-8750-P,8638.09,45.73,0.0285,38.5,0.0305,4.0,49.72,4.35378,-18.64855,-0.80766,0.00072,-0.54822
8664.86,SYN.BTC-6MAR20,1582973941844,open,0.01,525.3,0.0005,0.0175,0.00404631,58.63,0.0055,0.0,BTC-6MAR20-9500-C,8638.09,56.34,0.0035,54.9,0.005,54.9,62.33,2.1353,-10.65308,0.15491,0.0003,0.11511
8696.06,SYN.BTC-13MAR20,1582973941847,open,0.05,42.9,0.021,0.0675,0.03674741,52.94,0.0435,0.0,BTC-13MAR20-8750-C,8638.09,51.94,0.036,18.0,0.038,39.2,54.61,6.51535,-13.39367,1.40581,0.00046,0.49502
8757.86,BTC-27MAR20,1582973941855,open,0.22,583.9,0.1875,0.2285,0.20686583,61.4,0.22,0.0,BTC-27MAR20-7000-C,8638.09,0.0,0.2005,0.1,0.25,0.1,129.34,3.42025,-3.90706,4.62031,0.0001,0.92335
9259.79,SYN.BTC-25SEP20,1582973941859,open,0.02,112.5,0.0085,0.056,0.02408085,80.58,0.028,0.0,BTC-25SEP20-24000-C,8638.09,79.78,0.023,10.0,0.0255,26.0,81.6,12.6737,-2.44466,4.2496,3e-05,0.10428
8642.58,SYN.BTC-1MAR20,1582973941869,open,0.01,11.3,0.0015,0.0395,0.01761695,52.0,0.015,0.0,BTC-1MAR20-8750-P,8638.09,36.25,0.015,34.0,0.0185,18.0,57.0,1.5106,-39.27253,-0.14499,0.00162,-0.68163
8664.86,SYN.BTC-6MAR20,1582973941871,open,0.0,346.2,0.0005,0.02,0.00492711,57.74,0.005,0.0,BTC-6MAR20-8000-P,8638.09,54.15,0.004,59.0,0.0055,35.0,59.83,2.32574,-11.42775,-0.18821,0.00033,-0.13001
8664.86,SYN.BTC-6MAR20,1582973941874,open,0.03,155.8,0.0085,0.049,0.02100507,50.37,0.022,0.0,BTC-6MAR20-8750-C,8638.09,48.37,0.02,22.0,0.023,24.2,54.34,4.35386,-18.66355,0.60095,0.00072,0.45184
8664.86,SYN.BTC-6MAR20,1582973941876,open,0.01,274.0,0.0005,0.0255,0.00671359,54.84,0.007,0.0,BTC-6MAR20-9250-C,8638.09,52.68,0.006,24.0,0.0075,24.0,57.14,2.91371,-13.59732,0.24575,0.00044,0.18289
8757.8,BTC-27MAR20,1582973941877,open,0.04,1244.3,0.0285,0.078,0.04600712,55.91,0.041,0.0,BTC-27MAR20-8500-P,8638.09,53.5,0.0435,19.3,0.046,4.0,55.9,9.13437,-9.50108,-2.82776,0.00029,-0.3925
9259.79,SYN.BTC-25SEP20,1582973941879,open,0.08,498.0,0.046,0.126,0.07906744,69.9,0.0845,0.0,BTC-25SEP20-14000-C,8638.09,69.11,0.077,4.0,0.0815,4.0,70.82,24.44458,-4.09012,11.83689,7e-05,0.30245
232.62,ETH-26JUN20,1582973941899,open,0.88,0.0,0.8595,1.0235,0.937434,97.39,None,0.0,ETH-26JUN20-440-P,222.8,0.0,0.01,50.0,0.0,0.0,0.0,0.35968,-0.14859,-1.31212,0.00211,-0.80918
225.78,ETH-27MAR20,1582973941899,open,1.75,0.0,1.7535,1.923,1.834977,133.68,None,0.0,ETH-27MAR20-640-P,222.8,0.0,0.01,50.0,0.0,0.0,0.0,0.00654,-0.01627,-0.47071,0.00013,-0.99644
232.62,ETH-26JUN20,1582973941900,open,1.85,0.0,1.8435,2.048,1.939344,107.56,None,0.0,ETH-26JUN20-680-P,222.8,0.0,0.0,0.0,0.0,0.0,0.0,0.18453,-0.08419,-2.15283,0.00098,-0.92636
232.62,ETH-26JUN20,1582973941900,open,1.53,0.0,1.513,1.704,1.60241,105.92,None,0.0,ETH-26JUN20-600-P,222.8,0.0,0.01,50.0,0.0,0.0,0.0,0.2345,-0.10536,-1.8788,0.00127,-0.89852
225.76,ETH-27MAR20,1582973941900,open,0.39,1712.0,0.384,0.492,0.435422,105.02,0.271,0.0,ETH-27MAR20-320-P,222.8,0.0,0.15,3.0,0.4635,1.0,143.14,0.13616,-0.26603,-0.21539,0.00345,-0.86029
225.76,ETH-27MAR20,1582973941900,open,0.72,5.0,0.722,0.8415,0.777989,117.86,0.42,0.0,ETH-27MAR20-400-P,222.8,0.0,0.0,0.0,0.9715,1.0,349.73,0.06489,-0.14229,-0.28696,0.00147,-0.9483
232.62,ETH-26JUN20,1582973941900,open,0.58,1.0,0.549,0.7005,0.622133,93.34,1.827,0.0,ETH-26JUN20-360-P,222.8,0.0,0.015,2.0,1.3,1.0,450.24,0.45133,-0.1787,-1.00195,0.00277,-0.7116
225.76,ETH-27MAR20,1582973941900,open,1.23,0.0,1.237,1.38,1.305285,133.38,None,0.0,ETH-27MAR20-520-P,222.8,0.0,0.006,50.0,0.0,0.0,0.0,0.0256,-0.06351,-0.38042,0.00051,-0.98318
232.6,ETH-26JUN20,1582973941901,open,0.15,358.0,0.1135,0.219,0.164836,87.37,0.1655,0.0,ETH-26JUN20-220-P,222.8,78.99,0.147,575.0,0.1635,255.0,86.74,0.49417,-0.18314,-0.39369,0.00324,-0.35927
232.6,ETH-26JUN20,1582973941902,open,2.02,1.0,2.01,2.222,2.10942,108.82,1.99,0.0,ETH-26JUN20-720-P,222.8,0.0,0.0,0.0,2.7605,1.0,449.06,0.1666,-0.0769,-2.28727,0.00088,-0.9355
232.6,ETH-26JUN20,1582973941902,open,1.2,0.0,1.183,1.358,1.26525,100.34,None,0.0,ETH-26JUN20-520-P,222.8,0.0,0.01,50.0,0.0,0.0,0.0,0.27981,-0.11909,-1.60385,0.0016,-0.86987
225.76,ETH-27MAR20,1582973941902,open,1.06,0.0,1.0655,1.2,1.129247,130.88,None,0.0,ETH-27MAR20-480-P,222.8,0.0,0.004,50.0,0.0,0.0,0.0,0.03677,-0.08953,-0.34966,0.00075,-0.97419
232.6,ETH-26JUN20,1582973941901,open,1.69,0.0,1.678,1.874,1.769775,105.7,None,0.0,ETH-26JUN20-640-P,222.8,0.0,0.01,50.0,0.0,0.0,0.0,0.20218,-0.09065,-2.01818,0.00109,-0.91693
225.76,ETH-27MAR20,1582973941902,open,0.89,0.0,0.8935,1.0215,0.953959,127.89,None,0.0,ETH-27MAR20-440-P,222.8,0.0,0.003,50.0,1.101,1.0,326.06,0.05291,-0.1259,-0.31814,0.0011,-0.95988
225.76,ETH-27MAR20,1582973941903,open,0.56,7.0,0.552,0.6655,0.605384,113.16,1.702,0.0,ETH-27MAR20-360-P,222.8,0.0,0.01,30.0,0.627,1.0,150.97,0.09612,-0.20235,-0.25258,0.00226,-0.91406
232.6,ETH-26JUN20,1582973941902,open,0.11,925.0,0.0765,0.1685,0.120425,87.37,0.098,0.0,ETH-26JUN20-200-P,222.8,79.43,0.105,590.0,0.118,320.0,86.12,0.45272,-0.16778,-0.30856,0.00297,-0.29034
232.6,ETH-26JUN20,1582973941903,open,0.73,0.0,0.702,0.86,0.77771,95.49,None,0.0,ETH-26JUN20-400-P,222.8,0.0,0.01,50.0,0.0,0.0,0.0,0.40464,-0.16389,-1.16007,0.00243,-0.76663
225.76,ETH-27MAR20,1582973941903,open,1.57,0.0,1.581,1.7405,1.658076,127.42,None,0.0,ETH-27MAR20-600-P,222.8,0.0,0.03,50.0,0.0,0.0,0.0,0.00722,-0.01712,-0.4412,0.00015,-0.99602
232.6,ETH-26JUN20,1582973941903,open,1.04,0.0,1.02,1.1885,1.099318,98.22,None,0.0,ETH-26JUN20-480-P,222.8,0.0,0.01,50.0,0.0,0.0,0.0,0.3138,-0.13073,-1.46118,0.00183,-0.84587
222.92,SYN.ETH-1MAR20,1582973941899,open,0.02,49.0,0.0005,0.0295,0.006599,91.97,0.0115,0.0,ETH-1MAR20-230-C,222.8,88.09,0.006,375.0,0.012,372.0,124.48,0.03476,-1.4711,0.00131,0.0317,0.25084
225.76,ETH-27MAR20,1582973941904,open,1.4,0.0,1.409,1.5595,1.481469,131.43,None,0.0,ETH-27MAR20-560-P,222.8,0.0,0.02,50.0,0.0,0.0,0.0,0.01477,-0.03612,-0.41102,0.0003,-0.99108
239.45,SYN.ETH-25SEP20,1582973941900,open,2.28,0.0,2.255,2.5045,2.372163,100.2,None,0.0,ETH-25SEP20-800-P,222.8,0.0,0.0,0.0,0.0,0.0,0.0,0.34654,-0.08312,-4.4664,0.00105,-0.88731
239.45,SYN.ETH-25SEP20,1582973941900,open,1.65,0.0,1.616,1.835,1.719195,96.22,None,0.0,ETH-25SEP20-640-P,222.8,0.0,0.0,0.0,0.0,0.0,0.0,0.44413,-0.1023,-3.50422,0.00141,-0.8381
239.45,SYN.ETH-25SEP20,1582973941900,open,0.88,0.0,0.8425,1.0295,0.932573,91.73,None,0.0,ETH-25SEP20-440-P,222.8,0.0,0.0,0.0,0.0,0.0,0.0,0.62801,-0.1379,-2.23966,0.00209,-0.70188
239.45,SYN.ETH-25SEP20,1582973941900,open,1.8,0.0,1.7755,2.0025,1.882144,97.67,None,0.0,ETH-25SEP20-680-P,222.8,0.0,0.0,0.0,0.0,0.0,0.0,0.41937,-0.09805,-3.74597,0.00131,-0.85158
227.89,SYN.ETH-24APR20,1582973941900,open,0.72,0.0,0.7115,0.8445,0.774125,103.18,None,0.0,ETH-24APR20-400-P,222.8,0.0,0.0,0.0,0.0,0.0,0.0,0.17033,-0.16014,-0.56884,0.00211,-0.88612
232.6,ETH-26JUN20,1582973941907,open,1.36,0.0,1.3475,1.5285,1.432296,102.06,None,0.0,ETH-26JUN20-560-P,222.8,0.0,0.01,50.0,0.0,0.0,0.0,0.24906,-0.10782,-1.74421,0.0014,-0.88968
223.47,SYN.ETH-6MAR20,1582973941899,open,0.61,0.0,0.6075,0.7065,0.655109,0.0,None,0.0,ETH-6MAR20-370-P,222.8,0.0,0.0,0.0,0.0,0.0,0.0,0.0,0.0,-0.05956,0.0,-1.0
227.89,SYN.ETH-24APR20,1582973941899,open,0.22,29.0,0.1545,0.236,0.196067,86.95,0.235,0.0,ETH-24APR20-200-C,222.8,80.83,0.188,150.0,0.218,150.0,103.34,0.30206,-0.2393,0.17637,0.00445,0.71083
227.89,SYN.ETH-24APR20,1582973941899,open,0.56,0.0,0.5465,0.6745,0.607344,99.45,None,0.0,ETH-24APR20-360-P,222.8,0.0,0.0,0.0,0.0,0.0,0.0,0.21531,-0.1951,-0.49577,0.00277,-0.83964
224.24,SYN.ETH-13MAR20,1582973941900,open,0.35,0.0,0.343,0.4375,0.387583,106.28,None,0.0,ETH-13MAR20-310-P,222.8,0.0,0.0,0.0,0.0,0.0,0.0,0.05272,-0.21756,-0.10471,0.0028,-0.93607
223.47,SYN.ETH-6MAR20,1582973941900,open,0.56,0.0,0.564,0.66,0.610387,0.0,None,0.0,ETH-6MAR20-360-P,222.8,0.0,0.0,0.0,0.0,0.0,0.0,0.0,0.0,-0.05795,0.0,-1.0
224.24,SYN.ETH-13MAR20,1582973941900,open,0.3,0.0,0.3005,0.3935,0.344195,102.61,None,0.0,ETH-13MAR20-300-P,222.8,0.0,0.0,0.0,0.0,0.0,0.0,0.06184,-0.24639,-0.10011,0.0034,-0.92131
224.24,SYN.ETH-13MAR20,1582973941899,open,0.43,0.0,0.429,0.5255,0.474301,108.04,None,0.0,ETH-13MAR20-330-P,222.8,0.0,0.0,0.0,0.0,0.0,0.0,0.0331,-0.13886,-0.1138,0.00173,-0.96427
223.47,SYN.ETH-6MAR20,1582973941900,open,0.48,0.0,0.477,0.568,0.520985,0.0,None,0.0,ETH-6MAR20-340-P,222.8,0.0,0.0,0.0,0.0,0.0,0.0,0.0,0.0,-0.05473,0.0,-1.0
239.45,SYN.ETH-25SEP20,1582973941902,open,2.6,0.0,2.577,2.8435,2.7021,102.45,None,0.0,ETH-25SEP20-880-P,222.8,0.0,0.0,0.0,0.0,0.0,0.0,0.31372,-0.07694,-4.93835,0.00093,-0.90179
227.89,SYN.ETH-24APR20,1582973941899,open,0.88,0.0,0.8785,1.0175,0.943794,106.01,None,0.0,ETH-24APR20-440-P,222.8,0.0,0.0,0.0,0.0,0.0,0.0,0.13322,-0.12867,-0.63806,0.00161,-0.9185
224.24,SYN.ETH-13MAR20,1582973941900,open,0.39,0.0,0.386,0.482,0.431084,108.96,None,0.0,ETH-13MAR20-320-P,222.8,0.0,0.0,0.0,0.0,0.0,0.0,0.04412,-0.18668,-0.10917,0.00228,-0.94901
239.45,SYN.ETH-25SEP20,1582973941902,open,2.12,0.0,2.095,2.3375,2.208645,99.64,None,0.0,ETH-25SEP20-760-P,222.8,0.0,0.0,0.0,0.0,0.0,0.0,0.37069,-0.08841,-4.2269,0.00113,-0.87605
239.45,SYN.ETH-25SEP20,1582973941904,open,0.74,0.0,0.695,0.8745,0.782023,90.22,None,0.0,ETH-25SEP20-400-P,222.8,0.0,0.0,0.0,0.0,0.0,0.0,0.66422,-0.14345,-1.97504,0.00224,-0.65932
239.45,SYN.ETH-25SEP20,1582973941904,open,1.49,0.0,1.4585,1.6725,1.559688,96.03,None,0.0,ETH-25SEP20-600-P,222.8,0.0,0.0,0.0,0.0,0.0,0.0,0.48144,-0.11067,-3.25574,0.00153,-0.81627
224.24,SYN.ETH-13MAR20,1582973941899,open,0.12,1.0,0.0675,0.1405,0.104612,94.16,0.1005,0.0,ETH-13MAR20-210-C,222.8,30.53,0.067,1.0,0.0,0.0,0.0,0.15119,-0.55284,0.04528,0.00905,0.67706
223.47,SYN.ETH-6MAR20,1582973941900,open,0.35,0.0,0.347,0.432,0.387332,93.15,None,0.0,ETH-6MAR20-310-P,222.8,0.0,0.0,0.0,0.0,0.0,0.0,0.00287,-0.02278,-0.04979,0.00038,-0.99664
239.45,SYN.ETH-25SEP20,1582973941900,open,1.18,0.0,1.1465,1.3475,1.242138,94.08,None,0.0,ETH-25SEP20-520-P,222.8,0.0,0.0,0.0,0.0,0.0,0.0,0.5521,-0.12434,-2.75507,0.00179,-0.76845
239.45,SYN.ETH-25SEP20,1582973941900,open,1.34,0.0,1.3015,1.5085,1.399634,94.86,None,0.0,ETH-25SEP20-560-P,222.8,0.0,0.0,0.0,0.0,0.0,0.0,0.51414,-0.11675,-3.00775,0.00165,-0.79535
239.45,SYN.ETH-25SEP20,1582973941900,open,1.96,0.0,1.9345,2.169,2.044655,98.41,None,0.0,ETH-25SEP20-720-P,222.8,0.0,0.0,0.0,0.0,0.0,0.0,0.39173,-0.09228,-3.98811,0.00121,-0.86578
224.24,SYN.ETH-13MAR20,1582973941900,open,0.19,0.0,0.137,0.2055,0.171727,102.42,None,0.0,ETH-13MAR20-190-C,222.8,39.37,0.153,1.0,0.0,0.0,0.0,0.10623,-0.42249,0.05214,0.00585,0.83087
239.45,SYN.ETH-25SEP20,1582973941902,open,0.55,0.0,0.5025,0.562,0.531988,86.19,0.359,0.0,ETH-25SEP20-120-C,222.8,32.99,0.499,1.0,0.0,0.0,0.0,0.27673,-0.0571,0.52765,0.00098,0.91706
223.47,SYN.ETH-6MAR20,1582973941900,open,0.43,0.0,0.4335,0.522,0.476335,0.0,None,0.0,ETH-6MAR20-330-P,222.8,0.0,0.0,0.0,0.0,0.0,0.0,0.0,0.0,-0.05312,0.0,-1.0
239.45,SYN.ETH-25SEP20,1582973941903,open,2.44,0.0,2.416,2.6735,2.536661,101.11,None,0.0,ETH-25SEP20-840-P,222.8,0.0,0.0,0.0,0.0,0.0,0.0,0.32737,-0.07923,-4.70355,0.00099,-0.89588
8757.8,BTC-27MAR20,1582973941929,open,3.5,1.4,3.4775,3.66,3.56679422,0.0,3.0435,0.0,BTC-27MAR20-40000-P,8638.09,0.0,0.0005,1.0,0.0,0.0,0.0,0.0,0.0,-29.45282,0.0,-1.0
239.45,SYN.ETH-25SEP20,1582973941903,open,0.6,0.0,0.554,0.725,0.63746,89.06,None,0.0,ETH-25SEP20-360-P,222.8,0.0,0.502,1.0,1.1,1.0,256.05,0.69709,-0.14862,-1.70358,0.00239,-0.60578
223.47,SYN.ETH-6MAR20,1582973941900,open,0.52,0.0,0.5205,0.614,0.565675,0.0,None,0.0,ETH-6MAR20-350-P,222.8,0.0,0.0,0.0,0.0,0.0,0.0,0.0,0.0,-0.05634,0.0,-1.0
227.89,SYN.ETH-24APR20,1582973941899,open,0.41,0.0,0.3875,0.5095,0.446301,95.36,None,0.0,ETH-24APR20-320-P,222.8,0.0,0.0,0.0,0.0,0.0,0.0,0.26944,-0.23412,-0.41614,0.00362,-0.76826
223.47,SYN.ETH-6MAR20,1582973941902,open,0.39,0.0,0.3905,0.4765,0.431763,0.0,None,0.0,ETH-6MAR20-320-P,222.8,0.0,0.0,0.0,0.0,0.0,0.0,0.0,0.0,-0.05151,0.0,-1.0
239.45,SYN.ETH-25SEP20,1582973941903,open,1.03,0.0,0.9935,1.188,1.086557,93.16,None,0.0,ETH-25SEP20-480-P,222.8,0.0,0.0,0.0,0.0,0.0,0.0,0.59089,-0.13177,-2.49894,0.00193,-0.73712
8664.86,SYN.BTC-6MAR20,1582973941958,open,0.02,372.0,0.015,0.0615,0.03081052,50.33,0.029,0.0,BTC-6MAR20-8750-P,8638.09,46.73,0.029,18.0,0.0305,4.0,49.72,4.35378,-18.64855,-0.80766,0.00072,-0.54822
225.76,ETH-27MAR20,1582973941963,open,0.25,2566.0,0.1925,0.2595,0.226565,94.94,0.3205,0.0,ETH-27MAR20-180-C,222.8,0.0,0.2025,1.0,0.555,3.0,495.73,0.14703,-0.25969,0.10252,0.00413,0.84329
224.24,SYN.ETH-13MAR20,1582973941967,open,0.19,0.0,0.1365,0.2055,0.171727,102.42,None,0.0,ETH-13MAR20-190-C,222.8,0.0,0.1525,1.0,0.0,0.0,0.0,0.10623,-0.42249,0.05214,0.00585,0.83087
239.45,SYN.ETH-25SEP20,1582973941971,open,0.55,0.0,0.5025,0.562,0.531988,86.19,0.359,0.0,ETH-25SEP20-120-C,222.8,0.0,0.4985,1.0,0.0,0.0,0.0,0.27673,-0.0571,0.52765,0.00098,0.91706
8757.8,BTC-27MAR20,1582973941973,open,0.02,1708.1,0.0125,0.051,0.02459395,55.95,0.0215,0.0,BTC-27MAR20-8000-P,8638.09,54.1,0.023,19.3,0.0255,27.7,57.0,7.56444,-7.87417,-1.77583,0.00024,-0.25079
224.24,SYN.ETH-13MAR20,1582973941974,open,0.12,1.0,0.0675,0.1405,0.104612,94.16,0.1005,0.0,ETH-13MAR20-210-C,222.8,29.16,0.0665,1.0,0.0,0.0,0.0,0.15119,-0.55284,0.04528,0.00905,0.67706
223.47,SYN.ETH-6MAR20,1582973941976,open,0.01,713.0,0.0005,0.028,0.008479,112.9,0.007,0.0,ETH-6MAR20-190-P,222.8,104.4,0.0065,700.0,0.01,300.0,118.91,0.05477,-0.52623,-0.00441,0.00603,-0.11424
8757.8,BTC-27MAR20,1582973941977,open,0.01,1609.3,0.0005,0.0175,0.00607484,61.21,0.0055,0.0,BTC-27MAR20-7000-P,8638.09,59.7,0.0055,61.0,0.007,54.0,63.52,3.40144,-3.87361,-0.52989,0.0001,-0.0761
8696.06,SYN.BTC-13MAR20,1582973941979,open,0.02,37.2,0.007,0.043,0.01851804,55.77,0.02,0.0,BTC-13MAR20-9250-C,8638.09,54.19,0.0175,4.0,0.02,46.4,58.04,5.64032,-12.21468,0.84986,0.00038,0.29556
225.76,ETH-27MAR20,1582973941984,open,0.49,188.0,0.4525,0.4905,0.471026,121.89,0.5445,0.0,ETH-27MAR20-120-C,222.8,0.0,0.468,1.0,0.0,0.0,0.0,0.02832,-0.06421,0.08478,0.00062,0.98106
239.45,SYN.ETH-25SEP20,1582973941985,open,0.61,4.0,0.579,0.625,0.601289,88.67,0.625,0.0,ETH-25SEP20-100-C,222.8,0.0,0.582,1.0,0.6635,3.0,147.07,0.1892,-0.04016,0.47674,0.00065,0.9492
239.45,SYN.ETH-25SEP20,1582973941986,open,0.76,5.0,0.7435,0.7665,0.754008,99.36,0.769,0.0,ETH-25SEP20-60-C,222.8,0.0,0.749,1.0,0.7905,3.0,170.82,0.06187,-0.01471,0.31885,0.00019,0.98669
222.92,SYN.ETH-1MAR20,1582973941988,open,0.01,210.0,0.0005,0.044,0.014264,103.72,0.01,0.0,ETH-1MAR20-220-P,222.8,94.29,0.0125,120.0,0.015,50.0,107.64,0.04183,-2.1694,-0.00215,0.03383,-0.38796
239.45,SYN.ETH-25SEP20,1582973941997,open,0.6,0.0,0.554,0.7245,0.63746,89.06,None,0.0,ETH-25SEP20-360-P,222.8,17.74,0.5035,1.0,1.1,1.0,256.05,0.69709,-0.14862,-1.70358,0.00239,-0.60578
227.89,SYN.ETH-24APR20,1582973942276,open,0.13,301.0,0.0755,0.1605,0.117923,90.48,0.117,0.0,ETH-24APR20-240-C,222.8,87.95,0.114,2.0,0.123,259.0,93.77,0.35238,-0.29052,0.13472,0.00499,0.51112
227.89,SYN.ETH-24APR20,1582973942278,open,0.04,5.0,0.019,0.0725,0.04234,86.81,0.034,0.0,ETH-24APR20-180-P,222.8,81.7,0.037,291.0,0.0465,291.0,90.7,0.24162,-0.19112,-0.08042,0.00356,-0.19238
224.24,SYN.ETH-13MAR20,1582973942281,open,0.02,750.0,0.0075,0.0555,0.027088,96.01,0.023,0.0,ETH-13MAR20-200-P,222.8,86.09,0.0215,292.0,0.032,292.0,104.4,0.12922,-0.48179,-0.02068,0.00759,-0.23434
222.92,SYN.ETH-1MAR20,1582973942332,open,0.01,252.0,0.0005,0.0545,0.022753,90.11,0.014,0.0,ETH-1MAR20-225-P,222.8,88.79,0.0225,362.0,0.0305,362.0,130.2,0.04279,-1.9279,-0.0032,0.03983,-0.57483
223.47,SYN.ETH-6MAR20,1582973942336,open,0.02,373.0,0.0045,0.0545,0.024619,99.85,0.019,0.0,ETH-6MAR20-210-P,222.8,93.77,0.022,529.0,0.0275,389.0,106.44,0.09702,-0.82432,-0.01131,0.01209,-0.28977
8696.06,SYN.BTC-13MAR20,1582973942338,open,0.02,72.3,0.015,0.0595,0.02904176,53.06,0.0265,0.0,BTC-13MAR20-8500-P,8638.09,50.92,0.0275,28.0,0.03,22.1,54.39,6.26772,-12.91397,-1.28623,0.00044,-0.39025
8696.06,SYN.BTC-13MAR20,1582973942339,open,0.01,43.0,0.0005,0.018,0.00509253,63.89,0.0065,0.0,BTC-13MAR20-10250-C,8638.09,61.96,0.0045,30.0,0.006,30.0,66.63,2.7619,-6.85182,0.27599,0.00016,0.09506
9259.79,SYN.BTC-25SEP20,1582973942340,open,0.06,387.9,0.03,0.1015,0.05792385,72.05,0.0625,0.0,BTC-25SEP20-16000-C,8638.09,71.21,0.056,10.0,0.0605,5.0,73.16,21.39477,-3.68999,9.24671,6e-05,0.23242
8696.06,SYN.BTC-13MAR20,1582973942342,open,0.02,72.3,0.015,0.0595,0.02904176,53.06,0.0265,0.0,BTC-13MAR20-8500-P,8638.09,50.92,0.0275,28.0,0.0305,4.0,55.08,6.26772,-12.91397,-1.28623,0.00044,-0.39025
223.47,SYN.ETH-6MAR20,1582973942349,open,0.07,925.0,0.0575,0.1395,0.09758,100.16,0.0645,0.0,ETH-6MAR20-240-P,222.8,90.88,0.0935,180.0,0.102,360.0,109.91,0.09992,-0.85159,-0.02836,0.01241,-0.69078
8696.06,SYN.BTC-13MAR20,1582973942355,open,0.02,72.3,0.015,0.0595,0.02904176,53.06,0.0265,0.0,BTC-13MAR20-8500-P,8638.09,50.92,0.0275,28.0,0.0295,22.1,53.69,6.26772,-12.91397,-1.28623,0.00044,-0.39025
8696.06,SYN.BTC-13MAR20,1582973942365,open,0.02,72.3,0.015,0.0595,0.02904176,53.06,0.0265,0.0,BTC-13MAR20-8500-P,8638.09,50.92,0.0275,28.0,0.03,22.1,54.39,6.26772,-12.91397,-1.28623,0.00044,-0.39025
8696.06,SYN.BTC-13MAR20,1582973942377,open,0.02,72.3,0.015,0.0595,0.02904176,53.06,0.0265,0.0,BTC-13MAR20-8500-P,8638.09,50.92,0.0275,28.0,0.0295,22.1,53.69,6.26772,-12.91397,-1.28623,0.00044,-0.39025
8642.58,SYN.BTC-1MAR20,1582973942387,open,0.01,11.3,0.0015,0.0395,0.01761695,52.0,0.015,0.0,BTC-1MAR20-8750-P,8638.09,39.43,0.0155,18.0,0.0185,18.0,57.0,1.5106,-39.27253,-0.14499,0.00162,-0.68163
8696.06,SYN.BTC-13MAR20,1582973942388,open,0.02,72.3,0.015,0.0595,0.02904176,53.06,0.0265,0.0,BTC-13MAR20-8500-P,8638.09,50.92,0.0275,28.0,0.03,22.1,54.39,6.26772,-12.91397,-1.28623,0.00044,-0.39025
9008.56,BTC-26JUN20,1582973942402,open,0.01,404.2,0.001,0.0315,0.01088272,87.39,0.0125,0.0,BTC-26JUN20-22000-C,8638.09,85.29,0.0095,39.0,0.012,24.0,88.99,6.14894,-2.27945,1.44747,3e-05,0.06064
8642.58,SYN.BTC-1MAR20,1582973942475,open,0.02,5.9,0.0085,0.052,0.02907095,53.66,0.039,0.0,BTC-1MAR20-8875-P,8638.09,26.85,0.027,6.0,0.03,6.0,61.01,1.02796,-27.58151,-0.1803,0.00107,-0.84048
9008.56,BTC-26JUN20,1582973942495,open,0.13,752.4,0.1055,0.187,0.14204551,63.23,0.1345,0.0,BTC-26JUN20-9000-P,8638.09,62.32,0.14,4.0,0.144,4.0,64.11,20.08692,-5.38762,-16.5746,0.00012,-0.42767
8642.58,SYN.BTC-1MAR20,1582973942511,open,0.01,87.2,0.0005,0.022,0.00519805,52.05,0.0075,0.0,BTC-1MAR20-8750-C,8638.09,48.02,0.0045,24.0,0.0065,15.1,59.39,1.51099,-39.32573,0.06498,0.00162,0.31856
8696.06,SYN.BTC-13MAR20,1582973942588,open,0.02,72.3,0.015,0.0595,0.02904176,53.06,0.0265,0.0,BTC-13MAR20-8500-P,8638.09,50.92,0.0275,28.0,0.0295,22.1,53.69,6.26772,-12.91397,-1.28623,0.00044,-0.39025
8642.58,SYN.BTC-1MAR20,1582973942594,open,0.01,11.3,0.0015,0.0395,0.01761695,52.0,0.015,0.0,BTC-1MAR20-8750-P,8638.09,39.43,0.0155,18.0,0.0185,34.0,57.0,1.5106,-39.27253,-0.14499,0.00162,-0.68163
223.47,SYN.ETH-6MAR20,1582973942619,open,0.05,960.0,0.0305,0.107,0.067368,100.24,0.059,0.0,ETH-6MAR20-230-P,222.8,92.48,0.0635,180.0,0.0705,248.0,106.5,0.11162,-0.95212,-0.02274,0.01385,-0.5647
223.47,SYN.ETH-6MAR20,1582973942626,open,0.07,925.0,0.0575,0.1395,0.09758,100.16,0.0645,0.0,ETH-6MAR20-240-P,222.8,92.04,0.094,180.0,0.102,360.0,109.91,0.09992,-0.85159,-0.02836,0.01241,-0.69078
8642.58,SYN.BTC-1MAR20,1582973942643,open,0.01,11.3,0.0015,0.0395,0.01761695,52.0,0.015,0.0,BTC-1MAR20-8750-P,8638.09,39.43,0.0155,18.0,0.0185,16.0,57.0,1.5106,-39.27253,-0.14499,0.00162,-0.68163
225.76,ETH-27MAR20,1582973942644,open,0.18,3218.0,0.123,0.197,0.160838,91.3,0.147,0.0,ETH-27MAR20-200-C,222.8,28.73,0.116,1.0,0.176,200.0,107.92,0.20254,-0.34403,0.09462,0.00591,0.73003
8642.58,SYN.BTC-1MAR20,1582973942650,open,0.01,56.0,0.0005,0.0155,0.00218892,53.75,0.003,0.0,BTC-1MAR20-8875-C,8638.09,52.14,0.002,24.0,0.0025,10.0,56.3,1.02961,-18.91795,0.0327,0.00107,0.15991
225.76,ETH-27MAR20,1582973942652,open,0.11,2148.0,0.095,0.1855,0.139096,93.9,0.12,0.0,ETH-27MAR20-240-P,222.8,89.63,0.1345,144.0,0.1425,206.0,97.07,0.24285,-0.42425,-0.11369,0.00689,-0.54484
8757.8,BTC-27MAR20,1582973942652,open,0.08,178.8,0.055,0.108,0.0755524,56.01,0.074,0.0,BTC-27MAR20-8500-C,8638.09,52.6,0.072,14.4,0.075,4.0,55.48,9.13493,-9.51937,3.42971,0.00029,0.60741
225.76,ETH-27MAR20,1582973942653,open,0.18,3218.0,0.123,0.197,0.160838,91.3,0.147,0.0,ETH-27MAR20-200-C,222.8,83.6,0.154,200.0,0.176,200.0,107.92,0.20254,-0.34403,0.09462,0.00591,0.73003
225.76,ETH-27MAR20,1582973942656,open,0.13,2411.0,0.0715,0.147,0.109708,90.45,0.1245,0.0,ETH-27MAR20-220-C,222.8,87.88,0.107,144.0,0.116,436.0,96.41,0.23812,-0.40068,0.07987,0.00702,0.59018
8835.58,SYN.BTC-24APR20,1582973942656,open,0.05,43.1,0.0275,0.08,0.04979945,62.4,0.054,0.0,BTC-24APR20-10000-C,8638.09,61.49,0.0485,4.0,0.0515,19.3,63.58,12.66299,-7.19917,3.9612,0.00017,0.348
8757.8,BTC-27MAR20,1582973942658,open,0.01,1609.3,0.0005,0.0175,0.00607484,61.21,0.0055,0.0,BTC-27MAR20-7000-P,8638.09,59.7,0.0055,61.0,0.0065,24.0,62.29,3.40144,-3.87361,-0.52989,0.0001,-0.0761
8642.58,SYN.BTC-1MAR20,1582973942663,open,0.0,27.5,0.0005,0.0205,0.00418139,53.76,0.0025,0.0,BTC-1MAR20-8500-P,8638.09,49.39,0.0035,24.0,0.005,54.0,58.83,1.37172,-36.13803,-0.05467,0.00142,-0.25949
8642.58,SYN.BTC-1MAR20,1582973942666,open,0.0,27.5,0.0005,0.0205,0.00418139,53.76,0.0025,0.0,BTC-1MAR20-8500-P,8638.09,49.39,0.0035,24.0,0.005,30.0,58.83,1.37172,-36.13803,-0.05467,0.00142,-0.25949
8696.06,SYN.BTC-13MAR20,1582973942677,open,0.02,72.3,0.015,0.0595,0.02904176,53.06,0.0265,0.0,BTC-13MAR20-8500-P,8638.09,50.92,0.0275,28.0,0.03,22.1,54.39,6.26772,-12.91397,-1.28623,0.00044,-0.39025
8642.58,SYN.BTC-1MAR20,1582973942688,open,0.0,11.1,0.0005,0.0105,0.00036986,67.04,0.003,0.0,BTC-1MAR20-8125-P,8638.09,0.0,0.0,0.0,0.001,1.4,81.18,0.27925,-3.19653,-0.00607,0.00023,-0.0289
8642.58,SYN.BTC-1MAR20,1582973942691,open,0.0,16.6,0.0005,0.029,0.00909943,51.66,0.01,0.0,BTC-1MAR20-8625-P,8638.09,43.43,0.0075,18.0,0.01,18.9,56.29,1.68151,-43.4326,-0.09787,0.00182,-0.4629
8757.8,BTC-27MAR20,1582973942692,open,0.01,59.7,0.0005,0.0215,0.00738096,70.01,0.0085,0.0,BTC-27MAR20-11500-C,8637.62,69.14,0.007,15.0,0.008,24.0,71.38,3.86864,-5.03878,0.5347,0.0001,0.0903
8757.8,BTC-27MAR20,1582973942692,open,0.2,0.0,0.183,0.2465,0.2124832,62.59,None,0.0,BTC-27MAR20-10500-P,8637.62,0.0,0.0,0.0,0.0,0.0,0.0,5.84633,-6.80783,-6.76938,0.00017,-0.83727
8757.8,BTC-27MAR20,1582973942693,open,0.02,305.4,0.004,0.0315,0.01369979,62.81,0.0165,0.0,BTC-27MAR20-10500-C,8637.62,61.76,0.013,23.3,0.0145,19.3,63.99,5.86966,-6.85913,0.96748,0.00017,0.16373
8757.8,BTC-27MAR20,1582973942693,open,0.01,1211.3,0.0005,0.026,0.00989556,66.45,0.01,0.0,BTC-27MAR20-11000-C,8637.62,65.72,0.0095,15.0,0.0105,24.0,67.55,4.75913,-5.88342,0.71123,0.00013,0.12019
8757.8,BTC-27MAR20,1582973942693,open,0.0,267.1,0.0005,0.0105,5.45e-06,120.81,0.0005,0.0,BTC-27MAR20-32000-C,8637.62,0.0,0.0,0.0,0.0005,2.3,166.17,0.00724,-0.01627,0.00045,0.0,8e-05
8757.8,BTC-27MAR20,1582973942693,open,0.0,2274.5,0.0005,0.011,0.00141531,97.76,0.002,0.0,BTC-27MAR20-16000-C,8637.62,93.52,0.001,39.0,0.002,49.1,102.48,0.962,-1.74962,0.09541,2e-05,0.01621
8757.8,BTC-27MAR20,1582973942693,open,0.0,527.6,0.0005,0.0105,6.243e-05,120.32,0.0005,0.0,BTC-27MAR20-26000-C,8637.62,0.0,0.0,0.0,0.0015,25.0,160.73,0.06242,-0.13972,0.00452,0.0,0.00076
8757.8,BTC-27MAR20,1582973942693,open,0.06,1727.3,0.031,0.08,0.04854524,55.99,0.0545,0.0,BTC-27MAR20-9000-C,8637.62,55.02,0.0475,4.0,0.05,20.7,57.34,9.42992,-9.82224,2.64518,0.0003,0.45874
8757.8,BTC-27MAR20,1582973942693,open,0.55,53.6,0.5335,0.553,0.54334618,97.98,0.5975,0.0,BTC-27MAR20-4000-C,8637.62,0.0,0.0,0.0,0.0,0.0,0.0,0.08244,-0.15027,2.93809,0.0,0.99897
9008.09,BTC-26JUN20,1582973942693,open,0.67,34.7,0.658,0.6775,0.66794119,83.99,0.708,0.0,BTC-26JUN20-3000-C,8637.62,0.0,0.0,0.0,0.0,0.0,0.0,0.80669,-0.2874,9.49983,0.0,0.99449
8757.8,BTC-27MAR20,1582973942693,open,0.01,2568.6,0.0005,0.018,0.00564352,73.41,0.007,0.0,BTC-27MAR20-12000-C,8637.62,71.57,0.005,51.0,0.0065,49.0,75.69,3.16352,-4.32035,0.41,8e-05,0.06922
9008.09,BTC-26JUN20,1582973942693,open,0.01,501.8,0.0005,0.0195,0.00760762,67.45,0.0085,0.0,BTC-26JUN20-5000-P,8637.62,65.19,0.0065,56.0,0.009,44.0,70.07,4.5934,-1.31422,-1.44446,3e-05,-0.04204
8757.8,BTC-27MAR20,1582973942693,open,0.0,1389.6,0.0005,0.0105,3.703e-05,91.65,0.0005,0.0,BTC-27MAR20-4000-P,8637.62,0.0,0.0,0.0,0.0005,34.9,117.88,0.04437,-0.07565,-0.00364,0.0,-0.00053
8757.8,BTC-27MAR20,1582973942693,open,0.02,1998.7,0.0075,0.041,0.02041206,60.09,0.02,0.0,BTC-27MAR20-10000-C,8637.62,59.59,0.02,3.1,0.0215,46.9,61.4,7.25283,-8.10819,1.36511,0.00021,0.23211
9008.09,BTC-26JUN20,1582973942693,open,0.01,2504.7,0.0005,0.0215,0.00570124,102.9,0.0055,0.0,BTC-26JUN20-32000-C,8637.62,102.38,0.0055,325.0,0.006,24.0,103.65,3.51848,-1.53569,0.71757,1e-05,0.03037
8757.8,BTC-27MAR20,1582973942693,open,0.0,707.3,0.0005,0.0105,0.00075224,91.18,0.001,0.0,BTC-27MAR20-5000-P,8637.62,86.56,0.0005,0.1,0.001,25.0,94.78,0.54614,-0.92641,-0.05929,1e-05,-0.00844
9008.09,BTC-26JUN20,1582973942693,open,0.99,1.0,0.9665,1.077,1.01585771,80.11,0.9,0.0,BTC-26JUN20-18000-P,8637.62,0.0,0.001,2.0,0.0,0.0,0.0,8.85221,-3.00791,-55.79311,4e-05,-0.902
9008.09,BTC-26JUN20,1582973942694,open,0.56,21.6,0.548,0.5715,0.55849373,72.77,0.612,0.0,BTC-26JUN20-4000-C,8637.62,0.0,0.0,0.0,0.0,0.0,0.0,1.93971,-0.59875,12.40737,1e-05,0.98499
8757.8,BTC-27MAR20,1582973942694,open,0.0,154.1,0.0005,0.0105,1.187e-05,120.56,0.0005,0.0,BTC-27MAR20-30000-C,8637.62,0.0,0.0,0.0,0.001,25.0,170.38,0.01453,-0.0326,0.00095,0.0,0.00016
8757.8,BTC-27MAR20,1582973942693,open,0.0,242.0,0.0005,0.0105,2.68e-05,120.4,0.0005,0.0,BTC-27MAR20-28000-C,8637.62,0.0,0.0,0.0,0.0015,25.0,169.72,0.02986,-0.06688,0.00205,0.0,0.00034
9008.09,BTC-26JUN20,1582973942694,open,0.01,405.9,0.0005,0.021,0.00568607,98.76,0.0075,0.0,BTC-26JUN20-30000-C,8637.62,96.97,0.005,35.0,0.0065,24.0,100.71,3.60104,-1.50852,0.74311,1e-05,0.03123
8757.8,BTC-27MAR20,1582973942693,open,0.0,1425.2,0.0005,0.011,0.00148284,70.95,0.0015,0.0,BTC-27MAR20-6000-P,8637.62,66.76,0.001,49.0,0.002,24.0,74.58,1.13467,-1.49778,-0.13643,3e-05,-0.01967
8757.8,BTC-27MAR20,1582973942694,open,0.38,22.4,0.3595,0.386,0.37245347,72.41,0.4285,0.0,BTC-27MAR20-5500-C,8637.62,0.0,0.0,0.0,0.0,0.0,0.0,0.45348,-0.6109,4.00268,1e-05,0.99316
9008.09,BTC-26JUN20,1582973942694,open,0.04,757.2,0.0165,0.0705,0.03699157,72.58,0.0405,0.0,BTC-26JUN20-14000-C,8637.62,72.27,0.0365,12.0,0.038,19.3,73.23,14.07619,-4.33384,4.57175,7e-05,0.19414
9008.09,BTC-26JUN20,1582973942694,open,0.01,1235.4,0.0005,0.028,0.00889859,90.46,0.0095,0.0,BTC-26JUN20-24000-C,8637.62,88.87,0.008,59.0,0.01,24.0,92.29,5.24306,-2.01191,1.18306,2e-05,0.04957
8757.8,BTC-27MAR20,1582973942694,open,0.44,35.7,0.418,0.4435,0.42988866,92.05,0.4975,0.0,BTC-27MAR20-5000-C,8637.62,0.0,0.0,0.0,0.0,0.0,0.0,0.5733,-0.98183,3.61885,1e-05,0.99108
9008.09,BTC-26JUN20,1582973942694,open,0.01,318.3,0.0005,0.023,0.00643057,96.06,0.0075,0.0,BTC-26JUN20-28000-C,8637.62,93.86,0.0055,59.0,0.0075,24.0,98.35,4.00876,-1.63342,0.84784,2e-05,0.03557
8757.8,BTC-27MAR20,1582973942694,open,0.49,38.8,0.476,0.4975,0.48642057,93.65,0.5475,0.0,BTC-27MAR20-4500-C,8637.62,0.0,0.0,0.0,0.0,0.0,0.0,0.21768,-0.37927,3.29247,0.0,0.997
9008.09,BTC-26JUN20,1582973942694,open,0.02,599.0,0.006,0.0435,0.01783797,80.29,0.02,0.0,BTC-26JUN20-18000-C,8637.62,79.43,0.017,15.0,0.019,44.0,81.45,8.89883,-3.0308,2.35253,4e-05,0.0987
8757.8,BTC-27MAR20,1582973942695,open,0.0,898.4,0.0005,0.0105,2.9e-07,121.55,0.0005,0.0,BTC-27MAR20-40000-C,8637.62,0.0,0.0,0.0,0.0005,25.1,190.19,0.0005,-0.00112,3e-05,0.0,0.0
9008.09,BTC-26JUN20,1582973942694,open,0.01,1295.2,0.0035,0.036,0.01338804,83.66,0.0145,0.0,BTC-26JUN20-20000-C,8637.62,82.53,0.0125,49.0,0.0145,24.0,85.01,7.2411,-2.5695,1.79026,3e-05,0.07493
9008.09,BTC-26JUN20,1582973942695,open,0.36,72.7,0.332,0.38,0.35390239,64.51,0.44,0.0,BTC-26JUN20-6000-C,8637.62,34.29,0.335,0.1,0.0,0.0,0.0,8.86715,-2.42646,15.93835,5e-05,0.90177
8757.8,BTC-27MAR20,1582973942695,open,0.0,37.2,0.0005,0.0105,0.00019779,91.45,0.0005,0.0,BTC-27MAR20-4500-P,8637.62,0.0,0.0,0.0,0.001,25.0,110.79,0.18422,-0.31341,-0.01738,0.0,-0.0025
8757.8,BTC-27MAR20,1582973942694,open,0.0,221.1,0.0005,0.0105,2.57e-06,121.1,0.0005,0.0,BTC-27MAR20-34000-C,8637.62,0.0,0.0,0.0,0.001,33.1,184.73,0.00368,-0.00828,0.00022,0.0,4e-05
8642.58,SYN.BTC-1MAR20,1582973942692,open,0.0,67.3,0.0005,0.0105,0.00065439,79.36,0.001,0.0,BTC-1MAR20-9250-C,8637.62,75.56,0.0005,1.2,0.001,30.3,86.3,0.37946,-5.65564,0.00857,0.00027,0.04199
8757.8,BTC-27MAR20,1582973942695,open,0.0,1081.7,0.0005,0.0145,0.00390608,81.28,0.0035,0.0,BTC-27MAR20-13000-C,8637.62,79.69,0.0035,10.0,0.0045,49.0,83.44,2.30922,-3.49188,0.2741,5e-05,0.04641
8835.58,SYN.BTC-24APR20,1582973942692,open,0.01,22.5,0.0005,0.0265,0.00955895,76.36,0.009,0.0,BTC-24APR20-14000-C,8637.62,75.38,0.009,25.0,0.0105,24.0,77.96,5.08336,-3.53689,0.93301,6e-05,0.0798
9008.09,BTC-26JUN20,1582973942695,open,0.02,651.9,0.0085,0.04,0.01990897,64.45,0.0185,0.0,BTC-26JUN20-6000-P,8637.62,63.0,0.0185,24.0,0.021,56.0,65.55,8.85689,-2.42131,-3.43218,5e-05,-0.09807
8757.8,BTC-27MAR20,1582973942695,open,0.0,374.5,0.0005,0.0105,0.00035972,120.23,0.001,0.0,BTC-27MAR20-22000-C,8637.62,0.0,0.0,0.0,0.001,25.0,133.59,0.27554,-0.61631,0.02286,0.0,0.0039
8757.8,BTC-27MAR20,1582973942695,open,0.0,428.4,0.0005,0.0105,1.24e-06,121.35,0.0005,0.0,BTC-27MAR20-36000-C,8637.62,0.0,0.0,0.0,0.0005,136.0,178.94,0.00189,-0.00427,0.00011,0.0,2e-05
8757.8,BTC-27MAR20,1582973942695,open,0.0,542.9,0.0005,0.013,0.00304969,65.94,0.003,0.0,BTC-27MAR20-6500-P,8637.62,63.43,0.0025,49.0,0.0035,24.0,67.81,2.02971,-2.48989,-0.2748,5e-05,-0.03956
8757.8,BTC-27MAR20,1582973942695,open,0.0,953.7,0.0005,0.0105,0.00070574,104.4,0.001,0.0,BTC-27MAR20-18000-C,8637.62,100.57,0.0005,34.4,0.001,24.0,108.67,0.53036,-1.0301,0.0481,1e-05,0.00817
8757.8,BTC-27MAR20,1582973942695,open,0.33,32.7,0.3015,0.333,0.31644655,71.46,0.3165,0.0,BTC-27MAR20-6000-C,8637.62,0.0,0.0,0.0,0.0,0.0,0.0,1.16629,-1.55063,4.27688,3e-05,0.97968
8757.8,BTC-27MAR20,1582973942695,open,0.0,871.3,0.0005,0.0115,0.00192218,92.87,0.0025,0.0,BTC-27MAR20-15000-C,8637.62,89.69,0.0015,29.0,0.0025,49.0,96.55,1.25951,-2.17619,0.13112,2e-05,0.02226
8642.58,SYN.BTC-1MAR20,1582973942692,open,0.1,0.0,0.0705,0.1075,0.0888551,71.53,None,0.0,BTC-1MAR20-7875-C,8637.62,0.0,0.0,0.0,0.0,0.0,0.0,0.04755,-1.70049,0.18814,4e-05,0.99623
8757.8,BTC-27MAR20,1582973942696,open,0.0,397.4,0.0005,0.0105,0.0004034,71.16,0.001,0.0,BTC-27MAR20-5500-P,8637.62,0.0,0.0,0.0,0.001,24.0,80.2,0.41065,-0.54366,-0.04201,1e-05,-0.00611
8696.06,SYN.BTC-13MAR20,1582973942692,open,0.24,0.0,0.2085,0.244,0.22530818,72.97,None,0.0,BTC-13MAR20-6750-C,8637.62,0.0,0.0,0.0,0.0,0.0,0.0,1.0376,-2.9402,2.29172,5e-05,0.97238
9008.09,BTC-26JUN20,1582973942696,open,0.15,811.8,0.1085,0.184,0.14303564,63.26,0.151,0.0,BTC-26JUN20-9000-C,8637.62,62.12,0.1405,15.6,0.147,27.6,65.04,20.08612,-5.38979,12.48806,0.00012,0.57231
8757.8,BTC-27MAR20,1582973942696,open,0.0,329.6,0.0005,0.0105,0.00014873,120.28,0.0005,0.0,BTC-27MAR20-24000-C,8637.62,0.0,0.0,0.0,0.0015,25.0,150.89,0.13136,-0.29395,0.01013,0.0,0.00172
9259.79,SYN.BTC-25SEP20,1582973942693,open,0.48,1.0,0.459,0.502,0.4782177,65.41,0.581,0.0,BTC-25SEP20-5000-C,8637.62,0.0,0.42,0.1,0.0,0.0,0.0,9.17046,-1.43586,24.05974,3e-05,0.93226
8757.8,BTC-27MAR20,1582973942697,open,0.0,894.5,0.0005,0.0105,0.00084653,119.61,0.001,0.0,BTC-27MAR20-20000-C,8637.62,113.06,0.0005,23.3,0.0015,25.0,127.91,0.55544,-1.23594,0.05004,1e-05,0.00861
8696.06,SYN.BTC-13MAR20,1582973942692,open,0.07,4.0,0.059,0.115,0.08218265,55.71,0.066,0.0,BTC-13MAR20-9250-P,8637.62,0.0,0.0,0.0,0.0,0.0,0.0,5.63841,-12.19855,-2.41372,0.00038,-0.70466
8647.04,SYN.BTC-2MAR20,1582973942692,open,0.0,0.002,0.036,0.0156969,50.37,None,0.0,BTC-2MAR20-8625-C,8637.62,40.9,0.013,1.0,0.022,1.0,72.48,2.46322,-33.07519,0.23091,0.00127,0.53535
8647.04,SYN.BTC-2MAR20,1582973942692,open,0.0,0.0415,0.0825,0.06157865,58.21,None,0.0,BTC-2MAR20-8125-C,8637.62,0.0,0.0,0.0,0.0,0.0,0.0,0.78723,-12.21644,0.38805,0.00035,0.93486
8664.86,SYN.BTC-6MAR20,1582973942694,open,0.15,5.0,0.117,0.1565,0.13597454,67.78,0.234,0.0,BTC-6MAR20-7500-C,8637.62,0.0,0.0,0.0,0.0,0.0,0.0,0.99599,-5.74454,1.14584,0.00012,0.95745
8696.06,SYN.BTC-13MAR20,1582973942693,open,0.12,0.0,0.1045,0.161,0.13044559,59.15,None,0.0,BTC-13MAR20-9750-P,8637.62,0.0,0.0,0.0,0.0,0.0,0.0,4.05391,-9.31131,-2.9617,0.00026,-0.83503
8647.04,SYN.BTC-2MAR20,1582973942692,open,0.0,0.063,0.11,0.08506972,66.02,None,0.0,BTC-2MAR20-9375-P,8637.62,0.0,0.0,0.0,0.0,0.0,0.0,0.59864,-10.53475,-0.4617,0.00024,-0.95394
9008.09,BTC-26JUN20,1582973942698,open,0.01,937.3,0.0005,0.0255,0.00769996,93.78,0.0095,0.0,BTC-26JUN20-26000-C,8637.62,92.38,0.007,15.0,0.0085,24.0,95.29,4.63256,-1.84275,1.01204,2e-05,0.04249
8696.06,SYN.BTC-13MAR20,1582973942692,open,0.14,0.0,0.1305,0.1865,0.15648191,60.79,None,0.0,BTC-13MAR20-10000-P,8637.62,0.0,0.0,0.0,0.0,0.0,0.0,3.29971,-7.78989,-3.17431,0.0002,-0.8783
8647.04,SYN.BTC-2MAR20,1582973942692,open,0.0,0.0005,0.021,0.00518444,50.99,None,0.0,BTC-2MAR20-8875-C,8637.62,43.15,0.0035,20.0,0.007,20.0,58.79,1.94418,-26.42494,0.1061,0.00099,0.24396
8642.58,SYN.BTC-1MAR20,1582973942692,open,0.05,9.3,0.012,0.0535,0.03261225,55.63,0.0435,0.0,BTC-1MAR20-8375-C,8637.62,54.47,0.0325,6.0,0.0355,6.0,79.45,0.85388,-23.7493,0.17541,0.00086,0.87858
8642.58,SYN.BTC-1MAR20,1582973942692,open,0.0,56.8,0.0005,0.0105,0.00010052,79.39,0.0005,0.0,BTC-1MAR20-9500-C,8637.62,0.0,0.0,0.0,0.001,50.3,112.19,0.09188,-0.86878,0.00162,6e-05,0.00791
8642.58,SYN.BTC-1MAR20,1582973942692,open,0.09,0.0,0.0555,0.0935,0.07447613,69.1,None,0.0,BTC-1MAR20-8000-C,8637.62,0.0,0.0,0.0,0.0,0.0,0.0,0.12001,-4.14619,0.18968,0.0001,0.98927
8664.86,SYN.BTC-6MAR20,1582973942694,open,0.11,102.6,0.104,0.1555,0.12806184,64.12,0.11,0.0,BTC-6MAR20-9750-P,8637.62,0.0,0.007,33.0,0.15,10.0,131.1,1.62387,-8.86046,-1.46284,0.00021,-0.92068
8664.86,SYN.BTC-6MAR20,1582973942693,open,0.0,265.5,0.0005,0.0105,6.827e-05,83.01,0.0005,0.0,BTC-6MAR20-11750-C,8637.62,0.0,0.0,0.0,0.001,55.2,112.88,0.07794,-0.55055,0.00306,1e-05,0.00226
8835.58,SYN.BTC-24APR20,1582973942692,open,0.01,55.7,0.0005,0.018,0.00675684,67.89,0.0065,0.0,BTC-24APR20-6000-P,8637.62,66.07,0.006,25.1,0.0075,36.0,69.57,3.78813,-2.3431,-0.81481,5e-05,-0.05458
8647.04,SYN.BTC-2MAR20,1582973942692,open,0.0,0.0005,0.019,0.00420699,53.16,None,0.0,BTC-2MAR20-8375-P,8637.62,43.88,0.0025,20.0,0.0055,20.0,59.45,1.71155,-24.2528,-0.08873,0.00084,-0.19547
8642.58,SYN.BTC-1MAR20,1582973942692,open,0.04,0.2,0.0355,0.0815,0.05691528,74.02,0.045,0.0,BTC-1MAR20-9125-P,8637.62,0.0,0.0,0.0,0.0,0.0,0.0,0.56493,-20.9093,-0.20475,0.00043,-0.93055
8696.06,SYN.BTC-13MAR20,1582973942693,open,0.0,29.7,0.0005,0.012,0.00203022,67.56,0.003,0.0,BTC-13MAR20-7000-P,8637.62,63.86,0.0015,55.0,0.0025,0.1,70.41,1.3528,-3.54935,-0.12311,8e-05,-0.0381
9259.79,SYN.BTC-25SEP20,1582973942693,open,2.0,0.0,1.971,2.1275,2.04166859,84.24,None,0.0,BTC-25SEP20-28000-P,8637.62,0.0,0.0005,1.0,0.0,0.0,0.0,10.22989,-2.06292,-157.03823,2e-05,-0.92186
8664.86,SYN.BTC-6MAR20,1582973942693,open,0.0,165.1,0.0005,0.011,0.00138959,73.02,0.0025,0.0,BTC-6MAR20-10250-C,8637.62,68.99,0.001,55.3,0.002,30.0,78.17,0.92048,-5.71963,0.05192,0.0001,0.03861
8642.58,SYN.BTC-1MAR20,1582973942692,open,0.0,13.2,0.0005,0.012,0.00104505,65.71,0.001,0.0,BTC-1MAR20-8250-P,8637.62,56.08,0.0005,50.2,0.0015,30.1,71.89,0.58138,-9.03193,-0.01516,0.00049,-0.07209
8664.86,SYN.BTC-6MAR20,1582973942698,open,0.0,181.3,0.0005,0.0135,0.00282235,63.15,0.002,0.0,BTC-6MAR20-7750-P,8637.62,58.24,0.002,55.0,0.0035,55.0,66.7,1.57157,-8.44548,-0.10991,0.00021,-0.07597
8696.06,SYN.BTC-13MAR20,1582973942692,open,0.0,30.9,0.0005,0.011,0.00149587,72.75,0.0015,0.0,BTC-13MAR20-6750-P,8637.62,68.03,0.001,55.0,0.002,30.0,76.66,1.02702,-2.90148,-0.08829,5e-05,-0.02729
8835.58,SYN.BTC-24APR20,1582973942692,open,0.01,15.0,0.0035,0.032,0.01300103,72.29,0.0155,0.0,BTC-24APR20-13000-C,8637.62,70.87,0.012,64.0,0.014,24.0,73.65,6.3549,-4.18567,1.26111,7e-05,0.10794
8696.06,SYN.BTC-13MAR20,1582973942693,open,0.17,0.0,0.1575,0.214,0.18374791,63.76,None,0.0,BTC-13MAR20-10250-P,8637.62,0.0,0.0,0.0,0.0,0.0,0.0,2.75183,-6.81358,-3.3411,0.00016,-0.90541
8696.06,SYN.BTC-13MAR20,1582973942692,open,0.02,108.8,0.008,0.045,0.01883136,53.82,0.016,0.0,BTC-13MAR20-8250-P,8637.62,51.71,0.0175,24.0,0.0195,27.6,54.86,5.53412,-11.56528,-0.92845,0.00039,-0.28383
8664.86,SYN.BTC-6MAR20,1582973942693,open,0.0,227.0,0.0005,0.0105,0.0001338,83.01,0.0005,0.0,BTC-6MAR20-11500-C,8637.62,0.0,0.0,0.0,0.001,55.0,106.2,0.13628,-0.96272,0.00568,1e-05,0.00421
8696.06,SYN.BTC-13MAR20,1582973942692,open,0.0,41.4,0.0005,0.0125,0.00261101,72.43,0.0025,0.0,BTC-13MAR20-11000-C,8637.62,68.95,0.002,55.0,0.0035,55.0,76.75,1.64409,-4.62451,0.14078,9e-05,0.0485
8642.58,SYN.BTC-1MAR20,1582973942692,open,0.06,0.0,0.0495,0.0955,0.0709258,79.11,None,0.0,BTC-1MAR20-9250-P,8637.62,0.0,0.0,0.0,0.0,0.0,0.0,0.37594,-14.87098,-0.21345,0.00027,-0.95849
8647.04,SYN.BTC-2MAR20,1582973942692,open,0.0,0.049,0.0965,0.07134111,65.17,None,0.0,BTC-2MAR20-9250-P,8637.62,0.0,0.0,0.0,0.0,0.0,0.0,0.90296,-15.68633,-0.44146,0.00036,-0.92212
8664.86,SYN.BTC-6MAR20,1582973942699,open,0.0,418.4,0.0005,0.0105,0.00087342,75.39,0.0015,0.0,BTC-6MAR20-10500-C,8637.62,69.43,0.0005,65.1,0.0015,5.0,82.47,0.64182,-4.11746,0.03361,7e-05,0.02497
8642.58,SYN.BTC-1MAR20,1582973942693,open,0.08,0.0,0.078,0.123,0.09929818,78.33,None,0.0,BTC-1MAR20-9500-P,8637.62,0.0,0.0,0.0,0.0,0.0,0.0,0.08477,-3.31989,-0.22644,6e-05,-0.99278
9259.79,SYN.BTC-25SEP20,1582973942693,open,0.11,239.8,0.0825,0.1625,0.11754619,63.77,0.114,0.0,BTC-25SEP20-8000-P,8637.62,62.6,0.1145,4.9,0.1195,16.7,64.52,24.09711,-3.6786,-21.76032,8e-05,-0.2931
8642.58,SYN.BTC-1MAR20,1582973942692,open,0.0,0.0,0.0005,0.0105,7.48e-06,70.79,None,0.0,BTC-1MAR20-7750-P,8637.62,0.0,0.0,0.0,0.0005,30.0,113.65,0.01142,-0.06465,-0.00016,1e-05,-0.00079
8647.04,SYN.BTC-2MAR20,1582973942692,open,0.0,0.035,0.0815,0.057139,57.17,None,0.0,BTC-2MAR20-9125-P,8637.62,0.0,0.0,0.0,0.0,0.0,0.0,1.07281,-16.34793,-0.42615,0.00049,-0.90189
8642.58,SYN.BTC-1MAR20,1582973942692,open,0.0,62.4,0.0005,0.014,0.00164177,55.53,0.001,0.0,BTC-1MAR20-8375-P,8637.62,48.35,0.001,50.0,0.002,1.0,59.02,0.8519,-14.18911,-0.02543,0.00086,-0.12102
8835.58,SYN.BTC-24APR20,1582973942693,open,0.26,0.0,0.2395,0.3165,0.27493522,65.21,None,0.0,BTC-24APR20-11000-P,8637.62,0.0,0.0,0.0,0.0,0.0,0.0,10.39298,-6.17525,-13.88584,0.00014,-0.77039
8835.58,SYN.BTC-24APR20,1582973942692,open,0.02,150.9,0.0075,0.037,0.01817629,61.23,0.018,0.0,BTC-24APR20-7000-P,8637.62,60.43,0.0175,24.0,0.02,49.0,63.35,7.46692,-4.16584,-2.04483,0.0001,-0.13576
8664.86,SYN.BTC-6MAR20,1582973942697,open,0.0,153.6,0.0005,0.0105,3.41e-05,83.01,0.0005,0.0,BTC-6MAR20-12000-C,8637.62,0.0,0.0,0.0,0.0005,10.0,108.83,0.04331,-0.29547,0.00161,0.0,0.00119
9259.79,SYN.BTC-25SEP20,1582973942693,open,0.17,361.3,0.1245,0.215,0.16545199,65.35,0.16,0.0,BTC-25SEP20-10000-C,8637.62,64.2,0.162,16.5,0.1695,16.5,66.69,27.82833,-4.35296,19.66129,9e-05,0.53649
8647.04,SYN.BTC-2MAR20,1582973942692,open,0.0,0.0005,0.011,0.00119556,58.09,None,0.0,BTC-2MAR20-8125-P,8637.62,48.64,0.0005,20.0,0.002,0.3,65.85,0.78354,-10.33802,-0.0293,0.00035,-0.06474
8647.04,SYN.BTC-2MAR20,1582973942692,open,6.0,0.0005,0.0275,0.00923871,50.12,0.012,0.0,BTC-2MAR20-8750-C,8637.62,41.81,0.007,18.8,0.011,20.8,56.54,2.35581,-31.47156,0.16373,0.00122,0.3777
8664.86,SYN.BTC-6MAR20,1582973942695,open,0.09,160.1,0.0765,0.128,0.10040652,58.54,0.121,0.0,BTC-6MAR20-9500-P,8637.62,0.0,0.035,0.6,0.115,10.0,101.12,2.13041,-10.61277,-1.37487,0.0003,-0.88526
8835.58,SYN.BTC-24APR20,1582973942692,open,0.15,21.0,0.115,0.174,0.14283287,59.58,0.1445,0.0,BTC-24APR20-8000-C,8637.62,57.07,0.1395,12.0,0.162,12.0,73.73,11.77784,-6.39405,7.49833,0.00017,0.7073
8647.04,SYN.BTC-2MAR20,1582973942693,open,0.0,0.0005,0.013,0.00187694,57.27,None,0.0,BTC-2MAR20-9125-C,8637.62,49.18,0.001,20.0,0.004,20.0,71.58,1.07605,-16.22996,0.04294,0.00049,0.09852
8647.04,SYN.BTC-2MAR20,1582973942692,open,0.0,0.0005,0.0105,0.00045489,66.49,None,0.0,BTC-2MAR20-9500-C,8637.62,67.51,0.0005,20.1,0.002,20.0,88.24,0.36949,-3.93348,0.01117,0.00014,0.02559
8647.04,SYN.BTC-2MAR20,1582973942693,open,0.0,0.0005,0.0105,0.00089637,66.2,None,0.0,BTC-2MAR20-9375-C,8637.62,59.56,0.0005,20.2,0.0015,0.5,73.65,0.60352,-7.75092,0.02028,0.00024,0.04653
8696.06,SYN.BTC-13MAR20,1582973942692,open,0.09,0.0,0.0805,0.1375,0.10523213,56.91,None,0.0,BTC-13MAR20-9500-P,8637.62,0.0,0.0,0.0,0.0,0.0,0.0,4.82981,-10.67296,-2.71706,0.00032,-0.78049
8696.06,SYN.BTC-13MAR20,1582973942693,open,0.05,204.2,0.0405,0.0945,0.06094493,53.97,0.07,0.0,BTC-13MAR20-9000-P,8637.62,50.56,0.0585,4.0,0.0615,4.0,54.75,6.2508,-13.10168,-2.06864,0.00043,-0.6134
9259.79,SYN.BTC-25SEP20,1582973942693,open,0.58,700.1,0.5625,0.5925,0.57550844,68.72,0.654,0.0,BTC-25SEP20-4000-C,8637.62,0.0,0.568,0.1,0.0,0.0,0.0,4.82282,-0.7934,20.88142,1e-05,0.96957
8647.04,SYN.BTC-2MAR20,1582973942692,open,0.0,0.0005,0.0175,0.00358434,56.84,None,0.0,BTC-2MAR20-9000-C,8637.62,53.5,0.003,4.0,0.005,20.0,64.27,1.55766,-23.60166,0.07313,0.00071,0.16816
8696.06,SYN.BTC-13MAR20,1582973942693,open,0.0,128.9,0.0005,0.0125,0.00266717,78.16,0.0025,0.0,BTC-13MAR20-11250-C,8637.62,77.22,0.0025,39.7,0.003,55.1,79.92,1.58682,-4.81603,0.13416,8e-05,0.0464
8642.58,SYN.BTC-1MAR20,1582973942692,open,0.0,4.2,0.0005,0.0125,0.001107,74.18,0.0015,0.0,BTC-1MAR20-9125-C,8637.62,72.51,0.001,10.0,0.0015,30.0,79.72,0.56765,-9.56732,0.01426,0.00043,0.06988
9259.79,SYN.BTC-25SEP20,1582973942695,open,0.05,159.5,0.0205,0.085,0.04473594,74.48,0.047,0.0,BTC-25SEP20-18000-C,8637.62,73.87,0.0435,21.0,0.0465,4.9,75.35,18.67287,-3.32924,7.41144,5e-05,0.1846
8664.86,SYN.BTC-6MAR20,1582973942693,open,0.0,580.0,0.0005,0.0115,0.00152208,67.63,0.001,0.0,BTC-6MAR20-7500-P,8637.62,62.51,0.001,55.0,0.002,0.4,71.5,0.98983,-5.69646,-0.06102,0.00012,-0.04222
9259.79,SYN.BTC-25SEP20,1582973942693,open,0.01,249.2,0.0015,0.034,0.01113107,90.1,0.012,0.0,BTC-25SEP20-36000-C,8637.62,88.58,0.01,16.0,0.0125,26.0,91.81,7.14635,-1.54126,2.02381,2e-05,0.04932
8835.58,SYN.BTC-24APR20,1582973942693,open,0.17,1.2,0.1475,0.2215,0.18155317,62.37,0.1975,0.0,BTC-24APR20-10000-P,8637.62,50.48,0.165,12.0,1.1145,0.2,500.0,12.6618,-7.19575,-11.07397,0.00017,-0.65209
8647.04,SYN.BTC-2MAR20,1582973942692,open,1.2,0.0005,0.0145,0.00222515,55.22,0.001,0.0,BTC-2MAR20-8250-P,8637.62,53.55,0.002,20.0,0.0025,0.2,57.16,1.19323,-17.56323,-0.0515,0.00056,-0.11367
8664.86,SYN.BTC-6MAR20,1582973942693,open,0.0,1652.3,0.0005,0.012,0.00215225,70.04,0.002,0.0,BTC-6MAR20-10000-C,8637.62,68.99,0.002,4.2,0.0025,30.0,72.3,1.2825,-7.64421,0.07849,0.00015,0.05842
8696.06,SYN.BTC-13MAR20,1582973942693,open,0.18,0.0,0.1505,0.19,0.16939521,63.94,None,0.0,BTC-13MAR20-7250-C,8637.62,0.0,0.0,0.0,0.0,0.0,0.0,1.88683,-4.68522,2.37097,0.00011,0.9423
8647.04,SYN.BTC-2MAR20,1582973942692,open,0.0,0.006,0.0455,0.02442681,50.61,None,0.0,BTC-2MAR20-8500-C,8637.62,40.78,0.022,1.0,0.0315,1.0,77.45,2.19227,-29.57747,0.29497,0.00113,0.68823
8647.04,SYN.BTC-2MAR20,1582973942692,open,0.0,0.0775,0.1235,0.09908389,66.18,None,0.0,BTC-2MAR20-9500-P,8637.62,0.0,0.0,0.0,0.0,0.0,0.0,0.36286,-6.40158,-0.47726,0.00014,-0.97495
9259.79,SYN.BTC-25SEP20,1582973942695,open,0.14,243.3,0.0965,0.1865,0.13648763,66.8,0.1395,0.0,BTC-25SEP20-11000-C,8637.62,66.3,0.135,4.0,0.1385,4.0,67.47,27.8369,-4.45099,17.40127,8e-05,0.46487
9259.79,SYN.BTC-25SEP20,1582973942693,open,0.4,1.0,0.3645,0.4225,0.39059845,63.91,0.425,0.0,BTC-25SEP20-6000-C,8637.62,39.7,0.36,0.1,0.0,0.0,0.0,14.60339,-2.23398,25.54721,5e-05,0.87271
8664.86,SYN.BTC-6MAR20,1582973942693,open,0.0,128.6,0.0005,0.0105,0.00096109,74.12,0.0005,0.0,BTC-6MAR20-7250-P,8637.62,66.87,0.0005,55.0,0.0015,55.2,80.23,0.66465,-4.19245,-0.03765,7e-05,-0.02603
8642.58,SYN.BTC-1MAR20,1582973942692,open,0.0,43.0,0.0005,0.0105,0.00026764,79.38,0.001,0.0,BTC-1MAR20-9375-C,8637.62,0.0,0.0,0.0,0.001,31.6,99.49,0.19711,-2.31309,0.0039,0.00014,0.0191
8696.06,SYN.BTC-13MAR20,1582973942693,open,0.21,0.0,0.1795,0.2165,0.19709484,67.74,None,0.0,BTC-13MAR20-7000-C,8637.62,0.0,0.0,0.0,0.0,0.0,0.0,1.36286,-3.58487,2.34506,8e-05,0.96155
8696.06,SYN.BTC-13MAR20,1582973942693,open,0.0,34.7,0.0005,0.0135,0.00311441,69.21,0.004,0.0,BTC-13MAR20-10750-C,8637.62,66.24,0.0025,55.0,0.004,30.0,72.97,1.9111,-5.13612,0.17035,0.0001,0.05865
9259.79,SYN.BTC-25SEP20,1582973942695,open,0.04,271.3,0.0205,0.0665,0.03864459,63.96,0.0395,0.0,BTC-25SEP20-6000-P,8637.62,62.91,0.037,6.0,0.04,19.7,64.81,14.6124,-2.2372,-8.79892,5e-05,-0.1274
8642.58,SYN.BTC-1MAR20,1582973942692,open,0.0,55.7,0.0005,0.0105,0.00011626,68.42,0.0005,0.0,BTC-1MAR20-8000-P,8637.62,0.0,0.0,0.0,0.001,50.9,97.03,0.11398,-1.0048,-0.00212,9e-05,-0.01012
8664.86,SYN.BTC-6MAR20,1582973942696,open,0.0,235.0,0.0005,0.0105,0.00087568,83.01,0.0015,0.0,BTC-6MAR20-10750-C,8637.62,76.58,0.0005,65.0,0.0015,60.0,90.55,0.59992,-4.23784,0.03092,6e-05,0.02304
8642.58,SYN.BTC-1MAR20,1582973942692,open,0.07,0.0,0.041,0.0805,0.0602666,67.32,None,0.0,BTC-1MAR20-8125-C,8637.62,0.0,0.0,0.0,0.0,0.0,0.0,0.28345,-9.54095,0.18875,0.00023,0.97058
8664.86,SYN.BTC-6MAR20,1582973942694,open,0.06,298.1,0.0515,0.1035,0.07422221,54.78,0.083,0.0,BTC-6MAR20-9250-P,8637.62,0.0,0.061,1.5,0.0745,1.5,55.6,2.91078,-13.56813,-1.24368,0.00044,-0.8174
8696.06,SYN.BTC-13MAR20,1582973942693,open,0.13,0.0,0.0955,0.141,0.11654055,58.21,None,0.0,BTC-13MAR20-7750-C,8637.62,0.0,0.0,0.0,0.0,0.0,0.0,3.52592,-7.96952,2.29942,0.00023,0.86612
8696.06,SYN.BTC-13MAR20,1582973942693,open,0.1,0.0,0.071,0.1195,0.09159482,54.63,None,0.0,BTC-13MAR20-8000-C,8637.62,0.0,0.0,0.0,0.0,0.0,0.0,4.48472,-9.51454,2.19246,0.00031,0.80631
8696.06,SYN.BTC-13MAR20,1582973942693,open,0.0,52.2,0.0005,0.013,0.00307828,63.81,0.005,0.0,BTC-13MAR20-7250-P,8637.62,60.99,0.0025,55.0,0.0035,0.1,65.7,1.87813,-4.65424,-0.18541,0.00011,-0.05736
8647.04,SYN.BTC-2MAR20,1582973942692,open,0.0,0.0275,0.0695,0.0481526,55.3,None,0.0,BTC-2MAR20-8250-C,8637.62,0.0,0.001,0.1,0.0,0.0,0.0,1.19571,-17.62583,0.37231,0.00056,0.886
8664.86,SYN.BTC-6MAR20,1582973942692,open,0.0,169.4,0.0005,0.0105,1.67e-05,83.01,0.0005,0.0,BTC-6MAR20-12250-C,8637.62,0.0,0.0,0.0,0.0015,25.0,133.32,0.02344,-0.14468,0.00083,0.0,0.00061
8664.86,SYN.BTC-6MAR20,1582973942694,open,0.04,534.8,0.0305,0.0815,0.05074806,52.61,0.0425,0.0,BTC-6MAR20-9000-P,8637.62,42.55,0.0465,4.0,0.05,4.0,50.9,3.8008,-17.01643,-1.05237,0.0006,-0.70372
8696.06,SYN.BTC-13MAR20,1582973942693,open,0.06,5.3,0.0335,0.0825,0.05162022,53.1,0.057,0.0,BTC-13MAR20-8500-C,8637.62,51.55,0.0505,18.0,0.055,18.0,57.78,6.26799,-12.92554,1.71194,0.00044,0.60969
8664.86,SYN.BTC-6MAR20,1582973942695,open,0.0,377.0,0.0005,0.014,0.00285004,64.24,0.003,0.0,BTC-6MAR20-9750-C,8637.62,62.32,0.0025,1.0,0.0035,30.0,67.52,1.63015,-8.91111,0.10723,0.00021,0.07973
9259.79,SYN.BTC-25SEP20,1582973942695,open,0.01,348.2,0.004,0.0385,0.01362912,87.13,0.0145,0.0,BTC-25SEP20-32000-C,8637.62,85.85,0.0125,6.0,0.015,6.0,88.6,8.38236,-1.74827,2.4757,2e-05,0.06035
8647.04,SYN.BTC-2MAR20,1582973942693,open,0.0,0.056,0.095,0.0753712,59.34,None,0.0,BTC-2MAR20-8000-C,8637.62,0.0,0.0,0.0,0.0,0.0,0.0,0.44693,-7.06912,0.39657,0.0002,0.96782
225.78,ETH-27MAR20,1582973942707,open,0.05,3065.0,0.0225,0.0855,0.051565,96.02,0.052,0.0,ETH-27MAR20-260-C,222.8,92.41,0.048,192.0,0.052,200.0,96.45,0.22459,-0.40118,0.04802,0.00623,0.3404
8664.86,SYN.BTC-6MAR20,1582973942695,open,0.09,38.0,0.0605,0.105,0.08167641,57.81,0.098,0.0,BTC-6MAR20-8000-C,8637.62,0.0,0.0765,1.0,0.0,0.0,0.0,2.32898,-11.45708,1.09922,0.00033,0.86973
8642.58,SYN.BTC-1MAR20,1582973942692,open,0.12,0.0,0.085,0.1215,0.1032936,75.6,None,0.0,BTC-1MAR20-7750-C,8637.62,0.0,0.0,0.0,0.0,0.0,0.0,0.02099,-0.79344,0.18562,2e-05,0.99847
8642.58,SYN.BTC-1MAR20,1582973942707,open,0.03,6.1,0.0025,0.0415,0.02068875,53.82,0.033,0.0,BTC-1MAR20-8500-C,8637.62,52.63,0.0205,6.0,0.023,6.0,67.79,1.37234,-36.92975,0.14921,0.00142,0.74028
9259.79,SYN.BTC-25SEP20,1582973942693,open,0.04,221.8,0.015,0.0725,0.03552227,76.67,0.0365,0.0,BTC-25SEP20-20000-C,8637.62,76.08,0.0345,10.0,0.037,6.0,77.5,16.31067,-2.99345,6.05034,4e-05,0.1497
8696.06,SYN.BTC-13MAR20,1582973942692,open,0.08,0.1,0.0505,0.1,0.07015752,53.87,0.072,0.0,BTC-13MAR20-8250-C,8637.62,0.0,0.001,0.1,0.0,0.0,0.0,5.53549,-11.57885,1.98126,0.00039,0.71602
8696.06,SYN.BTC-13MAR20,1582973942692,open,0.15,0.0,0.122,0.1645,0.14252978,61.21,None,0.0,BTC-13MAR20-7500-C,8637.62,0.0,0.0,0.0,0.0,0.0,0.0,2.63859,-6.27151,2.35622,0.00016,0.91063
8696.06,SYN.BTC-13MAR20,1582973942693,open,0.01,180.0,0.0005,0.026,0.0092856,59.23,0.012,0.0,BTC-13MAR20-9750-C,8637.62,57.52,0.0085,24.0,0.0105,52.3,61.77,4.05972,-9.3373,0.47871,0.00026,0.16534
8642.58,SYN.BTC-1MAR20,1582973942692,open,0.07,0.0,0.0635,0.109,0.08500217,78.91,None,0.0,BTC-1MAR20-9375-P,8637.62,0.0,0.0,0.0,0.0,0.0,0.0,0.19197,-7.57359,-0.22114,0.00014,-0.98148
9008.09,BTC-26JUN20,1582973942712,open,0.28,126.5,0.239,0.301,0.26769201,63.27,0.285,0.0,BTC-26JUN20-7000-C,8637.62,35.08,0.2315,1.0,0.0,0.0,0.0,13.85134,-3.71766,15.8025,8e-05,0.81089
9008.09,BTC-26JUN20,1582973942714,open,0.46,14.3,0.437,0.4715,0.45260214,67.55,0.518,0.0,BTC-26JUN20-5000-C,8637.62,0.0,0.4445,0.1,0.0,0.0,0.0,4.60923,-1.32071,14.6962,3e-05,0.95778
8642.58,SYN.BTC-1MAR20,1582973942715,open,0.03,6.1,0.0025,0.0415,0.02068875,53.82,0.033,0.0,BTC-1MAR20-8500-C,8637.62,52.63,0.0205,6.0,0.0235,6.0,70.7,1.37234,-36.92975,0.14921,0.00142,0.74028
8642.58,SYN.BTC-1MAR20,1582973942718,open,0.0,62.4,0.0005,0.014,0.00164177,55.53,0.001,0.0,BTC-1MAR20-8375-P,8637.62,54.07,0.0015,30.0,0.002,1.0,59.02,0.8519,-14.18911,-0.02543,0.00086,-0.12102
9008.09,BTC-26JUN20,1582973942721,open,0.01,404.2,0.001,0.0315,0.01088272,87.4,0.0125,0.0,BTC-26JUN20-22000-C,8637.62,85.29,0.0095,59.0,0.012,24.0,88.99,6.14847,-2.27938,1.44733,3e-05,0.06063
8696.06,SYN.BTC-13MAR20,1582973942745,open,0.02,72.3,0.015,0.0595,0.02904176,53.06,0.0265,0.0,BTC-13MAR20-8500-P,8637.62,50.92,0.0275,28.0,0.0295,22.1,53.69,6.26772,-12.91397,-1.28623,0.00044,-0.39025
8642.58,SYN.BTC-1MAR20,1582973942746,open,0.0,13.2,0.0005,0.012,0.00104505,65.71,0.001,0.0,BTC-1MAR20-8250-P,8637.62,56.08,0.0005,50.2,0.0015,0.1,71.89,0.58138,-9.03193,-0.01516,0.00049,-0.07209
8757.8,BTC-27MAR20,1582973942768,open,0.08,178.8,0.055,0.108,0.0755524,56.01,0.074,0.0,BTC-27MAR20-8500-C,8637.62,52.6,0.072,31.5,0.075,4.0,55.48,9.13493,-9.51937,3.42971,0.00029,0.60741
8642.58,SYN.BTC-1MAR20,1582973942826,open,0.0,62.4,0.0005,0.014,0.00164177,55.53,0.001,0.0,BTC-1MAR20-8375-P,8637.62,54.07,0.0015,30.0,0.0025,1.0,63.53,0.8519,-14.18911,-0.02543,0.00086,-0.12102
8835.58,SYN.BTC-24APR20,1582973942827,open,0.05,43.1,0.0275,0.08,0.04979945,62.4,0.054,0.0,BTC-24APR20-10000-C,8637.62,61.49,0.0485,4.0,0.0515,41.7,63.58,12.66299,-7.19917,3.9612,0.00017,0.348
8642.58,SYN.BTC-1MAR20,1582973942833,open,0.02,26.6,0.0005,0.0305,0.01114366,51.71,0.0135,0.0,BTC-1MAR20-8625-C,8637.62,48.4,0.0105,18.0,0.013,1.5,61.25,1.68152,-43.47536,0.10905,0.00181,0.53708
232.6,ETH-26JUN20,1582973942906,open,0.03,497.0,0.0095,0.0625,0.029845,100.5,0.032,0.0,ETH-26JUN20-520-C,222.78,98.95,0.028,310.0,0.0325,300.0,102.66,0.28066,-0.11964,0.07576,0.0016,0.1307
223.47,SYN.ETH-6MAR20,1582973942891,open,0.05,350.0,0.0105,0.071,0.038522,101.0,0.045,0.0,ETH-6MAR20-230-C,222.8,93.93,0.035,180.0,0.0415,251.0,106.95,0.11166,-0.95965,0.0143,0.01375,0.43615
232.6,ETH-26JUN20,1582973942906,open,0.01,729.0,0.0005,0.018,0.007356,91.62,0.008,0.0,ETH-26JUN20-100-P,222.78,89.32,0.0065,300.0,0.008,1.0,93.25,0.08979,-0.03489,-0.02801,0.00056,-0.02994
232.6,ETH-26JUN20,1582973942906,open,0.0,2429.0,0.0005,0.013,0.003357,98.0,0.003,0.0,ETH-26JUN20-80-P,222.78,86.57,0.0015,300.0,0.006,300.0,108.8,0.04742,-0.01971,-0.0131,0.00028,-0.01409
225.74,ETH-27MAR20,1582973942906,open,0.7,75.0,0.6805,0.7,0.690026,148.57,0.739,0.0,ETH-27MAR20-70-C,222.78,0.0,0.0,0.0,0.0,0.0,0.0,0.00196,-0.00543,0.05137,4e-05,0.99905
232.6,ETH-26JUN20,1582973942906,open,0.07,1787.0,0.047,0.124,0.082895,87.37,0.0735,0.0,ETH-26JUN20-180-P,222.78,79.68,0.07,583.0,0.0815,283.0,86.55,0.39368,-0.1459,-0.22923,0.00258,-0.22226
225.74,ETH-27MAR20,1582973942906,open,1.75,0.0,1.7525,1.9235,1.834977,0.0,None,0.0,ETH-27MAR20-640-P,222.78,0.0,0.01,50.0,0.0,0.0,0.0,0.0,0.0,-0.47125,0.0,-1.0
232.6,ETH-26JUN20,1582973942906,open,0.67,0.0,0.6465,0.6735,0.659449,98.15,None,0.0,ETH-26JUN20-80-C,222.78,0.0,0.61,1.0,0.0,0.0,0.0,0.04768,-0.01985,0.24517,0.00028,0.98583
225.74,ETH-27MAR20,1582973942906,open,0.01,3371.0,0.0005,0.0165,0.005246,128.99,0.0075,0.0,ETH-27MAR20-440-C,222.78,120.86,0.0035,240.0,0.0075,301.0,137.34,0.05456,-0.13093,0.00605,0.00113,0.04166
225.72,ETH-27MAR20,1582973942908,open,0.0,1435.0,0.0005,0.012,0.002426,120.73,0.0025,0.0,ETH-27MAR20-120-P,222.78,111.94,0.0015,300.0,0.004,301.0,131.81,0.02738,-0.06149,-0.00343,0.0006,-0.0182
225.72,ETH-27MAR20,1582973942908,open,0.0,960.0,0.0005,0.0125,0.002777,109.6,0.003,0.0,ETH-27MAR20-130-P,222.78,103.72,0.002,540.0,0.0035,75.0,114.24,0.03281,-0.0669,-0.00421,0.0008,-0.02254
225.72,ETH-27MAR20,1582973942908,open,0.0,3564.0,0.0005,0.013,0.003378,132.59,0.003,0.0,ETH-27MAR20-480-C,222.78,123.19,0.002,240.0,0.0055,301.0,143.05,0.0389,-0.09595,0.00403,0.00078,0.02761
232.6,ETH-26JUN20,1582973942906,open,0.59,1.0,0.5595,0.597,0.577526,91.85,0.38,0.0,ETH-26JUN20-100-C,222.78,0.0,0.56,1.0,0.0,0.0,0.0,0.09038,-0.03522,0.29468,0.00056,0.96982
225.74,ETH-27MAR20,1582973942906,open,0.0,1974.0,0.0005,0.011,0.001289,135.97,0.002,0.0,ETH-27MAR20-560-C,222.78,0.0,0.0,0.0,0.0035,300.0,154.63,0.01825,-0.04617,0.00167,0.00036,0.01137
225.72,ETH-27MAR20,1582973942910,open,0.04,4010.0,0.0205,0.0785,0.046541,91.02,0.0405,0.0,ETH-27MAR20-200-P,222.78,88.74,0.0445,192.0,0.048,200.0,92.64,0.20246,-0.34284,-0.05258,0.00593,-0.26984
225.72,ETH-27MAR20,1582973942912,open,0.01,8798.0,0.002,0.028,0.011516,101.13,0.0115,0.0,ETH-27MAR20-160-P,222.78,96.02,0.0095,540.0,0.013,140.0,104.64,0.09284,-0.17467,-0.01556,0.00245,-0.08208
225.72,ETH-27MAR20,1582973942912,open,0.45,112.0,0.407,0.448,0.427024,110.83,0.5185,0.0,ETH-27MAR20-130-C,222.78,0.0,0.424,1.0,0.0,0.0,0.0,0.03407,-0.07025,0.09131,0.00082,0.97643
239.45,SYN.ETH-25SEP20,1582973942906,open,0.68,1.0,0.6605,0.696,0.677418,96.08,0.684,0.0,ETH-25SEP20-80-C,222.78,0.0,0.62,1.0,0.0,0.0,0.0,0.12536,-0.02883,0.40007,0.0004,0.96938
239.45,SYN.ETH-25SEP20,1582973942906,open,0.0,678.0,0.0005,0.014,0.004467,98.91,0.0045,0.0,ETH-25SEP20-60-P,222.78,89.83,0.0025,300.0,0.007,550.0,107.61,0.06096,-0.01443,-0.02404,0.00019,-0.01308
224.24,SYN.ETH-13MAR20,1582973942906,open,0.02,8.0,0.002,0.035,0.013117,102.25,0.0175,0.0,ETH-13MAR20-280-C,222.78,94.55,0.01,296.0,0.0175,298.0,111.93,0.09577,-0.38025,0.01039,0.00528,0.1445
223.47,SYN.ETH-6MAR20,1582973942907,open,0.0,427.0,0.0005,0.013,0.002155,112.36,0.002,0.0,ETH-6MAR20-290-C,222.78,99.14,0.001,300.0,0.003,5.0,119.42,0.02417,-0.23109,0.00134,0.00268,0.03947
223.47,SYN.ETH-6MAR20,1582973942906,open,0.0,444.0,0.0005,0.0185,0.003864,112.37,0.0045,0.0,ETH-6MAR20-280-C,222.78,110.06,0.0035,20.0,0.0045,50.0,116.14,0.03615,-0.34564,0.00222,0.004,0.06546
224.24,SYN.ETH-13MAR20,1582973942906,open,0.02,90.0,0.0035,0.043,0.018009,101.02,0.0215,0.0,ETH-13MAR20-270-C,222.78,93.84,0.0145,290.0,0.0225,290.0,109.55,0.11369,-0.44599,0.01348,0.00634,0.18839
223.47,SYN.ETH-6MAR20,1582973942908,open,0.0,20.0,0.0005,0.0105,4.1e-05,112.48,0.0005,0.0,ETH-6MAR20-350-C,222.78,0.0,0.0,0.0,0.0035,300.0,188.48,0.00101,-0.00908,4e-05,0.00011,0.00106
239.45,SYN.ETH-25SEP20,1582973942908,open,0.38,176.0,0.318,0.414,0.367159,85.73,0.397,0.0,ETH-25SEP20-180-C,222.78,82.55,0.36,120.0,0.389,120.0,95.39,0.5396,-0.11074,0.5625,0.00192,0.77766
224.24,SYN.ETH-13MAR20,1582973942906,open,0.09,11.0,0.043,0.1145,0.078944,93.19,0.092,0.0,ETH-13MAR20-220-C,222.78,86.46,0.074,221.0,0.09,221.0,108.23,0.1648,-0.59637,0.03947,0.00997,0.57795
227.89,SYN.ETH-24APR20,1582973942905,open,0.06,30.0,0.0245,0.0915,0.054665,94.56,0.05,0.0,ETH-24APR20-300-C,222.78,90.98,0.05,282.0,0.0605,282.0,98.94,0.30026,-0.2587,0.0791,0.00407,0.28554
224.24,SYN.ETH-13MAR20,1582973942906,open,0.07,0.0,0.047,0.1265,0.085408,94.8,None,0.0,ETH-13MAR20-230-P,222.78,79.53,0.074,247.0,0.09,247.0,100.93,0.16778,-0.61764,-0.04799,0.00998,-0.52128
239.45,SYN.ETH-25SEP20,1582973942906,open,0.12,497.0,0.0625,0.168,0.112295,90.5,0.116,0.0,ETH-25SEP20-400-C,222.78,88.22,0.106,493.0,0.119,493.0,92.9,0.66513,-0.14408,0.31464,0.00224,0.34191
239.45,SYN.ETH-25SEP20,1582973942908,open,0.01,500.0,0.0015,0.0245,0.011363,95.79,0.008,0.0,ETH-25SEP20-80-P,222.78,88.75,0.008,250.0,0.0155,300.0,103.15,0.12453,-0.02855,-0.0572,0.0004,-0.03038
223.47,SYN.ETH-6MAR20,1582973942909,open,0.01,633.0,0.0005,0.03,0.009138,104.94,0.011,0.0,ETH-6MAR20-260-C,222.78,97.05,0.007,593.0,0.011,644.0,111.23,0.06377,-0.56944,0.00479,0.00756,0.14217
227.89,SYN.ETH-24APR20,1582973942906,open,0.09,3.0,0.052,0.132,0.090863,91.79,0.104,0.0,ETH-24APR20-260-C,222.78,89.24,0.087,2.0,0.096,268.0,95.16,0.34605,-0.2894,0.11404,0.00483,0.4237
239.45,SYN.ETH-25SEP20,1582973942906,open,0.05,1705.0,0.018,0.0905,0.047631,96.88,0.048,0.0,ETH-25SEP20-640-C,222.78,95.46,0.045,200.0,0.051,299.0,98.65,0.44924,-0.10418,0.16051,0.00141,0.16477
224.24,SYN.ETH-13MAR20,1582973942909,open,0.01,11.0,0.0005,0.029,0.009879,104.41,0.012,0.0,ETH-13MAR20-290-C,222.78,95.76,0.007,300.0,0.014,305.0,115.01,0.08049,-0.32636,0.00812,0.00435,0.11252
223.47,SYN.ETH-6MAR20,1582973942906,open,0.02,657.0,0.0015,0.041,0.015613,104.78,0.017,0.0,ETH-6MAR20-250-C,222.78,103.13,0.015,3.0,0.0165,282.0,107.13,0.08361,-0.74553,0.0073,0.00993,0.21846
239.45,SYN.ETH-25SEP20,1582973942908,open,0.04,0.0,0.009,0.0665,0.030232,102.27,None,0.0,ETH-25SEP20-840-C,222.78,100.65,0.028,200.0,0.033,300.0,104.19,0.3369,-0.08248,0.10703,0.001,0.10834
222.92,SYN.ETH-1MAR20,1582973942905,open,0.01,87.0,0.0005,0.0205,0.002684,115.98,0.0025,0.0,ETH-1MAR20-240-C,222.78,113.83,0.0025,5.0,0.0035,151.0,124.8,0.01941,-0.59839,0.00053,0.01404,0.1018
224.24,SYN.ETH-13MAR20,1582973942906,open,0.07,11.0,0.0275,0.095,0.060122,95.31,0.0755,0.0,ETH-13MAR20-230-C,222.78,87.13,0.054,252.0,0.068,252.0,105.84,0.16779,-0.62106,0.03315,0.00992,0.47923
239.45,SYN.ETH-25SEP20,1582973942909,open,0.34,270.0,0.271,0.375,0.324269,85.72,0.42,0.0,ETH-25SEP20-200-C,222.78,82.84,0.317,220.0,0.346,220.0,94.37,0.60293,-0.12372,0.55098,0.00214,0.72636
224.24,SYN.ETH-13MAR20,1582973942908,open,0.01,0.0,0.0005,0.0245,0.008168,112.54,None,0.0,ETH-13MAR20-170-P,222.78,104.1,0.006,350.0,0.01,300.0,118.9,0.06167,-0.26951,-0.00685,0.00309,-0.07841
225.72,ETH-27MAR20,1582973942938,open,0.39,1712.0,0.384,0.492,0.435422,104.64,0.271,0.0,ETH-27MAR20-320-P,222.78,0.0,0.15,3.0,0.464,1.0,143.47,0.13531,-0.2634,-0.21556,0.00345,-0.86154
227.89,SYN.ETH-24APR20,1582973942948,open,0.13,301.0,0.0755,0.1605,0.117923,90.48,0.117,0.0,ETH-24APR20-240-C,222.78,87.95,0.114,2.0,0.123,409.0,93.77,0.35238,-0.29052,0.13472,0.00499,0.51112
222.92,SYN.ETH-1MAR20,1582973943298,open,0.01,252.0,0.0005,0.0545,0.022753,90.11,0.014,0.0,ETH-1MAR20-225-P,222.78,91.4,0.023,90.0,0.0305,362.0,130.2,0.04279,-1.9279,-0.0032,0.03983,-0.57483
8642.58,SYN.BTC-1MAR20,1582973943305,open,0.0,27.5,0.0005,0.0205,0.00418139,53.76,0.0025,0.0,BTC-1MAR20-8500-P,8637.62,46.06,0.003,24.2,0.005,30.0,58.83,1.37172,-36.13803,-0.05467,0.00142,-0.25949
232.58,ETH-26JUN20,1582973943319,open,0.2,1058.0,0.1325,0.2335,0.183738,87.42,0.198,0.0,ETH-26JUN20-240-C,222.78,85.74,0.18,2.0,0.1885,260.0,89.56,0.51832,-0.1922,0.29272,0.00339,0.57346
222.92,SYN.ETH-1MAR20,1582973943343,open,0.07,4.0,0.01,0.075,0.043185,108.26,0.0285,0.0,ETH-1MAR20-215-C,222.78,93.36,0.041,30.0,0.0485,30.0,141.36,0.03389,-1.83466,0.00384,0.02626,0.76066
225.72,ETH-27MAR20,1582973943347,open,0.24,1462.0,0.226,0.329,0.275937,98.8,0.261,0.0,ETH-27MAR20-280-P,222.78,0.0,0.002,50.0,0.3245,1.0,149.34,0.19525,-0.35888,-0.17026,0.00527,-0.7485
232.58,ETH-26JUN20,1582973943356,open,0.52,303.0,0.476,0.526,0.500412,89.7,0.608,0.0,ETH-26JUN20-120-C,222.78,0.0,0.484,3.0,0.55,1.0,143.74,0.15787,-0.06007,0.33002,0.00101,0.93979
223.03,SYN.ETH-2MAR20,1582973943370,open,0.0,0.0005,0.022,0.004314,90.31,None,0.0,ETH-2MAR20-240-C,222.78,81.27,0.003,279.0,0.012,279.0,130.55,0.03481,-0.83794,0.0015,0.01508,0.13554
224.24,SYN.ETH-13MAR20,1582973943374,open,0.09,11.0,0.043,0.1145,0.078944,93.19,0.092,0.0,ETH-13MAR20-220-C,222.78,86.46,0.074,221.0,0.089,221.0,106.87,0.1648,-0.59637,0.03947,0.00997,0.57795
223.03,SYN.ETH-2MAR20,1582973943382,open,3.0,0.0125,0.0795,0.044429,89.0,0.031,0.0,ETH-2MAR20-230-P,222.78,60.71,0.0375,245.0,0.055,245.0,128.48,0.05762,-1.36711,-0.00823,0.02533,-0.67387
224.24,SYN.ETH-13MAR20,1582973943377,open,0.03,100.0,0.0145,0.0735,0.040742,93.64,0.035,0.0,ETH-13MAR20-210-P,222.78,83.55,0.034,280.0,0.046,280.0,101.4,0.15108,-0.54935,-0.02872,0.0091,-0.32237
224.24,SYN.ETH-13MAR20,1582973943388,open,0.04,156.0,0.0095,0.063,0.03261,97.1,0.037,0.0,ETH-13MAR20-250-C,222.78,89.24,0.0275,274.0,0.0385,274.0,105.91,0.14791,-0.55773,0.02169,0.00859,0.30678
224.24,SYN.ETH-13MAR20,1582973943385,open,0.09,0.0,0.073,0.159,0.115044,96.5,None,0.0,ETH-13MAR20-240-P,222.78,77.36,0.1015,195.0,0.1205,195.0,104.04,0.16138,-0.60471,-0.0575,0.00943,-0.61183
222.92,SYN.ETH-1MAR20,1582973943391,open,0.05,117.0,0.0015,0.059,0.027704,105.62,0.0375,0.0,ETH-1MAR20-220-C,222.78,91.15,0.025,90.0,0.033,90.0,133.62,0.04188,-2.21162,0.00312,0.03326,0.61044
227.89,SYN.ETH-24APR20,1582973943392,open,0.06,30.0,0.0245,0.0915,0.054665,94.56,0.05,0.0,ETH-24APR20-300-C,222.78,90.98,0.05,282.0,0.06,282.0,98.57,0.30026,-0.2587,0.0791,0.00407,0.28554
224.24,SYN.ETH-13MAR20,1582973943394,open,0.07,0.0,0.047,0.1265,0.085408,94.8,None,0.0,ETH-13MAR20-230-P,222.78,80.2,0.0745,247.0,0.09,247.0,100.93,0.16778,-0.61764,-0.04799,0.00998,-0.52128
222.92,SYN.ETH-1MAR20,1582973943395,open,0.02,237.0,0.0065,0.072,0.038003,89.57,0.0225,0.0,ETH-1MAR20-230-P,222.78,82.92,0.037,30.0,0.045,30.0,131.47,0.03431,-1.53646,-0.00424,0.03213,-0.75523
227.89,SYN.ETH-24APR20,1582973943399,open,0.1,0.0,0.0725,0.1595,0.114392,86.58,None,0.0,ETH-24APR20-220-P,222.78,80.62,0.1055,258.0,0.121,258.0,91.01,0.33964,-0.26793,-0.17367,0.00502,-0.39249
222.92,SYN.ETH-1MAR20,1582973943400,open,0.01,210.0,0.0005,0.044,0.014264,103.72,0.01,0.0,ETH-1MAR20-220-P,222.78,94.29,0.0125,409.0,0.015,50.0,107.64,0.04183,-2.1694,-0.00215,0.03383,-0.38796
225.74,ETH-27MAR20,1582973943402,open,0.02,2526.0,0.0075,0.0475,0.023766,94.75,0.022,0.0,ETH-27MAR20-180-P,222.78,92.0,0.022,491.0,0.025,160.0,96.63,0.14685,-0.25886,-0.02995,0.00413,-0.15643
232.58,ETH-26JUN20,1582973943401,open,2.02,1.0,2.0095,2.2225,2.10942,108.45,1.99,0.0,ETH-26JUN20-720-P,222.78,0.0,0.0,0.0,2.761,1.0,449.22,0.16473,-0.07578,-2.28776,0.00087,-0.93642
232.58,ETH-26JUN20,1582973943409,open,0.38,395.0,0.3265,0.4025,0.364955,87.47,0.439,0.0,ETH-26JUN20-160-C,222.78,33.38,0.3135,1.0,0.858,1.0,480.44,0.31948,-0.11853,0.35801,0.00209,0.8416
225.72,ETH-27MAR20,1582973943415,open,0.01,6232.0,0.001,0.03,0.010993,113.71,0.0125,0.0,ETH-27MAR20-360-C,222.78,108.84,0.009,240.0,0.012,300.0,116.0,0.09709,-0.20539,0.01265,0.00228,0.08713
8696.06,SYN.BTC-13MAR20,1582973943418,open,0.02,108.8,0.008,0.045,0.01883136,53.82,0.016,0.0,BTC-13MAR20-8250-P,8637.62,51.71,0.0175,24.0,0.0195,23.6,54.86,5.53412,-11.56528,-0.92845,0.00039,-0.28383
8664.86,SYN.BTC-6MAR20,1582973943470,open,0.02,372.0,0.015,0.0615,0.03081052,50.33,0.029,0.0,BTC-6MAR20-8750-P,8637.62,46.73,0.029,18.0,0.031,4.0,50.71,4.35378,-18.64855,-0.80766,0.00072,-0.54822
8696.06,SYN.BTC-13MAR20,1582973943469,open,0.05,204.2,0.0405,0.0945,0.06094493,53.97,0.07,0.0,BTC-13MAR20-9000-P,8637.62,50.56,0.0585,4.0,0.062,4.0,55.44,6.2508,-13.10168,-2.06864,0.00043,-0.6134
8696.06,SYN.BTC-13MAR20,1582973943558,open,0.02,72.3,0.015,0.0595,0.02904176,53.06,0.0265,0.0,BTC-13MAR20-8500-P,8637.62,50.92,0.0275,28.0,0.03,22.1,54.39,6.26772,-12.91397,-1.28623,0.00044,-0.39025
8664.86,SYN.BTC-6MAR20,1582973943567,open,0.06,298.1,0.0515,0.1035,0.07422221,54.78,0.083,0.0,BTC-6MAR20-9250-P,8637.62,0.0,0.061,1.5,0.0755,1.5,58.48,2.91078,-13.56813,-1.24368,0.00044,-0.8174
8696.06,SYN.BTC-13MAR20,1582973943575,open,0.02,72.3,0.015,0.0595,0.02904176,53.06,0.0265,0.0,BTC-13MAR20-8500-P,8637.62,50.92,0.0275,28.0,0.0295,22.1,53.69,6.26772,-12.91397,-1.28623,0.00044,-0.39025
8642.58,SYN.BTC-1MAR20,1582973943582,open,0.01,11.3,0.0015,0.0395,0.01761695,52.0,0.015,0.0,BTC-1MAR20-8750-P,8637.62,39.43,0.0155,18.0,0.019,34.0,59.79,1.5106,-39.27253,-0.14499,0.00162,-0.68163
8696.06,SYN.BTC-13MAR20,1582973943585,open,0.01,43.0,0.0005,0.018,0.00509253,63.89,0.0065,0.0,BTC-13MAR20-10250-C,8637.62,61.96,0.0045,55.0,0.006,30.0,66.63,2.7619,-6.85182,0.27599,0.00016,0.09506
9259.79,SYN.BTC-25SEP20,1582973943587,open,0.08,498.0,0.046,0.126,0.07906744,69.9,0.0845,0.0,BTC-25SEP20-14000-C,8637.62,69.11,0.077,22.5,0.0815,4.0,70.82,24.44458,-4.09012,11.83689,7e-05,0.30245
9259.79,SYN.BTC-25SEP20,1582973943589,open,0.06,387.9,0.03,0.1015,0.05792385,72.05,0.0625,0.0,BTC-25SEP20-16000-C,8637.62,71.21,0.056,29.1,0.0605,5.0,73.16,21.39477,-3.68999,9.24671,6e-05,0.23242
