underlying_price,underlying_index,timestamp,state,settlement_price,open_interest,min_price,max_price,mark_price,mark_iv,last_price,interest_rate,instrument_name,index_price,bid_iv,best_bid_price,best_bid_amount,best_ask_price,best_ask_amount,ask_iv,vega,theta,rho,gamma,delta
190.89,ETH-26JUN20,1580554740456,open,0.03,930.0,0.011,0.065,0.031947,94.18,0.036,0.0,ETH-26JUN20-440-C,181.25,91.98,0.029,420.0,0.035,420.0,96.37,0.26151,-0.08442,0.07833,0.00191,0.13462
190.89,ETH-26JUN20,1580554740456,open,0.29,412.0,0.235,0.329,0.282919,83.67,0.289,0.0,ETH-26JUN20-160-C,181.25,68.44,0.251,47.0,0.289,180.0,86.55,0.40256,-0.11545,0.33738,0.0033,0.72515
185.54,ETH-27MAR20,1580554740456,open,0.05,5708.0,0.028,0.089,0.056049,77.94,0.05,0.0,ETH-27MAR20-160-P,181.25,74.71,0.052,276.0,0.06,468.0,81.06,0.23368,-0.16595,-0.08836,0.00579,-0.26071
185.54,ETH-27MAR20,1580554740456,open,0.0,13638.0,0.001,0.011,0.001164,116.43,0.003,0.0,ETH-27MAR20-600-C,181.25,0.0,0.0,0.0,0.002,300.0,123.8,0.01714,-0.01818,0.00213,0.00028,0.0088
185.54,ETH-27MAR20,1580554740456,open,0.01,2525.0,0.003,0.032,0.012908,92.28,0.015,0.0,ETH-27MAR20-320-C,181.25,89.11,0.011,800.0,0.015,560.0,95.5,0.11627,-0.09776,0.02134,0.00243,0.08942
190.89,ETH-26JUN20,1580554740456,open,0.02,1681.0,0.004,0.042,0.016902,97.8,0.016,0.0,ETH-26JUN20-560-C,181.25,95.62,0.015,420.0,0.019,129.0,100.04,0.17277,-0.05791,0.04518,0.00121,0.07612
185.54,ETH-27MAR20,1580554740456,open,0.05,4810.0,0.02,0.079,0.046393,85.13,0.045,0.0,ETH-27MAR20-240-C,181.25,84.04,0.045,19.0,0.048,287.0,86.38,0.2376,-0.1843,0.0622,0.00539,0.26939
183.35,SYN.ETH-28FEB20,1580554740456,open,0.0,730.0,0.001,0.013,0.003943,93.21,0.007,0.0,ETH-28FEB20-120-P,181.25,88.45,0.003,800.0,0.005,93.0,97.85,0.0391,-0.06781,-0.00536,0.00169,-0.03573
183.35,SYN.ETH-28FEB20,1580554740470,open,0.05,4900.0,0.022,0.078,0.047866,75.93,0.057,0.0,ETH-28FEB20-200-C,181.25,73.14,0.045,274.0,0.051,466.0,78.97,0.18865,-0.2665,0.04416,0.01004,0.37494
183.35,SYN.ETH-28FEB20,1580554740472,open,0.25,113.0,0.218,0.274,0.24645,80.7,0.233,0.0,ETH-28FEB20-140-C,181.25,45.65,0.237,35.0,0.263,35.0,111.16,0.08073,-0.12121,0.0896,0.00404,0.91009
181.71,SYN.ETH-7FEB20,1580554740475,open,0.0,101.0,0.001,0.011,1e-06,85.06,0.001,0.0,ETH-7FEB20-120-P,181.25,0.0,0.0,0.0,0.001,11.0,154.95,5e-05,-0.00022,0.0,1e-05,-5e-05
183.35,SYN.ETH-28FEB20,1580554740475,open,0.02,1213.0,0.003,0.034,0.01442,82.82,0.017,0.0,ETH-28FEB20-240-C,181.25,80.4,0.013,540.0,0.016,180.0,85.39,0.11009,-0.16962,0.01679,0.00537,0.1388
185.54,ETH-27MAR20,1580554740480,open,1.56,0.0,1.512,1.676,1.589925,109.24,None,0.0,ETH-27MAR20-480-P,181.25,0.0,0.004,50.0,0.0,0.0,0.0,0.03639,-0.03622,-0.71658,0.00064,-0.97894
190.89,ETH-26JUN20,1580554740480,open,2.32,0.0,2.259,2.484,2.364615,100.03,None,0.0,ETH-26JUN20-640-P,181.25,0.0,0.01,50.0,0.0,0.0,0.0,0.13451,-0.04612,-2.52483,0.00092,-0.94486
181.71,SYN.ETH-7FEB20,1580554740485,open,0.24,7.0,0.206,0.253,0.229781,84.95,0.232,0.0,ETH-7FEB20-140-C,181.25,0.0,0.221,32.0,0.242,32.0,179.39,0.00432,-0.03122,0.02233,0.00096,0.99331
190.89,ETH-26JUN20,1580554740488,open,1.71,0.0,1.653,1.851,1.745504,97.45,None,0.0,ETH-26JUN20-520-P,181.25,0.0,0.01,50.0,0.0,0.0,0.0,0.20183,-0.06741,-2.02313,0.00142,-0.90635
194.22,SYN.ETH-25SEP20,1580554740488,open,2.09,0.0,2.019,2.265,2.134935,98.27,None,0.0,ETH-25SEP20-600-P,181.25,0.0,0.0,0.0,0.0,0.0,0.0,0.3676,-0.07625,-3.76017,0.00153,-0.84827
194.22,SYN.ETH-25SEP20,1580554740490,open,1.12,0.0,1.053,1.255,1.149464,92.35,None,0.0,ETH-25SEP20-400-P,181.25,0.0,0.0,0.0,0.0,0.0,0.0,0.52163,-0.10168,-2.36326,0.00231,-0.72547
190.89,ETH-26JUN20,1580554740492,open,1.5,0.0,1.452,1.642,1.540978,96.28,None,0.0,ETH-26JUN20-480-P,181.25,0.0,0.01,50.0,0.0,0.0,0.0,0.23139,-0.07636,-1.8523,0.00165,-0.88696
185.54,ETH-27MAR20,1580554740492,open,0.58,20.0,0.556,0.585,0.570271,101.13,0.613,0.0,ETH-27MAR20-80-C,181.25,0.0,0.564,49.0,0.579,49.0,143.63,0.01851,-0.01705,0.11719,0.00035,0.9904
190.89,ETH-26JUN20,1580554740500,open,1.91,0.0,1.854,2.06,1.950528,97.8,None,0.0,ETH-26JUN20-560-P,181.25,0.0,0.01,50.0,0.0,0.0,0.0,0.17277,-0.05791,-2.19291,0.00121,-0.92388
190.89,ETH-26JUN20,1580554740502,open,0.14,1074.0,0.084,0.184,0.133005,85.73,0.135,0.0,ETH-26JUN20-240-C,181.25,84.52,0.13,141.0,0.136,275.0,86.93,0.47595,-0.13985,0.23407,0.00381,0.43981
190.89,ETH-26JUN20,1580554740502,open,0.24,3317.0,0.181,0.282,0.232379,83.67,0.235,0.0,ETH-26JUN20-180-C,181.25,81.38,0.227,180.0,0.236,258.0,85.21,0.44866,-0.12867,0.31583,0.00368,0.64637
183.35,SYN.ETH-28FEB20,1580554740502,open,0.13,772.0,0.083,0.151,0.117724,72.84,0.125,0.0,ETH-28FEB20-170-C,181.25,71.04,0.116,220.0,0.124,583.0,79.31,0.17677,-0.23953,0.07657,0.0098,0.68487
185.54,ETH-27MAR20,1580554740504,open,0.0,2325.0,0.001,0.011,0.001445,101.13,0.002,0.0,ETH-27MAR20-80-P,181.25,96.11,0.001,297.0,0.002,32.0,106.11,0.01851,-0.01705,-0.00308,0.00035,-0.0096
181.71,SYN.ETH-7FEB20,1580554740504,open,0.0,753.0,0.001,0.011,2.4e-05,84.97,0.001,0.0,ETH-7FEB20-130-P,181.25,0.0,0.0,0.0,0.001,11.0,128.32,0.00062,-0.00432,-2e-05,0.00014,-0.00079
183.35,SYN.ETH-28FEB20,1580554740519,open,0.41,5.0,0.382,0.422,0.401897,95.61,0.229,0.0,ETH-28FEB20-110-C,181.25,0.0,0.4,1.0,0.412,40.0,139.78,0.02192,-0.039,0.07833,0.00093,0.9821
183.35,SYN.ETH-28FEB20,1580554740519,open,0.52,20.0,0.495,0.525,0.509621,107.32,0.328,0.0,ETH-28FEB20-90-C,181.25,0.0,0.504,45.0,0.517,45.0,167.45,0.00695,-0.01388,0.06555,0.00026,0.99519
194.22,SYN.ETH-25SEP20,1580554740519,open,0.07,498.0,0.044,0.116,0.077488,86.87,0.077,0.0,ETH-25SEP20-120-P,181.25,82.84,0.07,170.0,0.078,459.0,87.14,0.36423,-0.06678,-0.28629,0.00171,-0.14964
190.89,ETH-26JUN20,1580554740521,open,0.3,0.0,0.246,0.377,0.310504,84.44,None,0.0,ETH-26JUN20-220-P,181.25,77.1,0.292,180.0,1.155,1.0,500.0,0.48144,-0.13933,-0.61803,0.00392,-0.4996
194.22,SYN.ETH-25SEP20,1580554740521,open,0.46,0.0,0.418,0.5,0.459637,86.87,0.359,0.0,ETH-25SEP20-120-C,181.25,70.35,0.43,51.0,0.484,51.0,99.59,0.36423,-0.06678,0.49248,0.00171,0.85036
181.71,SYN.ETH-7FEB20,1580554740525,open,0.1,500.0,0.073,0.149,0.10999,78.5,0.106,0.0,ETH-7FEB20-200-P,181.25,57.34,0.104,60.0,0.111,60.0,81.48,0.06062,-0.40495,-0.02719,0.01453,-0.81941
194.22,SYN.ETH-25SEP20,1580554740525,open,0.42,0.0,0.36,0.517,0.437711,87.11,None,0.0,ETH-25SEP20-240-P,181.25,0.0,0.0,0.0,0.0,0.0,0.0,0.62344,-0.11463,-1.15717,0.00292,-0.48035
183.35,SYN.ETH-28FEB20,1580554740525,open,0.13,551.0,0.098,0.182,0.138669,75.93,0.14,0.0,ETH-28FEB20-200-P,181.25,68.41,0.131,364.0,0.14,144.0,77.22,0.18865,-0.2665,-0.10311,0.01004,-0.62506
185.54,ETH-27MAR20,1580554740528,open,0.33,112.0,0.287,0.346,0.316854,82.1,0.194,0.0,ETH-27MAR20-130-C,181.25,55.45,0.303,39.0,0.337,39.0,107.52,0.12704,-0.09503,0.16243,0.00299,0.89915
190.89,ETH-26JUN20,1580554740528,open,0.16,1062.0,0.107,0.209,0.158008,84.44,0.15,0.0,ETH-26JUN20-220-C,181.25,82.85,0.154,180.0,0.162,270.0,86.02,0.48144,-0.13933,0.26122,0.00392,0.5004
181.71,SYN.ETH-7FEB20,1580554740528,open,0.02,812.0,0.006,0.055,0.026714,61.93,0.033,0.0,ETH-7FEB20-180-P,181.25,58.5,0.025,428.0,0.028,1.0,64.5,0.09081,-0.47859,-0.01355,0.02759,-0.43661
181.71,SYN.ETH-7FEB20,1580554740530,open,0.0,400.0,0.001,0.011,0.000242,84.95,0.001,0.0,ETH-7FEB20-140-P,181.25,0.0,0.0,0.0,0.003,396.0,125.81,0.00432,-0.03122,-0.0002,0.00096,-0.00669
183.35,SYN.ETH-28FEB20,1580554740530,open,0.1,1869.0,0.054,0.12,0.087346,72.71,0.084,0.0,ETH-28FEB20-180-C,181.25,70.51,0.085,616.0,0.09,47.0,75.21,0.19485,-0.26359,0.066,0.01083,0.57618
190.89,ETH-26JUN20,1580554740532,open,0.01,3810.0,0.002,0.032,0.011899,100.03,0.014,0.0,ETH-26JUN20-640-C,181.25,97.19,0.01,420.0,0.014,118.0,102.86,0.13451,-0.04612,0.03299,0.00092,0.05514
185.54,ETH-27MAR20,1580554740532,open,0.51,161.0,0.477,0.595,0.533078,89.06,1.397,0.0,ETH-27MAR20-280-P,181.25,0.0,0.002,50.0,0.0,0.0,0.0,0.17077,-0.13858,-0.38466,0.0037,-0.84589
185.54,ETH-27MAR20,1580554740532,open,0.92,7.0,0.886,1.018,0.948128,96.41,1.702,0.0,ETH-27MAR20-360-P,181.25,0.0,0.01,30.0,0.0,0.0,0.0,0.08156,-0.07165,-0.52771,0.00163,-0.94366
185.54,ETH-27MAR20,1580554740532,open,1.34,0.0,1.303,1.456,1.37537,105.6,None,0.0,ETH-27MAR20-440-P,181.25,0.0,0.003,50.0,0.0,0.0,0.0,0.04683,-0.04506,-0.65467,0.00086,-0.97156
183.35,SYN.ETH-28FEB20,1580554740532,open,0.21,2.0,0.181,0.272,0.2253,78.61,0.257,0.0,ETH-28FEB20-220-P,181.25,0.0,0.001,1.0,0.0,0.0,0.0,0.1501,-0.21953,-0.13473,0.00771,-0.77264
190.89,ETH-26JUN20,1580554740534,open,0.04,4179.0,0.016,0.081,0.042879,94.12,0.044,0.0,ETH-26JUN20-400-C,181.25,91.02,0.038,428.0,0.048,298.0,97.22,0.30784,-0.09931,0.09862,0.00225,0.17214
194.22,SYN.ETH-25SEP20,1580554740534,open,0.59,0.0,0.518,0.69,0.602654,88.63,None,0.0,ETH-25SEP20-280-P,181.25,0.0,0.0,0.0,0.0,0.0,0.0,0.61671,-0.11538,-1.46763,0.00284,-0.56171
185.54,ETH-27MAR20,1580554740536,open,0.14,4031.0,0.093,0.17,0.131982,76.71,0.135,0.0,ETH-27MAR20-180-C,181.25,74.72,0.129,253.0,0.138,253.0,80.72,0.27813,-0.19439,0.13026,0.00701,0.59895
190.89,ETH-26JUN20,1580554740536,open,0.01,2638.0,0.004,0.038,0.014922,99.96,0.014,0.0,ETH-26JUN20-600-C,181.25,97.53,0.013,300.0,0.017,120.0,102.39,0.15714,-0.05384,0.03994,0.00108,0.06727
190.89,ETH-26JUN20,1580554740536,open,0.38,4.0,0.322,0.461,0.390273,85.73,0.934,0.0,ETH-26JUN20-240-P,181.25,0.0,0.01,50.0,0.0,0.0,0.0,0.47595,-0.13985,-0.72512,0.00381,-0.56019
185.54,ETH-27MAR20,1580554740536,open,0.0,5555.0,0.001,0.011,0.00181,109.96,0.002,0.0,ETH-27MAR20-520-C,181.25,102.73,0.001,521.0,0.003,301.0,117.22,0.0253,-0.02535,0.00333,0.00044,0.01376
190.89,ETH-26JUN20,1580554740536,open,0.2,2575.0,0.139,0.241,0.190511,83.67,0.2,0.0,ETH-26JUN20-200-C,181.25,81.85,0.186,180.0,0.195,264.0,85.48,0.47401,-0.13594,0.28951,0.00389,0.56999
190.89,ETH-26JUN20,1580554740536,open,1.11,0.0,1.055,1.231,1.138327,94.12,None,0.0,ETH-26JUN20-400-P,181.25,0.0,0.01,50.0,0.0,0.0,0.0,0.30784,-0.09931,-1.50002,0.00225,-0.82786
194.22,SYN.ETH-25SEP20,1580554740536,open,0.05,45.0,0.017,0.089,0.045677,98.27,0.041,0.0,ETH-25SEP20-600-C,181.25,94.03,0.038,300.0,0.054,300.0,102.5,0.3676,-0.07625,0.13367,0.00153,0.15173
194.22,SYN.ETH-25SEP20,1580554740536,open,0.28,41.0,0.225,0.362,0.292762,86.87,0.399,0.0,ETH-25SEP20-200-P,181.25,77.86,0.265,191.0,0.296,191.0,87.92,0.59528,-0.10915,-0.84677,0.0028,-0.37904
183.35,SYN.ETH-28FEB20,1580554740536,open,0.04,140.0,0.013,0.062,0.034388,76.7,0.039,0.0,ETH-28FEB20-210-C,181.25,74.12,0.032,475.0,0.037,180.0,79.48,0.17081,-0.24374,0.03476,0.009,0.29186
181.71,SYN.ETH-7FEB20,1580554740536,open,0.01,1744.0,0.001,0.029,0.009331,78.5,0.01,0.0,ETH-7FEB20-200-C,181.25,74.41,0.008,240.0,0.011,1050.0,83.37,0.06062,-0.40495,0.00501,0.01453,0.18059
194.22,SYN.ETH-25SEP20,1580554740538,open,0.11,802.0,0.076,0.168,0.11982,86.87,0.12,0.0,ETH-25SEP20-140-P,181.25,82.15,0.109,170.0,0.118,277.0,86.08,0.44682,-0.08193,-0.41165,0.0021,-0.20677
194.22,SYN.ETH-25SEP20,1580554740538,open,0.23,668.0,0.169,0.289,0.229505,86.77,0.236,0.0,ETH-25SEP20-220-C,181.25,85.04,0.224,110.0,0.235,269.0,88.51,0.61511,-0.11267,0.42663,0.0029,0.56798
185.54,ETH-27MAR20,1580554740540,open,0.24,1201.0,0.198,0.303,0.249174,81.4,0.267,0.0,ETH-27MAR20-220-P,181.25,0.0,0.001,9.0,0.0,0.0,0.0,0.26682,-0.19789,-0.25047,0.00633,-0.64875
185.54,ETH-27MAR20,1580554740540,open,0.01,262.0,0.001,0.019,0.00743,88.96,0.01,0.0,ETH-27MAR20-110-P,181.25,84.9,0.006,620.0,0.009,620.0,92.98,0.06904,-0.05596,-0.01482,0.0015,-0.0457
185.54,ETH-27MAR20,1580554740540,open,0.72,10.0,0.679,0.803,0.737603,92.28,1.59,0.0,ETH-27MAR20-320-P,181.25,0.0,0.011,5.0,0.0,0.0,0.0,0.11627,-0.09776,-0.45976,0.00243,-0.91058
183.35,SYN.ETH-28FEB20,1580554740540,open,0.02,1035.0,0.005,0.041,0.018904,80.52,0.017,0.0,ETH-28FEB20-230-C,181.25,77.76,0.017,587.0,0.021,372.0,83.45,0.12902,-0.19327,0.0213,0.00647,0.17666
194.22,SYN.ETH-25SEP20,1580554740540,open,1.89,0.0,1.823,2.06,1.934498,97.16,None,0.0,ETH-25SEP20-560-P,181.25,0.0,0.0,0.0,0.0,0.0,0.0,0.39311,-0.08062,-3.48688,0.00165,-0.83188
181.71,SYN.ETH-7FEB20,1580554740540,open,0.13,167.0,0.094,0.152,0.123457,76.18,0.114,0.0,ETH-7FEB20-160-C,181.25,0.0,0.104,31.0,0.141,31.0,135.63,0.03624,-0.23494,0.02312,0.00895,0.91384
185.54,ETH-27MAR20,1580554740542,open,1.77,0.0,1.722,1.896,1.80444,109.96,None,0.0,ETH-27MAR20-520-P,181.25,0.0,0.006,50.0,0.0,0.0,0.0,0.0253,-0.02535,-0.77846,0.00044,-0.98624
190.89,ETH-26JUN20,1580554740542,open,0.06,2070.0,0.023,0.097,0.054873,92.31,0.055,0.0,ETH-26JUN20-360-C,181.25,91.29,0.053,20.0,0.057,434.0,93.46,0.35092,-0.11103,0.12081,0.00261,0.21323
190.89,ETH-26JUN20,1580554740542,open,0.04,1729.0,0.02,0.072,0.042955,83.67,0.041,0.0,ETH-26JUN20-120-P,181.25,79.83,0.038,295.0,0.047,295.0,86.71,0.25079,-0.07192,-0.12944,0.00206,-0.12671
194.22,SYN.ETH-25SEP20,1580554740542,open,0.35,32.0,0.292,0.398,0.34667,86.87,0.332,0.0,ETH-25SEP20-160-C,181.25,83.59,0.338,120.0,0.355,120.0,90.02,0.51285,-0.09404,0.489,0.00241,0.73463
190.89,ETH-26JUN20,1580554740545,open,0.54,0.0,0.487,0.638,0.560803,87.12,None,0.0,ETH-26JUN20-280-P,181.25,0.0,0.011,3.0,0.0,0.0,0.0,0.44075,-0.13161,-0.93353,0.00347,-0.66284
185.54,ETH-27MAR20,1580554740545,open,1.98,0.0,1.931,2.118,2.020026,116.4,None,0.0,ETH-27MAR20-560-P,181.25,0.0,0.02,50.0,0.0,0.0,0.0,0.02432,-0.02579,-0.83877,0.0004,-0.98685
185.54,ETH-27MAR20,1580554740545,open,0.37,158.0,0.339,0.392,0.365176,86.04,0.211,0.0,ETH-27MAR20-120-C,181.25,50.95,0.354,40.0,0.382,40.0,112.39,0.09698,-0.07603,0.15746,0.00218,0.92964
190.89,ETH-26JUN20,1580554740545,open,0.91,1.0,0.861,1.029,0.940775,92.31,1.827,0.0,ETH-26JUN20-360-P,181.25,0.0,0.015,2.0,0.0,0.0,0.0,0.35092,-0.11103,-1.31796,0.00261,-0.78677
190.89,ETH-26JUN20,1580554740545,open,0.72,0.0,0.669,0.829,0.745832,89.21,1.06,0.0,ETH-26JUN20-320-P,181.25,0.0,0.015,2.0,0.0,0.0,0.0,0.39375,-0.12039,-1.13126,0.00303,-0.73699
190.89,ETH-26JUN20,1580554740545,open,0.0,1453.0,0.001,0.014,0.004349,99.37,0.005,0.0,ETH-26JUN20-60-P,181.25,93.29,0.003,396.0,0.006,396.0,105.45,0.04707,-0.01603,-0.01516,0.00033,-0.01553
194.22,SYN.ETH-25SEP20,1580554740545,open,1.5,0.0,1.434,1.653,1.537878,94.92,None,0.0,ETH-25SEP20-480-P,181.25,0.0,0.0,0.0,0.0,0.0,0.0,0.45296,-0.09076,-2.93213,0.00195,-0.78839
194.22,SYN.ETH-25SEP20,1580554740545,open,1.31,0.0,1.242,1.452,1.341917,93.52,None,0.0,ETH-25SEP20-440-P,181.25,0.0,0.0,0.0,0.0,0.0,0.0,0.48555,-0.09585,-2.65033,0.00212,-0.76077
194.22,SYN.ETH-25SEP20,1580554740545,open,0.76,0.0,0.688,0.872,0.777595,89.79,None,0.0,ETH-25SEP20-320-P,181.25,0.0,0.0,0.0,0.0,0.0,0.0,0.59138,-0.11208,-1.77268,0.00269,-0.62879
185.54,ETH-27MAR20,1580554740547,open,0.03,2784.0,0.01,0.05,0.026489,80.02,0.027,0.0,ETH-27MAR20-140-P,181.25,77.14,0.024,295.0,0.029,295.0,82.83,0.16315,-0.11895,-0.04754,0.00394,-0.14392
190.89,ETH-26JUN20,1580554740547,open,0.1,974.0,0.051,0.142,0.093989,87.12,0.095,0.0,ETH-26JUN20-280-C,181.25,85.38,0.09,423.0,0.098,423.0,88.85,0.44075,-0.13161,0.18552,0.00347,0.33716
190.89,ETH-26JUN20,1580554740547,open,0.03,637.0,0.008,0.057,0.02644,96.28,0.029,0.0,ETH-26JUN20-480-C,181.25,94.22,0.024,300.0,0.029,420.0,98.35,0.23139,-0.07636,0.06607,0.00165,0.11304
185.54,ETH-27MAR20,1580554740547,open,0.0,1728.0,0.001,0.014,0.004949,94.25,0.005,0.0,ETH-27MAR20-100-P,181.25,90.49,0.004,325.0,0.006,339.0,97.98,0.04957,-0.04257,-0.00988,0.00102,-0.03046
185.54,ETH-27MAR20,1580554740547,open,0.32,126.0,0.286,0.397,0.339915,85.13,0.364,0.0,ETH-27MAR20-240-P,181.25,59.6,0.311,1.0,0.376,1.0,111.46,0.2376,-0.1843,-0.29862,0.00539,-0.73061
181.71,SYN.ETH-7FEB20,1580554740547,open,0.02,1247.0,0.003,0.045,0.019769,74.1,0.017,0.0,ETH-7FEB20-190-C,181.25,70.24,0.018,1.0,0.022,616.0,78.89,0.08394,-0.52927,0.00921,0.02131,0.33448
194.22,SYN.ETH-25SEP20,1580554740547,open,0.22,702.0,0.168,0.292,0.228445,86.87,0.219,0.0,ETH-25SEP20-180-P,181.25,78.8,0.205,241.0,0.228,241.0,86.71,0.5619,-0.10303,-0.69542,0.00264,-0.32328
185.54,ETH-27MAR20,1580554740549,open,0.0,230.0,0.001,0.013,0.003302,100.47,0.004,0.0,ETH-27MAR20-90-P,181.25,92.5,0.002,620.0,0.005,300.0,108.41,0.03497,-0.03201,-0.00653,0.00067,-0.02009
181.71,SYN.ETH-7FEB20,1580554740549,open,0.01,2556.0,0.001,0.03,0.010067,66.72,0.01,0.0,ETH-7FEB20-170-P,181.25,60.79,0.008,592.0,0.012,241.0,71.98,0.06522,-0.37029,-0.00625,0.01839,-0.2035
194.22,SYN.ETH-25SEP20,1580554740549,open,0.07,157.0,0.029,0.116,0.066472,94.92,0.072,0.0,ETH-25SEP20-480-C,181.25,93.42,0.063,100.0,0.07,295.0,96.42,0.45296,-0.09076,0.18294,0.00195,0.21161
194.22,SYN.ETH-25SEP20,1580554740549,open,2.29,0.0,2.217,2.472,2.336379,99.38,None,0.0,ETH-25SEP20-640-P,181.25,0.0,0.0,0.0,0.0,0.0,0.0,0.34489,-0.07235,-4.03136,0.00142,-0.86198
190.89,ETH-26JUN20,1580554740551,open,0.17,411.0,0.123,0.23,0.17533,83.67,0.248,0.0,ETH-26JUN20-180-P,181.25,80.55,0.168,180.0,0.177,254.0,84.38,0.44866,-0.12867,-0.40355,0.00368,-0.35363
190.89,ETH-26JUN20,1580554740551,open,0.23,274.0,0.179,0.299,0.238234,83.67,0.25,0.0,ETH-26JUN20-200-P,181.25,81.56,0.233,180.0,0.247,365.0,87.2,0.47401,-0.13594,-0.50981,0.00389,-0.43001
194.22,SYN.ETH-25SEP20,1580554740551,open,0.31,366.0,0.243,0.357,0.301668,86.87,0.289,0.0,ETH-25SEP20-180-C,181.25,83.88,0.293,120.0,0.304,262.0,87.67,0.5619,-0.10303,0.47274,0.00264,0.67672
194.22,SYN.ETH-25SEP20,1580554740551,open,0.05,560.0,0.02,0.096,0.051191,97.16,0.049,0.0,ETH-25SEP20-560-C,181.25,92.95,0.043,299.0,0.06,299.0,101.36,0.39311,-0.08062,0.14738,0.00165,0.16812
194.22,SYN.ETH-25SEP20,1580554740551,open,0.94,0.0,0.868,1.062,0.9615,91.33,None,0.0,ETH-25SEP20-360-P,181.25,0.0,0.0,0.0,0.0,0.0,0.0,0.55869,-0.1077,-2.07047,0.0025,-0.68114
185.54,ETH-27MAR20,1580554740553,open,0.01,2209.0,0.001,0.023,0.007845,96.41,0.008,0.0,ETH-27MAR20-360-C,181.25,91.88,0.006,890.0,0.01,560.0,100.97,0.08156,-0.07165,0.01353,0.00163,0.05634
185.54,ETH-27MAR20,1580554740553,open,0.01,2597.0,0.001,0.018,0.005365,101.11,0.006,0.0,ETH-27MAR20-400-C,181.25,96.55,0.004,393.0,0.007,560.0,105.72,0.06063,-0.05586,0.00936,0.00116,0.03892
185.54,ETH-27MAR20,1580554740553,open,0.07,3033.0,0.032,0.099,0.063446,81.4,0.067,0.0,ETH-27MAR20-220-C,181.25,78.99,0.06,578.0,0.067,278.0,83.86,0.26682,-0.19789,0.08028,0.00633,0.35125
185.54,ETH-27MAR20,1580554740553,open,0.2,3236.0,0.155,0.23,0.193701,77.94,0.194,0.0,ETH-27MAR20-160-C,181.25,74.19,0.189,300.0,0.227,41.0,103.71,0.23368,-0.16595,0.15219,0.00579,0.73929
190.89,ETH-26JUN20,1580554740553,open,0.69,3.0,0.678,0.704,0.690032,99.37,0.588,0.0,ETH-26JUN20-60-C,181.25,69.51,0.686,59.0,0.697,59.0,120.39,0.04707,-0.01603,0.22463,0.00033,0.98447
185.54,ETH-27MAR20,1580554740553,open,0.0,275.0,0.001,0.011,0.000496,101.13,0.003,0.0,ETH-27MAR20-70-P,181.25,0.0,0.0,0.0,0.002,300.0,121.56,0.00787,-0.00725,-0.00116,0.00015,-0.00366
185.54,ETH-27MAR20,1580554740553,open,0.52,0.0,0.501,0.536,0.518231,100.47,None,0.0,ETH-27MAR20-90-C,181.25,62.75,0.515,46.0,0.528,46.0,133.74,0.03497,-0.03201,0.12878,0.00067,0.97991
185.54,ETH-27MAR20,1580554740553,open,0.0,5123.0,0.001,0.011,0.000758,116.47,0.002,0.0,ETH-27MAR20-640-C,181.25,0.0,0.0,0.0,0.002,374.0,129.33,0.01212,-0.01286,0.00144,0.0002,0.00594
183.35,SYN.ETH-28FEB20,1580554740553,open,0.21,676.0,0.167,0.229,0.198427,76.4,0.195,0.0,ETH-28FEB20-150-C,181.25,28.47,0.182,35.0,0.224,35.0,112.52,0.11172,-0.1588,0.08907,0.00591,0.85816
194.22,SYN.ETH-25SEP20,1580554740553,open,0.11,342.0,0.058,0.165,0.107945,91.33,0.115,0.0,ETH-25SEP20-360-C,181.25,89.6,0.103,387.0,0.113,287.0,93.08,0.55869,-0.1077,0.26584,0.0025,0.31886
194.22,SYN.ETH-25SEP20,1580554740553,open,0.17,793.0,0.103,0.221,0.161001,88.63,0.17,0.0,ETH-25SEP20-280-C,181.25,87.05,0.156,388.0,0.166,278.0,90.2,0.61671,-0.11538,0.3495,0.00284,0.43829
181.71,SYN.ETH-7FEB20,1580554740553,open,0.18,83.0,0.15,0.202,0.175971,84.89,0.145,0.0,ETH-7FEB20-150-C,181.25,0.0,0.174,1.0,0.19,31.0,154.78,0.0171,-0.12354,0.02313,0.00379,0.9667
194.22,SYN.ETH-25SEP20,1580554740553,open,0.08,46.0,0.035,0.128,0.076461,93.52,0.083,0.0,ETH-25SEP20-440-C,181.25,91.72,0.072,393.0,0.081,293.0,95.32,0.48555,-0.09585,0.20516,0.00212,0.23923
181.71,SYN.ETH-7FEB20,1580554740553,open,0.35,1.0,0.32,0.359,0.339606,85.09,0.317,0.0,ETH-7FEB20-120-C,181.25,0.0,0.339,1.0,0.348,36.0,231.16,5e-05,-0.00034,0.01932,1e-05,0.99995
183.35,SYN.ETH-28FEB20,1580554740553,open,0.16,513.0,0.121,0.187,0.154909,73.8,0.149,0.0,ETH-28FEB20-160-C,181.25,0.0,0.125,37.0,0.183,37.0,106.63,0.14638,-0.20096,0.08472,0.00801,0.78243
183.35,SYN.ETH-28FEB20,1580554740553,open,0.0,835.0,0.001,0.011,0.001839,95.61,0.003,0.0,ETH-28FEB20-110-P,181.25,87.21,0.001,500.0,0.003,5.0,103.9,0.02192,-0.039,-0.00267,0.00093,-0.0179
194.22,SYN.ETH-25SEP20,1580554740553,open,0.16,290.0,0.118,0.227,0.170472,86.87,0.165,0.0,ETH-25SEP20-160-P,181.25,78.37,0.148,262.0,0.174,262.0,88.2,0.51285,-0.09404,-0.54936,0.00241,-0.26537
183.35,SYN.ETH-28FEB20,1580554740553,open,0.03,662.0,0.008,0.05,0.025416,78.61,0.03,0.0,ETH-28FEB20-220-C,181.25,75.62,0.023,482.0,0.028,662.0,81.73,0.1501,-0.21953,0.02726,0.00771,0.22736
194.22,SYN.ETH-25SEP20,1580554740553,open,0.02,318.0,0.01,0.043,0.023446,89.61,0.026,0.0,ETH-25SEP20-80-P,181.25,86.86,0.021,470.0,0.026,256.0,92.37,0.17646,-0.03338,-0.10009,0.0008,-0.05596
185.54,ETH-27MAR20,1580554740555,open,2.19,0.0,2.14,2.339,2.234968,116.43,None,0.0,ETH-27MAR20-600-P,181.25,0.0,0.03,50.0,0.0,0.0,0.0,0.01714,-0.01818,-0.89994,0.00028,-0.9912
194.22,SYN.ETH-25SEP20,1580554740555,open,0.13,66.0,0.076,0.189,0.129991,89.79,0.126,0.0,ETH-25SEP20-320-C,181.25,88.14,0.125,383.0,0.135,383.0,91.43,0.59138,-0.11208,0.30404,0.00269,0.37121
181.71,SYN.ETH-7FEB20,1580554740555,open,0.0,745.0,0.001,0.011,0.001466,84.89,0.002,0.0,ETH-7FEB20-150-P,181.25,79.38,0.001,94.0,0.002,10.0,90.07,0.0171,-0.12354,-0.00102,0.00379,-0.0333
183.35,SYN.ETH-28FEB20,1580554740555,open,0.46,21.0,0.438,0.474,0.456047,107.31,0.267,0.0,ETH-28FEB20-100-C,181.25,0.0,0.449,42.0,0.464,42.0,151.95,0.0166,-0.03315,0.07169,0.00063,0.98705
183.35,SYN.ETH-28FEB20,1580554740555,open,0.0,830.0,0.001,0.011,0.000482,107.32,0.001,0.0,ETH-28FEB20-90-P,181.25,0.0,0.0,0.0,0.001,10.0,117.72,0.00695,-0.01388,-0.00071,0.00026,-0.00481
183.35,SYN.ETH-28FEB20,1580554740555,open,0.26,1.0,0.229,0.321,0.273328,80.52,0.292,0.0,ETH-28FEB20-230-P,181.25,0.0,0.001,1.0,0.299,1.0,111.9,0.12902,-0.19327,-0.14806,0.00647,-0.82334
183.35,SYN.ETH-28FEB20,1580554740555,open,0.0,1339.0,0.001,0.011,0.000124,107.33,0.002,0.0,ETH-28FEB20-80-P,181.25,0.0,0.0,0.0,0.001,10.0,135.54,0.00225,-0.00449,-0.0002,8e-05,-0.00138
194.22,SYN.ETH-25SEP20,1580554740555,open,0.06,23.0,0.024,0.106,0.058718,96.38,0.059,0.0,ETH-25SEP20-520-C,181.25,92.25,0.05,297.0,0.068,297.0,100.51,0.4237,-0.08619,0.16466,0.0018,0.18936
185.54,ETH-27MAR20,1580554740557,open,0.01,1645.0,0.002,0.027,0.011937,86.04,0.013,0.0,ETH-27MAR20-120-P,181.25,82.18,0.01,620.0,0.014,540.0,89.85,0.09698,-0.07603,-0.02296,0.00218,-0.07036
185.54,ETH-27MAR20,1580554740557,open,0.1,4556.0,0.056,0.131,0.092444,79.78,0.089,0.0,ETH-27MAR20-200-C,181.25,77.54,0.089,492.0,0.096,267.0,82.08,0.2859,-0.20782,0.10391,0.00692,0.46496
185.54,ETH-27MAR20,1580554740557,open,0.02,670.0,0.006,0.036,0.017512,82.1,0.02,0.0,ETH-27MAR20-130-P,181.25,79.85,0.016,620.0,0.019,301.0,84.24,0.12704,-0.09503,-0.03302,0.00299,-0.10085
190.89,ETH-26JUN20,1580554740557,open,0.01,1009.0,0.001,0.024,0.010977,92.31,0.021,0.0,ETH-26JUN20-80-P,181.25,90.37,0.01,3.0,0.012,200.0,94.25,0.09839,-0.03113,-0.03688,0.00073,-0.03737
185.54,ETH-27MAR20,1580554740557,open,0.0,2591.0,0.001,0.011,0.001809,116.4,0.003,0.0,ETH-27MAR20-560-C,181.25,108.89,0.001,98.0,0.003,484.0,123.95,0.02432,-0.02579,0.00316,0.0004,0.01315
181.71,SYN.ETH-7FEB20,1580554740557,open,0.29,67.0,0.263,0.305,0.284596,84.97,0.258,0.0,ETH-7FEB20-130-C,181.25,0.0,0.276,34.0,0.295,34.0,206.09,0.00062,-0.00451,0.0209,0.00014,0.99921
181.71,SYN.ETH-7FEB20,1580554740557,open,0.15,0.0,0.124,0.202,0.161024,87.26,None,0.0,ETH-7FEB20-210-P,181.25,0.0,0.001,1.0,0.0,0.0,0.0,0.04202,-0.31201,-0.03088,0.00906,-0.89466
194.22,SYN.ETH-25SEP20,1580554740557,open,0.04,189.0,0.022,0.074,0.044972,87.3,0.049,0.0,ETH-25SEP20-100-P,181.25,85.14,0.042,170.0,0.048,469.0,89.46,0.26969,-0.0497,-0.17966,0.00126,-0.09757
194.22,SYN.ETH-25SEP20,1580554740557,open,0.71,1.0,0.686,0.719,0.70152,94.08,0.7,0.0,ETH-25SEP20-60-C,181.25,69.31,0.693,61.0,0.711,61.0,110.14,0.09715,-0.01929,0.34234,0.00042,0.97313
185.54,ETH-27MAR20,1580554740559,open,0.0,2284.0,0.001,0.012,0.002881,109.24,0.003,0.0,ETH-27MAR20-480-C,181.25,104.18,0.002,220.0,0.004,300.0,114.33,0.03639,-0.03622,0.00507,0.00064,0.02106
185.54,ETH-27MAR20,1580554740559,open,0.1,1865.0,0.064,0.144,0.102124,76.71,0.099,0.0,ETH-27MAR20-180-P,181.25,74.62,0.099,248.0,0.105,10.0,78.63,0.27813,-0.19439,-0.14036,0.00701,-0.40105
185.54,ETH-27MAR20,1580554740559,open,0.0,2306.0,0.001,0.014,0.003913,105.6,0.005,0.0,ETH-27MAR20-440-C,181.25,101.66,0.003,95.0,0.005,300.0,109.57,0.04683,-0.04506,0.00684,0.00086,0.02844
181.71,SYN.ETH-7FEB20,1580554740559,open,0.0,635.0,0.001,0.017,0.003984,76.18,0.004,0.0,ETH-7FEB20-160-P,181.25,70.92,0.003,300.0,0.005,305.0,81.01,0.03624,-0.23494,-0.00264,0.00895,-0.08616
183.35,SYN.ETH-28FEB20,1580554740559,open,0.07,105.0,0.038,0.104,0.069069,72.71,0.07,0.0,ETH-28FEB20-180-P,181.25,68.88,0.065,468.0,0.071,144.0,74.53,0.19485,-0.26359,-0.06654,0.01083,-0.42382
183.35,SYN.ETH-28FEB20,1580554740559,open,0.31,0.0,0.278,0.373,0.323384,82.82,None,0.0,ETH-28FEB20-240-P,181.25,0.0,0.001,1.0,0.0,0.0,0.0,0.11009,-0.16962,-0.15992,0.00537,-0.8612
194.22,SYN.ETH-25SEP20,1580554740559,open,0.01,813.0,0.001,0.022,0.010446,94.08,0.009,0.0,ETH-25SEP20-60-P,181.25,91.08,0.009,470.0,0.012,263.0,97.08,0.09715,-0.01929,-0.04704,0.00042,-0.02687
194.22,SYN.ETH-25SEP20,1580554740559,open,1.7,0.0,1.628,1.857,1.736075,96.38,None,0.0,ETH-25SEP20-520-P,181.25,0.0,0.0,0.0,0.0,0.0,0.0,0.4237,-0.08619,-3.21,0.0018,-0.81064
185.54,ETH-27MAR20,1580554740561,open,0.02,3129.0,0.007,0.05,0.023969,89.06,0.026,0.0,ETH-27MAR20-280-C,181.25,88.0,0.023,12.0,0.025,558.0,90.17,0.17077,-0.13858,0.0363,0.0037,0.15411
190.89,ETH-26JUN20,1580554740561,open,0.02,805.0,0.01,0.045,0.023967,88.21,0.026,0.0,ETH-26JUN20-100-P,181.25,85.98,0.022,25.0,0.026,499.0,90.44,0.17115,-0.05175,-0.07564,0.00133,-0.07519
185.54,ETH-27MAR20,1580554740561,open,2.4,0.0,2.349,2.56,2.450149,116.47,None,0.0,ETH-27MAR20-640-P,181.25,0.0,0.01,50.0,0.0,0.0,0.0,0.01212,-0.01286,-0.96076,0.0002,-0.99406
194.22,SYN.ETH-25SEP20,1580554740561,open,0.21,267.0,0.142,0.262,0.202008,87.11,0.2,0.0,ETH-25SEP20-240-C,181.25,85.55,0.197,383.0,0.207,273.0,88.66,0.62344,-0.11463,0.40037,0.00292,0.51965
181.71,SYN.ETH-7FEB20,1580554740561,open,0.04,1503.0,0.011,0.064,0.036121,61.93,0.044,0.0,ETH-7FEB20-180-C,181.25,61.69,0.036,431.0,0.044,431.0,77.68,0.09081,-0.47859,0.01542,0.02759,0.56339
194.22,SYN.ETH-25SEP20,1580554740561,open,0.4,23.0,0.35,0.446,0.398993,86.87,0.327,0.0,ETH-25SEP20-140-C,181.25,71.0,0.363,50.0,0.428,50.0,99.42,0.44682,-0.08193,0.49692,0.0021,0.79323
194.22,SYN.ETH-25SEP20,1580554740561,open,0.09,505.0,0.045,0.144,0.089959,92.35,0.097,0.0,ETH-25SEP20-400-C,181.25,90.48,0.085,390.0,0.095,390.0,94.21,0.52163,-0.10168,0.23264,0.00231,0.27453
183.35,SYN.ETH-28FEB20,1580554740561,open,0.31,38.0,0.272,0.322,0.296956,85.65,0.281,0.0,ETH-28FEB20-130-C,181.25,40.52,0.291,36.0,0.311,36.0,119.39,0.05556,-0.08853,0.08745,0.00262,0.94473
183.35,SYN.ETH-28FEB20,1580554740561,open,0.17,0.0,0.137,0.225,0.179731,76.7,None,0.0,ETH-28FEB20-210-P,181.25,0.0,0.001,1.0,0.0,0.0,0.0,0.17081,-0.24374,-0.11987,0.009,-0.70814
190.89,ETH-26JUN20,1580554740563,open,2.11,0.0,2.056,2.273,2.158094,99.96,None,0.0,ETH-26JUN20-600-P,181.25,0.0,0.01,50.0,0.0,0.0,0.0,0.15714,-0.05384,-2.35802,0.00108,-0.93273
185.54,ETH-27MAR20,1580554740563,open,1.13,5.0,1.095,1.236,1.161235,101.11,2.004,0.0,ETH-27MAR20-400-P,181.25,0.0,0.046,50.0,0.0,0.0,0.0,0.06063,-0.05586,-0.59202,0.00116,-0.96108
194.22,SYN.ETH-25SEP20,1580554740563,open,0.62,0.0,0.588,0.636,0.611545,89.61,None,0.0,ETH-25SEP20-80-C,181.25,68.56,0.596,55.0,0.626,55.0,104.08,0.17646,-0.03338,0.41909,0.0008,0.94404
181.71,SYN.ETH-7FEB20,1580554740563,open,0.01,951.0,0.001,0.021,0.005332,87.26,0.006,0.0,ETH-7FEB20-210-C,181.25,81.12,0.004,300.0,0.007,682.0,94.03,0.04202,-0.31201,0.00293,0.00906,0.10534
183.35,SYN.ETH-28FEB20,1580554740563,open,0.36,0.0,0.329,0.425,0.374886,85.55,None,0.0,ETH-28FEB20-250-P,181.25,0.0,0.001,1.0,0.0,0.0,0.0,0.09435,-0.15017,-0.17059,0.00446,-0.88869
190.89,ETH-26JUN20,1580554740566,open,0.12,1923.0,0.077,0.169,0.121098,83.67,0.121,0.0,ETH-26JUN20-160-P,181.25,78.87,0.111,266.0,0.126,446.0,85.99,0.40256,-0.11545,-0.30208,0.0033,-0.27485
190.89,ETH-26JUN20,1580554740566,open,1.3,0.0,1.252,1.433,1.33694,94.18,None,0.0,ETH-26JUN20-440-P,181.25,0.0,0.01,50.0,0.0,0.0,0.0,0.26151,-0.08442,-1.68017,0.00191,-0.86538
190.89,ETH-26JUN20,1580554740566,open,0.02,227.0,0.006,0.049,0.021422,97.45,0.024,0.0,ETH-26JUN20-520-C,181.25,95.09,0.019,420.0,0.024,415.0,99.82,0.20183,-0.06741,0.0551,0.00142,0.09365
194.22,SYN.ETH-25SEP20,1580554740566,open,0.27,98.0,0.203,0.321,0.263009,86.87,0.252,0.0,ETH-25SEP20-200-C,181.25,85.89,0.26,1.0,0.266,265.0,87.84,0.59528,-0.10915,0.45118,0.0028,0.62096
183.35,SYN.ETH-28FEB20,1580554740566,open,0.57,1.0,0.551,0.577,0.563802,107.33,0.522,0.0,ETH-28FEB20-80-C,181.25,0.0,0.559,48.0,0.571,48.0,188.69,0.00225,-0.00449,0.0587,8e-05,0.99862
190.89,ETH-26JUN20,1580554740568,open,0.42,318.0,0.38,0.449,0.41432,83.67,0.379,0.0,ETH-26JUN20-120-C,181.25,61.86,0.389,47.0,0.44,47.0,102.05,0.25079,-0.07192,0.35015,0.00206,0.87329
190.89,ETH-26JUN20,1580554740568,open,0.07,1316.0,0.043,0.116,0.076694,83.67,0.066,0.0,ETH-26JUN20-140-P,181.25,81.56,0.073,200.0,0.079,283.0,84.98,0.33528,-0.09615,-0.20917,0.00275,-0.19748
183.35,SYN.ETH-28FEB20,1580554740568,open,0.0,404.0,0.001,0.011,0.001449,107.31,0.002,0.0,ETH-28FEB20-100-P,181.25,101.74,0.001,1.0,0.002,10.0,112.77,0.0166,-0.03315,-0.00194,0.00063,-0.01295
183.35,SYN.ETH-28FEB20,1580554740568,open,0.04,443.0,0.02,0.075,0.044907,72.84,0.041,0.0,ETH-28FEB20-170-P,181.25,69.81,0.042,488.0,0.047,246.0,75.0,0.17677,-0.23953,-0.04861,0.0098,-0.31513
194.22,SYN.ETH-25SEP20,1580554740568,open,0.54,0.0,0.498,0.563,0.530095,87.3,None,0.0,ETH-25SEP20-100-C,181.25,69.74,0.508,52.0,0.55,52.0,100.93,0.26969,-0.0497,0.46931,0.00126,0.90243
183.35,SYN.ETH-28FEB20,1580554740568,open,0.01,3171.0,0.002,0.029,0.011382,85.55,0.013,0.0,ETH-28FEB20-250-C,181.25,82.79,0.01,540.0,0.013,720.0,88.6,0.09435,-0.15017,0.01349,0.00446,0.11131
194.22,SYN.ETH-25SEP20,1580554740568,open,0.35,0.0,0.289,0.437,0.362233,86.77,None,0.0,ETH-25SEP20-220-P,181.25,0.0,0.0,0.0,0.0,0.0,0.0,0.61511,-0.11267,-1.00111,0.0029,-0.43202
183.35,SYN.ETH-28FEB20,1580554740568,open,0.01,898.0,0.001,0.017,0.005978,85.65,0.006,0.0,ETH-28FEB20-130-P,181.25,82.27,0.005,800.0,0.007,89.0,88.89,0.05556,-0.08853,-0.00827,0.00262,-0.05527
194.22,SYN.ETH-25SEP20,1580554740568,open,0.04,1651.0,0.014,0.083,0.041171,99.38,0.049,0.0,ETH-25SEP20-640-C,181.25,95.15,0.034,300.0,0.049,300.0,103.6,0.34489,-0.07235,0.12207,0.00142,0.13802
185.54,ETH-27MAR20,1580554740570,open,0.63,0.0,0.612,0.635,0.623219,101.13,None,0.0,ETH-27MAR20-70-C,181.25,0.0,0.62,53.0,0.631,53.0,156.61,0.00787,-0.00725,0.10408,0.00015,0.99634
185.54,ETH-27MAR20,1580554740570,open,0.42,20.0,0.392,0.438,0.414566,88.96,0.272,0.0,ETH-27MAR20-110-C,181.25,0.0,0.406,43.0,0.429,42.0,118.07,0.06904,-0.05596,0.15056,0.0015,0.9543
190.89,ETH-26JUN20,1580554740572,open,0.51,1.0,0.473,0.528,0.500105,88.21,0.38,0.0,ETH-26JUN20-100-C,181.25,54.39,0.479,48.0,0.518,48.0,106.15,0.17115,-0.05175,0.32401,0.00133,0.92481
183.35,SYN.ETH-28FEB20,1580554741370,open,0.02,1035.0,0.005,0.041,0.018904,80.52,0.017,0.0,ETH-28FEB20-230-C,181.25,77.76,0.017,587.0,0.021,668.0,83.45,0.12902,-0.19327,0.0213,0.00647,0.17666
9611.04,BTC-27MAR20,1580554741727,open,0.11,168.5,0.0865,0.1555,0.11783291,61.14,0.112,0.0,BTC-27MAR20-10000-P,9368.86,22.26,0.059,0.1,0.119,1.5,61.89,14.84931,-8.27183,-9.20884,0.00017,-0.51947
9803.85,BTC-26JUN20,1580554741727,open,0.7,26.7,0.686,0.706,0.69595814,89.23,0.68,0.0,BTC-26JUN20-3000-C,9368.86,48.55,0.694,9.1,0.704,9.0,119.64,1.45187,-0.44406,11.57488,0.0,0.99137
9611.04,BTC-27MAR20,1580554741727,open,0.01,1292.7,0.001,0.0255,0.01076554,65.2,0.01,0.0,BTC-27MAR20-7000-P,9368.86,63.9,0.01,25.0,0.0115,44.0,66.41,5.73431,-3.40653,-1.36557,6e-05,-0.08374
9611.04,BTC-27MAR20,1580554741727,open,0.66,1.2,0.635,0.718,0.6727255,79.31,0.95,0.0,BTC-27MAR20-16000-P,9368.86,0.0,0.05,0.1,0.95,0.1,289.87,4.80021,-3.46874,-23.21179,4e-05,-0.93366
9803.85,BTC-26JUN20,1580554741727,open,0.08,264.1,0.048,0.114,0.0760807,66.44,0.0745,0.0,BTC-26JUN20-8000-P,9368.86,64.12,0.0715,13.7,0.0765,12.5,66.65,19.4328,-4.42557,-12.53394,8e-05,-0.24381
9611.04,BTC-27MAR20,1580554741727,open,2.31,0.0,2.2645,2.4025,2.3304033,115.64,None,0.0,BTC-27MAR20-32000-P,9368.86,0.0,0.0,0.0,0.0,0.0,0.0,0.72427,-0.76314,-48.02234,0.0,-0.99302
9611.04,BTC-27MAR20,1580554741727,open,0.13,1570.9,0.098,0.159,0.12660652,61.14,0.1255,0.0,BTC-27MAR20-9000-C,9368.86,58.61,0.123,2.7,0.1265,16.6,61.06,13.74789,-7.65828,7.61791,0.00016,0.65381
9803.85,BTC-26JUN20,1580554741727,open,0.0,443.5,0.0005,0.0145,0.00498958,80.51,0.0045,0.0,BTC-26JUN20-4000-P,9368.86,78.99,0.0045,12.0,0.0055,40.0,82.02,3.24206,-0.89471,-1.05408,1e-05,-0.02191
9803.85,BTC-26JUN20,1580554741727,open,0.01,428.2,0.0005,0.024,0.00694932,90.26,0.007,0.0,BTC-26JUN20-32000-C,9368.86,88.31,0.006,31.0,0.008,15.0,92.22,5.00024,-1.54687,1.17325,1e-05,0.03689
9803.85,BTC-26JUN20,1580554741727,open,0.33,115.9,0.3005,0.362,0.32852908,66.82,0.3235,0.0,BTC-26JUN20-7000-C,9368.86,47.01,0.302,6.0,0.3375,16.0,72.6,14.86671,-3.4048,20.17516,6e-05,0.84344
9803.85,BTC-26JUN20,1580554741727,open,0.86,1.0,0.8155,0.9305,0.8669683,75.76,0.9,0.0,BTC-26JUN20-18000-P,9368.86,0.0,0.0,0.0,2.1,0.1,500.0,14.55927,-3.78052,-67.20791,5e-05,-0.84831
9611.04,BTC-27MAR20,1580554741727,open,0.48,21.6,0.47,0.496,0.4817298,84.16,0.478,0.0,BTC-27MAR20-5000-C,9368.86,0.0,0.4735,8.0,0.4925,8.0,121.9,1.42507,-1.09283,7.26962,1e-05,0.98483
9611.04,BTC-27MAR20,1580554741727,open,0.03,1033.5,0.0125,0.05,0.02710123,61.14,0.0275,0.0,BTC-27MAR20-8000-P,9368.86,59.58,0.0255,38.2,0.0275,2.0,61.52,9.98296,-5.56102,-3.08019,0.00012,-0.18607
9611.04,BTC-27MAR20,1580554741727,open,0.87,0.0,0.8375,0.925,0.87754895,84.46,1.23,0.0,BTC-27MAR20-18000-P,9368.86,0.0,0.0125,1.0,0.0,0.0,0.0,3.20251,-2.46448,-26.55391,3e-05,-0.96014
9803.85,BTC-26JUN20,1580554741727,open,1.25,0.0,1.2075,1.3295,1.26199219,80.68,None,0.0,BTC-26JUN20-22000-P,9368.86,0.0,0.11,1.0,2.22,0.1,500.0,10.21527,-2.82494,-85.03175,3e-05,-0.90818
9611.04,BTC-27MAR20,1580554741727,open,0.0,538.0,0.0005,0.0115,0.00196486,84.16,0.0025,0.0,BTC-27MAR20-5000-P,9368.86,80.76,0.0015,19.0,0.0025,54.0,87.51,1.42507,-1.09283,-0.2476,1e-05,-0.01517
9611.04,BTC-27MAR20,1580554741727,open,3.14,1.0,3.0805,3.2495,3.162232,122.29,3.41,0.0,BTC-27MAR20-40000-P,9368.86,0.0,0.0,0.0,0.0,0.0,0.0,0.32043,-0.35702,-60.10236,0.0,-0.9972
9611.04,BTC-27MAR20,1580554741727,open,0.0,318.1,0.0005,0.0105,0.00071624,122.28,0.001,0.0,BTC-27MAR20-36000-C,9368.86,118.19,0.0005,7.0,0.001,39.3,126.43,0.5783,-0.64432,0.06787,0.0,0.00541
9803.85,BTC-26JUN20,1580554741727,open,0.04,229.0,0.023,0.072,0.04253502,66.82,0.042,0.0,BTC-26JUN20-7000-P,9368.86,66.13,0.0415,1.2,0.0435,14.3,67.45,14.86678,-3.40484,-7.80107,6e-05,-0.15656
9611.04,BTC-27MAR20,1580554741727,open,0.0,1316.1,0.0005,0.014,0.00449609,73.24,0.0045,0.0,BTC-27MAR20-6000-P,9368.86,71.56,0.004,20.0,0.005,24.0,74.84,2.93624,-1.95938,-0.58287,3e-05,-0.03584
9611.04,BTC-27MAR20,1580554741728,open,0.0,719.1,0.0005,0.013,0.00318577,89.87,0.004,0.0,BTC-27MAR20-20000-C,9368.86,86.79,0.0025,49.5,0.004,73.0,93.01,2.31418,-1.89496,0.34236,2e-05,0.02688
9803.78,BTC-26JUN20,1580554741727,open,0.01,493.2,0.004,0.037,0.01370867,82.2,0.014,0.0,BTC-26JUN20-24000-C,9368.86,80.77,0.0125,15.0,0.015,15.0,83.66,8.47958,-2.38911,2.27353,3e-05,0.07173
9803.78,BTC-26JUN20,1580554741727,open,0.18,188.7,0.137,0.2285,0.17820055,66.44,0.1705,0.0,BTC-26JUN20-10000-P,9368.86,64.15,0.1725,8.3,0.1825,8.3,68.17,24.40006,-5.55666,-24.03896,0.0001,-0.43532
9803.78,BTC-26JUN20,1580554741728,open,0.12,572.1,0.086,0.1665,0.12177889,66.44,0.12,0.0,BTC-26JUN20-9000-P,9368.86,65.46,0.1195,0.9,0.123,10.6,66.97,22.69807,-5.16908,-18.07589,9e-05,-0.33956
9803.78,BTC-26JUN20,1580554741727,open,0.03,392.5,0.0125,0.064,0.03095302,75.76,0.033,0.0,BTC-26JUN20-18000-C,9368.86,74.42,0.029,14.9,0.033,15.1,77.12,14.55873,-3.78034,4.73056,5e-05,0.15169
9611.04,BTC-27MAR20,1580554741728,open,0.0,341.4,0.0005,0.012,0.00215762,93.98,0.002,0.0,BTC-27MAR20-22000-C,9368.86,89.72,0.0015,63.0,0.003,54.0,98.3,1.67252,-1.43219,0.23314,1e-05,0.01829
9611.04,BTC-27MAR20,1580554741728,open,0.01,1895.7,0.0005,0.0235,0.0079733,79.31,0.0075,0.0,BTC-27MAR20-16000-C,9368.86,78.35,0.0075,2.3,0.0085,71.0,80.34,4.80021,-3.46874,0.84331,4e-05,0.06634
9611.04,BTC-27MAR20,1580554741728,open,0.16,76.0,0.131,0.189,0.15830075,61.14,0.1555,0.0,BTC-27MAR20-8500-C,9368.86,59.31,0.156,2.5,0.16,2.5,62.48,12.13899,-6.76205,8.37436,0.00014,0.73785
9611.04,BTC-27MAR20,1580554741728,open,0.01,162.6,0.0005,0.018,0.00674631,68.44,0.0085,0.0,BTC-27MAR20-6500-P,9368.86,66.64,0.006,44.0,0.0075,24.0,70.17,4.09125,-2.55143,-0.87907,4e-05,-0.05409
9611.04,BTC-27MAR20,1580554741728,open,0.0,156.8,0.0005,0.0105,0.00071628,117.8,0.001,0.0,BTC-27MAR20-34000-C,9368.86,113.82,0.0005,6.3,0.001,1.1,121.84,0.59405,-0.63762,0.07027,0.0,0.00558
9611.04,BTC-27MAR20,1580554741728,open,0.43,0.0,0.417,0.447,0.43072396,78.46,None,0.0,BTC-27MAR20-5500-C,9368.86,55.9,0.428,8.0,0.443,8.0,112.15,2.06561,-1.47669,7.88669,2e-05,0.97653
9611.04,BTC-27MAR20,1580554741728,open,0.19,8.8,0.1575,0.2325,0.19191935,63.01,0.19,0.0,BTC-27MAR20-11000-P,9368.86,61.28,0.1895,2.4,0.1935,2.5,64.13,13.5521,-7.78017,-12.40434,0.00015,-0.66653
9611.04,BTC-27MAR20,1580554741727,open,0.0,163.3,0.0005,0.0105,0.00089921,110.41,0.001,0.0,BTC-27MAR20-30000-C,9368.86,104.13,0.0005,34.5,0.0015,39.0,116.75,0.7488,-0.75331,0.09173,0.0,0.00725
9611.04,BTC-27MAR20,1580554741727,open,0.08,1711.5,0.051,0.11,0.07736279,61.14,0.077,0.0,BTC-27MAR20-10000-C,9368.86,60.26,0.076,2.2,0.079,16.9,62.2,14.84931,-8.27183,5.8256,0.00017,0.48053
9803.78,BTC-26JUN20,1580554741728,open,1.65,0.0,1.604,1.7355,1.66348872,84.67,None,0.0,BTC-26JUN20-26000-P,9368.86,0.0,0.0005,1.0,0.0,0.0,0.0,7.38672,-2.14375,-102.0077,2e-05,-0.93996
9611.04,BTC-27MAR20,1580554741728,open,0.0,1437.8,0.0005,0.0105,0.00029385,86.32,0.0015,0.0,BTC-27MAR20-4000-P,9368.86,0.0,0.0,0.0,0.001,39.0,99.85,0.30631,-0.24091,-0.04274,0.0,-0.00266
9803.78,BTC-26JUN20,1580554741728,open,2.25,0.0,2.202,2.352,2.27097648,90.22,None,0.0,BTC-26JUN20-32000-P,9368.86,0.0,0.0005,1.0,0.0,0.0,0.0,4.99103,-1.54336,-126.72024,1e-05,-0.96319
9611.04,BTC-27MAR20,1580554741727,open,0.27,66.5,0.2435,0.321,0.2789485,66.05,0.272,0.0,BTC-27MAR20-12000-P,9368.86,59.93,0.272,14.9,0.6795,0.1,338.1,11.31703,-6.81118,-15.15629,0.00012,-0.76995
9611.04,BTC-27MAR20,1580554741728,open,0.59,24.6,0.5745,0.594,0.5841058,86.32,0.586,0.0,BTC-27MAR20-4000-C,9368.86,0.0,0.5785,10.0,0.588,11.0,124.56,0.30631,-0.24091,5.97103,0.0,0.99734
9803.78,BTC-26JUN20,1580554741728,open,0.02,409.7,0.0095,0.042,0.02125186,68.35,0.02,0.0,BTC-26JUN20-6000-P,9368.86,67.1,0.02,17.0,0.0225,28.0,69.58,9.90917,-2.32163,-4.28603,4e-05,-0.08814
9803.78,BTC-26JUN20,1580554741728,open,0.01,109.3,0.0005,0.0285,0.00922497,86.16,0.0115,0.0,BTC-26JUN20-28000-C,9368.86,85.01,0.0085,15.0,0.01,16.0,87.34,6.29431,-1.85893,1.56014,2e-05,0.04904
9394.85,SYN.BTC-7FEB20,1580554741727,open,0.17,0.0,0.1485,0.2005,0.1725807,72.28,None,0.0,BTC-7FEB20-11000-P,9368.86,0.0,0.0,0.0,0.0,0.0,0.0,1.17108,-7.20304,-1.70221,0.00011,-0.95295
9394.85,SYN.BTC-7FEB20,1580554741727,open,0.0,290.7,0.0005,0.0105,6.929e-05,64.9,0.0005,0.0,BTC-7FEB20-7500-P,9368.86,0.0,0.0,0.0,0.0005,0.6,81.98,0.10061,-0.55563,-0.00425,1e-05,-0.00274
9425.74,SYN.BTC-14FEB20,1580554741727,open,0.05,44.7,0.032,0.0805,0.04826886,51.52,0.0535,0.0,BTC-14FEB20-9250-C,9368.86,49.08,0.0465,0.6,0.05,19.0,53.89,6.85731,-13.71844,1.82106,0.00042,0.59595
9803.78,BTC-26JUN20,1580554741728,open,0.32,6.7,0.2755,0.38,0.32295821,68.64,0.4395,0.0,BTC-26JUN20-12000-P,9368.86,0.0,0.033,0.4,0.54,0.1,155.8,23.97153,-5.63941,-36.09581,9e-05,-0.59828
9611.04,BTC-27MAR20,1580554741729,open,0.2,1150.4,0.1695,0.223,0.19472513,61.14,0.196,0.0,BTC-27MAR20-8000-C,9368.86,58.48,0.192,2.5,0.1965,2.5,62.83,9.98296,-5.56102,8.94736,0.00012,0.81393
9394.85,SYN.BTC-7FEB20,1580554741727,open,0.0,275.0,0.0005,0.0105,0.00024406,64.86,0.0005,0.0,BTC-7FEB20-7750-P,9368.86,0.0,0.0,0.0,0.001,1.3,79.63,0.28012,-1.54621,-0.01347,3e-05,-0.00866
9611.04,BTC-27MAR20,1580554741728,open,0.0,664.2,0.0005,0.017,0.00470272,84.46,0.0055,0.0,BTC-27MAR20-18000-C,9368.86,82.24,0.004,44.0,0.0055,70.0,86.74,3.20251,-2.46448,0.50807,3e-05,0.03986
9803.78,BTC-26JUN20,1580554741729,open,0.02,1142.6,0.0085,0.053,0.02347165,78.52,0.0225,0.0,BTC-26JUN20-20000-C,9368.86,77.74,0.0225,1.0,0.0245,15.0,79.34,12.20866,-3.2859,3.68076,4e-05,0.11741
9974.94,SYN.BTC-25SEP20,1580554741727,open,0.07,77.5,0.0355,0.115,0.06718783,74.43,0.071,0.0,BTC-25SEP20-18000-C,9368.86,72.97,0.0635,9.5,0.071,9.5,75.92,25.35985,-3.98432,11.62598,5e-05,0.24678
9611.04,BTC-27MAR20,1580554741728,open,0.0,212.4,0.0005,0.011,0.00143618,96.96,0.002,0.0,BTC-27MAR20-24000-C,9368.86,92.99,0.001,23.0,0.002,24.0,100.99,1.19296,-1.05392,0.15764,1e-05,0.01235
9611.04,BTC-27MAR20,1580554741729,open,2.52,0.0,2.4685,2.6145,2.53831471,117.8,None,0.0,BTC-27MAR20-34000-P,9368.86,0.0,0.0,0.0,0.0,0.0,0.0,0.59405,-0.63762,-51.04682,0.0,-0.99442
9611.04,BTC-27MAR20,1580554741729,open,0.01,1642.2,0.004,0.033,0.01356449,71.73,0.0155,0.0,BTC-27MAR20-14000-C,9368.86,70.27,0.0125,44.0,0.0145,20.0,72.97,7.12085,-4.65394,1.42953,7e-05,0.1125
9803.78,BTC-26JUN20,1580554741729,open,0.41,79.7,0.3875,0.4355,0.40924677,68.36,0.4075,0.0,BTC-26JUN20-6000-C,9368.86,51.9,0.3955,7.0,0.4295,7.0,85.99,9.90983,-2.32191,19.69308,4e-05,0.91186
9611.04,BTC-27MAR20,1580554741729,open,0.05,347.7,0.0255,0.0775,0.04740221,63.01,0.0495,0.0,BTC-27MAR20-11000-C,9368.86,62.01,0.046,20.0,0.049,2.5,64.14,13.5521,-7.78017,4.13354,0.00015,0.33347
9611.04,BTC-27MAR20,1580554741729,open,0.03,1692.4,0.0135,0.057,0.03038435,66.05,0.0315,0.0,BTC-27MAR20-12000-C,9368.86,64.87,0.029,26.5,0.0315,39.3,67.0,11.31703,-6.81118,2.88503,0.00012,0.23005
9803.78,BTC-26JUN20,1580554741730,open,0.07,675.5,0.0355,0.1065,0.06470546,71.22,0.0675,0.0,BTC-26JUN20-14000-C,9368.86,70.19,0.0625,0.5,0.067,13.6,72.29,21.06402,-5.14213,8.6565,8e-05,0.28564
9611.04,BTC-27MAR20,1580554741729,open,1.07,5.2,1.041,1.134,1.08412603,89.87,2.035,0.0,BTC-27MAR20-20000-P,9368.86,0.0,0.0,0.0,0.0,0.0,0.0,2.31418,-1.89496,-29.72651,2e-05,-0.97312
9611.04,BTC-27MAR20,1580554741729,open,0.24,0.0,0.214,0.2625,0.23667793,62.57,None,0.0,BTC-27MAR20-7500-C,9368.86,59.8,0.2345,2.5,0.24,2.5,66.57,7.73117,-4.40749,9.20332,9e-05,0.8736
9803.78,BTC-26JUN20,1580554741730,open,0.6,0.5,0.5855,0.612,0.59698618,80.52,0.589,0.0,BTC-26JUN20-4000-C,9368.86,0.0,0.5915,8.1,0.6065,8.0,101.36,3.24298,-0.89504,14.93191,1e-05,0.97808
9611.04,BTC-27MAR20,1580554741730,open,0.0,898.4,0.0005,0.0105,0.0003515,122.29,0.0005,0.0,BTC-27MAR20-40000-C,9368.86,0.0,0.0,0.0,0.001,27.7,134.79,0.32043,-0.35702,0.03538,0.0,0.0028
9803.78,BTC-26JUN20,1580554741730,open,0.01,104.7,0.0005,0.026,0.00795525,88.28,0.009,0.0,BTC-26JUN20-30000-C,9368.86,86.54,0.007,30.0,0.009,15.0,90.05,5.58588,-1.69028,1.3447,2e-05,0.04227
9803.78,BTC-26JUN20,1580554741729,open,1.85,0.0,1.803,1.9395,1.86524873,86.14,None,0.0,BTC-26JUN20-28000-P,9368.86,0.0,0.0005,1.0,0.0,0.0,0.0,6.28708,-1.85621,-110.34659,2e-05,-0.95103
9803.78,BTC-26JUN20,1580554741729,open,0.0,246.4,0.0005,0.0115,0.00196069,89.24,0.002,0.0,BTC-26JUN20-3000-P,9368.86,85.85,0.0015,10.0,0.0025,25.0,92.6,1.45201,-0.44411,-0.41495,0.0,-0.00863
9611.04,BTC-27MAR20,1580554741729,open,0.04,295.0,0.023,0.0705,0.04270036,61.14,0.042,0.0,BTC-27MAR20-8500-P,9368.86,58.59,0.0395,17.6,0.0415,2.3,60.18,12.13899,-6.76205,-4.40491,0.00014,-0.26215
9803.78,BTC-26JUN20,1580554741730,open,0.5,0.0,0.4845,0.5205,0.50024032,72.75,None,0.0,BTC-26JUN20-5000-C,9368.86,50.93,0.4915,7.0,0.515,7.0,92.35,5.88899,-1.46848,17.81295,2e-05,0.95486
9425.74,SYN.BTC-14FEB20,1580554741727,open,0.03,202.0,0.0165,0.0615,0.02962318,51.52,0.028,0.0,BTC-14FEB20-9250-P,9368.86,46.53,0.026,1.0,0.029,21.0,50.66,6.8573,-13.71795,-1.44195,0.00042,-0.40404
9610.97,BTC-27MAR20,1580554741730,open,0.0,36.9,0.0005,0.0105,0.00091126,86.31,0.002,0.0,BTC-27MAR20-4500-P,9368.86,80.06,0.0005,49.0,0.0015,44.0,92.5,0.7671,-0.60324,-0.1208,1e-05,-0.00745
9610.97,BTC-27MAR20,1580554741730,open,1.48,0.0,1.4485,1.5545,1.49856448,96.81,None,0.0,BTC-27MAR20-24000-P,9368.86,0.0,0.0015,0.5,0.0,0.0,0.0,1.1823,-1.04292,-35.92659,1e-05,-0.98778
9610.97,BTC-27MAR20,1580554741730,open,0.0,134.9,0.0005,0.0125,0.00298253,78.46,0.003,0.0,BTC-27MAR20-5500-P,9368.86,76.1,0.0025,38.0,0.0035,62.0,80.76,2.06561,-1.47668,-0.38225,2e-05,-0.02347
9803.78,BTC-26JUN20,1580554741730,open,0.04,281.2,0.021,0.081,0.04396526,73.6,0.0455,0.0,BTC-26JUN20-16000-C,9368.86,72.78,0.0425,1.0,0.0455,15.0,74.44,17.6637,-4.45573,6.35125,6e-05,0.20606
9394.85,SYN.BTC-7FEB20,1580554741727,open,0.0,735.7,0.0005,0.011,0.00146051,61.56,0.0015,0.0,BTC-7FEB20-8250-P,9368.86,57.27,0.001,54.0,0.002,20.5,65.72,1.1157,-5.84465,-0.06921,0.00013,-0.0443
9610.97,BTC-27MAR20,1580554741730,open,0.0,206.5,0.0005,0.0105,0.00089956,104.77,0.0015,0.0,BTC-27MAR20-28000-C,9368.86,98.71,0.0005,42.1,0.0015,43.0,110.87,0.77771,-0.74238,0.09632,1e-05,0.00757
9610.97,BTC-27MAR20,1580554741730,open,0.02,758.2,0.0065,0.0355,0.01703053,62.57,0.017,0.0,BTC-27MAR20-7500-P,9368.86,61.27,0.016,22.5,0.018,61.3,63.76,7.73121,-4.40742,-2.07253,9e-05,-0.1264
9803.78,BTC-26JUN20,1580554741730,open,1.45,0.0,1.405,1.531,1.46172904,82.18,None,0.0,BTC-26JUN20-24000-P,9368.86,0.0,0.0005,1.0,0.0,0.0,0.0,8.47439,-2.38714,-93.64639,3e-05,-0.92832
9610.97,BTC-27MAR20,1580554741730,open,1.28,5.6,1.2445,1.344,1.2911919,93.89,1.545,0.0,BTC-27MAR20-22000-P,9368.86,0.0,0.0,0.0,0.0,0.0,0.0,1.66374,-1.42322,-32.844,1e-05,-0.98182
9425.74,SYN.BTC-14FEB20,1580554741727,open,0.19,0.0,0.1715,0.228,0.19779783,64.57,None,0.0,BTC-14FEB20-11250-P,9368.86,0.0,0.0,0.0,0.0,0.0,0.0,2.65756,-6.66407,-3.71325,0.00013,-0.91897
9610.97,BTC-27MAR20,1580554741730,open,0.0,335.4,0.0005,0.0105,0.00090001,98.63,0.0015,0.0,BTC-27MAR20-26000-C,9368.86,92.83,0.0005,74.5,0.0015,24.0,104.47,0.8125,-0.73015,0.10189,1e-05,0.00795
9610.97,BTC-27MAR20,1580554741731,open,0.0,247.6,0.0005,0.0105,0.00089889,115.64,0.0015,0.0,BTC-27MAR20-32000-C,9368.86,109.15,0.0005,5.1,0.0015,39.0,122.19,0.72427,-0.76314,0.08785,0.0,0.00698
9803.78,BTC-26JUN20,1580554741730,open,0.16,613.1,0.1205,0.2035,0.15819207,66.44,0.1605,0.0,BTC-26JUN20-10000-C,9368.86,65.36,0.1555,1.0,0.161,11.1,67.57,24.40002,-5.55686,15.92689,0.0001,0.56468
9610.97,BTC-27MAR20,1580554741730,open,1.69,0.0,1.6525,1.765,1.70612233,98.39,None,0.0,BTC-27MAR20-26000-P,9368.86,0.0,0.0,0.0,0.0,0.0,0.0,0.79952,-0.71678,-38.98944,1e-05,-0.99219
9610.97,BTC-27MAR20,1580554741731,open,0.01,243.2,0.0005,0.027,0.00995152,75.18,0.011,0.0,BTC-27MAR20-15000-C,9368.86,73.54,0.009,44.0,0.011,77.1,76.89,5.72586,-3.92198,1.06385,5e-05,0.08358
9610.97,BTC-27MAR20,1580554741731,open,0.54,27.0,0.5225,0.5445,0.53269971,86.35,0.535,0.0,BTC-27MAR20-4500-C,9368.86,0.0,0.5265,9.0,0.542,9.0,131.37,0.76905,-0.60507,6.64434,1e-05,0.99253
9803.78,BTC-26JUN20,1580554741731,open,0.26,224.4,0.2265,0.2995,0.2600734,66.44,0.269,0.0,BTC-26JUN20-8000-C,9368.86,63.87,0.255,10.7,0.261,9.7,66.91,19.43295,-4.42568,19.43846,8e-05,0.75618
9610.97,BTC-27MAR20,1580554741731,open,1.9,0.0,1.8565,1.9775,1.91421592,104.5,None,0.0,BTC-27MAR20-28000-P,9368.86,0.0,0.0,0.0,0.0,0.0,0.0,0.76426,-0.7277,-42.00194,1e-05,-0.99258
9610.97,BTC-27MAR20,1580554741731,open,0.46,67.8,0.4345,0.5135,0.47022266,71.72,0.48,0.0,BTC-27MAR20-14000-P,9368.86,0.0,0.4,0.1,0.6795,1.5,226.14,7.11817,-4.65133,-19.61937,7e-05,-0.88756
9803.78,BTC-26JUN20,1580554741731,open,0.21,281.0,0.167,0.247,0.20377078,66.44,0.2,0.0,BTC-26JUN20-9000-C,9368.86,65.46,0.2015,1.0,0.2045,10.3,66.76,22.69806,-5.16926,17.89325,9e-05,0.66044
9610.97,BTC-27MAR20,1580554741731,open,2.1,0.0,2.0605,2.19,2.12230959,110.12,None,0.0,BTC-27MAR20-30000-P,9368.86,0.0,0.0,0.0,0.0,0.0,0.0,0.73483,-0.73729,-45.01346,0.0,-0.99291
9610.97,BTC-27MAR20,1580554741731,open,0.33,0.0,0.313,0.351,0.33044073,68.46,None,0.0,BTC-27MAR20-6500-C,9368.86,41.24,0.324,7.0,0.348,7.0,97.97,4.09276,-2.55277,8.89287,4e-05,0.94588
9610.97,BTC-27MAR20,1580554741731,open,0.02,643.4,0.007,0.0415,0.01920346,68.11,0.02,0.0,BTC-27MAR20-13000-C,9368.86,67.34,0.0185,39.0,0.02,2.5,68.96,8.91155,-5.53012,1.97427,9e-05,0.15584
9803.78,BTC-26JUN20,1580554741730,open,2.05,0.0,2.0025,2.1455,2.0679838,88.26,None,0.0,BTC-26JUN20-30000-P,9368.86,0.0,0.0005,1.0,0.0,0.0,0.0,5.57903,-1.68768,-118.55503,2e-05,-0.95779
9487.5,SYN.BTC-28FEB20,1580554741727,open,0.37,0.5,0.355,0.383,0.36850336,78.12,0.36,0.0,BTC-28FEB20-6000-C,9368.86,0.0,0.3605,7.0,0.3815,7.0,133.35,0.78522,-1.14118,4.32997,2e-05,0.98832
9487.5,SYN.BTC-28FEB20,1580554741728,open,0.48,0.6,0.4625,0.4845,0.47319479,88.47,0.465,0.0,BTC-28FEB20-5000-C,9368.86,0.0,0.4675,8.0,0.483,8.0,161.55,0.21065,-0.34672,3.66166,0.0,0.99735
9974.94,SYN.BTC-25SEP20,1580554741727,open,0.04,58.3,0.0145,0.0745,0.03567557,78.53,0.037,0.0,BTC-25SEP20-24000-C,9368.86,77.02,0.033,10.0,0.0385,10.0,80.06,18.05548,-2.99287,6.88061,4e-05,0.14196
9610.97,BTC-27MAR20,1580554741731,open,0.36,0.0,0.3365,0.414,0.37181462,68.1,0.407,0.0,BTC-27MAR20-13000-P,9368.86,0.0,0.0,0.0,0.0,0.0,0.0,8.90975,-5.52815,-17.57104,9e-05,-0.84421
9974.94,SYN.BTC-25SEP20,1580554741727,open,0.61,0.1,0.5945,0.624,0.60723368,71.04,0.567,0.0,BTC-25SEP20-4000-C,9368.86,55.13,0.601,6.0,0.6205,6.0,89.74,5.44727,-0.81688,23.49233,1e-05,0.97013
9610.97,BTC-27MAR20,1580554741731,open,0.38,22.1,0.365,0.3985,0.38021402,73.25,0.354,0.0,BTC-27MAR20-6000-C,9368.86,48.4,0.376,7.0,0.395,7.0,104.78,2.93788,-1.96085,8.43737,3e-05,0.96413
9974.94,SYN.BTC-25SEP20,1580554741728,open,0.02,149.9,0.007,0.052,0.02073208,84.52,0.022,0.0,BTC-25SEP20-32000-C,9368.86,83.93,0.02,12.8,0.0215,10.0,85.12,12.51422,-2.23252,4.16622,2e-05,0.08509
9803.78,BTC-26JUN20,1580554741731,open,0.01,404.4,0.0015,0.033,0.01146666,84.69,0.0125,0.0,BTC-26JUN20-26000-C,9368.86,83.38,0.0105,15.0,0.0125,15.0,86.03,7.39281,-2.14606,1.9056,2e-05,0.0601
9803.78,BTC-26JUN20,1580554741731,open,0.49,12.5,0.443,0.5535,0.49271735,71.22,0.619,0.0,BTC-26JUN20-14000-P,9368.86,0.0,0.0,0.0,0.69,1.0,152.03,21.06332,-5.14166,-47.29626,8e-05,-0.71438
9803.78,BTC-26JUN20,1580554741732,open,0.02,105.8,0.006,0.0445,0.01797352,80.68,0.018,0.0,BTC-26JUN20-22000-C,9368.86,79.73,0.017,1.0,0.019,15.0,81.65,10.21447,-2.82466,2.89305,3e-05,0.09181
9803.78,BTC-26JUN20,1580554741732,open,1.05,0.1,1.0105,1.129,1.0634906,78.51,1.85,0.0,BTC-26JUN20-20000-P,9368.86,0.0,0.0005,2.0,1.88,0.1,500.0,12.20604,-3.28484,-76.25211,4e-05,-0.88262
9425.74,SYN.BTC-14FEB20,1580554741727,open,0.01,197.1,0.002,0.0365,0.01182881,51.52,0.0115,0.0,BTC-14FEB20-8750-P,9368.86,48.04,0.01,24.8,0.012,57.1,51.84,5.05781,-10.11896,-0.72733,0.00031,-0.20692
9610.97,BTC-27MAR20,1580554741731,open,0.56,0.0,0.534,0.6145,0.57065671,75.16,None,0.0,BTC-27MAR20-15000-P,9368.86,0.0,0.0,0.0,0.0,0.0,0.0,5.72249,-3.91868,-21.48859,5e-05,-0.91649
9974.94,SYN.BTC-25SEP20,1580554741729,open,0.04,205.5,0.021,0.0675,0.03926677,67.79,0.036,0.0,BTC-25SEP20-6000-P,9368.86,65.0,0.035,9.8,0.0385,10.7,67.29,15.53149,-2.22231,-9.94219,4e-05,-0.11432
9803.78,BTC-26JUN20,1580554741732,open,0.1,430.6,0.064,0.144,0.09894803,68.64,0.1,0.0,BTC-26JUN20-12000-C,9368.86,67.43,0.096,12.6,0.102,12.6,69.89,23.97171,-5.63971,11.8635,9e-05,0.40173
9394.85,SYN.BTC-7FEB20,1580554741731,open,0.15,12.1,0.1315,0.168,0.14919735,64.82,0.1455,0.0,BTC-7FEB20-8000-C,9368.86,0.0,0.138,6.0,0.1665,6.0,145.58,0.64961,-3.58328,1.25193,7e-05,0.977
9425.74,SYN.BTC-14FEB20,1580554741727,open,0.12,0.0,0.0985,0.155,0.12341344,57.38,None,0.0,BTC-14FEB20-10500-P,9368.86,0.0,0.0,0.0,0.0,0.0,0.0,4.50807,-10.0454,-3.16454,0.00025,-0.82833
9394.85,SYN.BTC-7FEB20,1580554741730,open,0.18,1.0,0.1585,0.1925,0.17532432,64.86,0.175,0.0,BTC-7FEB20-7750-C,9368.86,0.0,0.175,0.1,0.1915,6.0,158.39,0.28013,-1.54623,1.23411,3e-05,0.99134
9803.78,BTC-26JUN20,1580554741733,open,0.01,406.5,0.0005,0.024,0.01024456,72.75,0.011,0.0,BTC-26JUN20-5000-P,9368.86,71.48,0.0095,15.0,0.011,14.0,73.98,5.88811,-1.46816,-2.16958,2e-05,-0.04513
9487.5,SYN.BTC-28FEB20,1580554741731,open,0.01,321.0,0.0005,0.024,0.00894805,66.06,0.01,0.0,BTC-28FEB20-12000-C,9368.86,64.17,0.008,44.0,0.01,60.0,68.06,4.87381,-5.98978,0.71323,0.00011,0.11104
9974.94,SYN.BTC-25SEP20,1580554741727,open,0.44,1.0,0.4115,0.4695,0.43775861,67.79,0.425,0.0,BTC-25SEP20-6000-C,9368.86,51.6,0.4155,5.0,0.462,5.0,82.32,15.53142,-2.22228,28.99637,4e-05,0.88568
9610.97,BTC-27MAR20,1580554741733,open,2.72,0.0,2.6725,2.8265,2.7464087,121.82,None,0.0,BTC-27MAR20-36000-P,9368.86,0.0,0.0,0.0,0.0,0.0,0.0,0.56169,-0.62345,-54.05823,0.0,-0.99476
9394.85,SYN.BTC-7FEB20,1580554741730,open,0.0,60.8,0.0005,0.0105,6e-08,65.24,0.0005,0.0,BTC-7FEB20-6500-P,9368.86,0.0,0.0,0.0,0.001,39.0,139.51,0.0002,-0.00057,-1e-05,0.0,0.0
9974.94,SYN.BTC-25SEP20,1580554741727,open,0.12,290.0,0.0735,0.1665,0.11344223,71.09,0.115,0.0,BTC-25SEP20-14000-C,9368.86,69.8,0.1095,9.0,0.1175,9.0,72.41,30.59582,-4.59123,17.25406,7e-05,0.37998
9394.85,SYN.BTC-7FEB20,1580554741727,open,0.0,101.7,0.0005,0.011,0.0012358,75.71,0.0015,0.0,BTC-7FEB20-11250-C,9368.86,73.08,0.001,51.1,0.0015,57.0,78.33,0.89472,-5.76473,0.04923,8e-05,0.03379
9974.94,SYN.BTC-25SEP20,1580554741730,open,1.43,0.0,1.376,1.5235,1.44170823,78.53,None,0.0,BTC-25SEP20-24000-P,9368.86,0.0,0.0,0.0,0.0,0.0,0.0,18.05603,-2.99301,-148.87301,4e-05,-0.85803
9487.5,SYN.BTC-28FEB20,1580554741729,open,0.01,215.7,0.0005,0.0205,0.00696998,69.69,0.0075,0.0,BTC-28FEB20-12500-C,9368.86,68.57,0.0065,4.9,0.0075,41.0,70.91,4.05317,-5.25498,0.55445,9e-05,0.08634
9974.94,SYN.BTC-25SEP20,1580554741727,open,0.22,115.8,0.1705,0.266,0.21419274,67.79,0.214,0.0,BTC-25SEP20-10000-C,9368.86,66.6,0.2105,8.1,0.218,8.1,69.01,30.92331,-4.42462,25.35197,7e-05,0.60582
9803.78,BTC-26JUN20,1580554741734,open,0.67,1.6,0.6255,0.7385,0.67597884,73.59,0.667,0.0,BTC-26JUN20-16000-P,9368.86,0.0,0.0,0.0,0.757,1.0,111.35,17.6623,-4.45504,-57.59495,6e-05,-0.79397
9974.94,SYN.BTC-25SEP20,1580554741727,open,0.31,33.9,0.2695,0.353,0.30802175,67.79,0.274,0.0,BTC-25SEP20-8000-C,9368.86,53.48,0.272,5.0,0.317,13.0,71.29,25.49104,-3.64735,28.66448,6e-05,0.75082
9974.94,SYN.BTC-25SEP20,1580554741728,open,0.03,93.1,0.009,0.0595,0.02568638,81.12,0.0275,0.0,BTC-25SEP20-28000-C,9368.86,79.6,0.0235,10.0,0.028,10.0,82.66,14.62943,-2.50505,5.14569,3e-05,0.10518
9610.97,BTC-27MAR20,1580554741734,open,0.29,274.0,0.2625,0.3055,0.28243645,65.21,0.2815,0.0,BTC-27MAR20-7000-C,9368.86,61.82,0.2805,2.5,0.286,9.5,70.82,5.73556,-3.40767,9.1581,6e-05,0.91623
9487.5,SYN.BTC-28FEB20,1580554741727,open,0.01,643.9,0.0005,0.0245,0.01001192,57.62,0.009,0.0,BTC-28FEB20-8000-P,9368.86,55.73,0.009,44.0,0.011,59.0,59.39,5.18647,-5.5593,-0.9167,0.00014,-0.12121
9425.74,SYN.BTC-14FEB20,1580554741727,open,0.01,82.1,0.0005,0.019,0.00558018,62.51,0.0065,0.0,BTC-14FEB20-11000-C,9368.86,59.18,0.0045,50.0,0.0065,50.0,65.12,3.20607,-7.78279,0.32862,0.00016,0.10441
9974.94,SYN.BTC-25SEP20,1580554741730,open,0.16,249.7,0.11,0.2075,0.15344165,69.3,0.154,0.0,BTC-25SEP20-12000-C,9368.86,68.07,0.1495,8.6,0.1575,8.6,70.56,32.01462,-4.68312,21.0938,7e-05,0.47929
9394.85,SYN.BTC-7FEB20,1580554741727,open,0.13,31.4,0.1045,0.1435,0.12332014,61.56,0.12,0.0,BTC-7FEB20-8250-C,9368.86,0.0,0.111,5.0,0.142,5.0,133.43,1.1157,-5.84465,1.25886,0.00013,0.9557
9425.74,SYN.BTC-14FEB20,1580554741727,open,0.0,125.4,0.0005,0.011,0.00109783,71.19,0.0005,0.0,BTC-14FEB20-7250-P,9368.86,63.33,0.0005,49.0,0.002,80.4,78.97,0.90056,-2.48974,-0.07414,4e-05,-0.0212
9394.85,SYN.BTC-7FEB20,1580554741730,open,0.0,101.2,0.0005,0.0105,3.14e-06,64.97,0.0005,0.0,BTC-7FEB20-7000-P,9368.86,0.0,0.0,0.0,0.0005,0.1,103.72,0.00701,-0.02952,-0.00024,0.0,-0.00015
9394.85,SYN.BTC-7FEB20,1580554741729,open,0.14,0.0,0.1225,0.1745,0.14670096,68.7,None,0.0,BTC-7FEB20-10750-P,9368.86,0.0,0.0,0.0,0.0,0.0,0.0,1.53853,-8.99428,-1.63364,0.00016,-0.93349
9487.5,SYN.BTC-28FEB20,1580554741727,open,0.02,488.3,0.0075,0.038,0.01893402,55.0,0.0185,0.0,BTC-28FEB20-8500-P,9368.86,53.14,0.0175,39.3,0.019,3.0,55.08,7.39155,-7.56278,-1.58988,0.0002,-0.20865
9487.5,SYN.BTC-28FEB20,1580554741727,open,0.22,94.8,0.196,0.236,0.21497812,61.96,0.216,0.0,BTC-28FEB20-7500-C,9368.86,39.94,0.21,6.0,0.235,6.0,99.84,3.42443,-3.94769,5.00095,8e-05,0.93085
9974.94,SYN.BTC-25SEP20,1580554741727,open,0.37,5.6,0.335,0.407,0.36803946,67.79,0.315,0.0,BTC-25SEP20-7000-C,9368.86,56.42,0.345,5.0,0.3795,13.0,73.17,20.96525,-2.99978,29.36321,5e-05,0.82163
9425.74,SYN.BTC-14FEB20,1580554741727,open,0.24,0.0,0.2155,0.25,0.23192823,71.2,None,0.0,BTC-14FEB20-7250-C,9368.86,0.0,0.222,6.0,0.248,6.0,134.83,0.90108,-2.49154,2.48331,4e-05,0.97878
9487.5,SYN.BTC-28FEB20,1580554741730,open,0.01,194.5,0.0025,0.03,0.01244844,63.31,0.0125,0.0,BTC-28FEB20-11500-C,9368.86,61.79,0.0115,44.0,0.0135,59.0,64.94,6.01838,-7.0886,0.96506,0.00014,0.15059
9394.85,SYN.BTC-7FEB20,1580554741727,open,0.0,130.2,0.0005,0.0115,0.00172826,72.29,0.003,0.0,BTC-7FEB20-11000-C,9368.86,70.39,0.0015,0.1,0.002,2.0,74.38,1.17162,-7.20746,0.06859,0.00011,0.04708
9487.5,SYN.BTC-28FEB20,1580554741727,open,0.06,348.2,0.0365,0.085,0.05886241,55.0,0.0595,0.0,BTC-28FEB20-9500-C,9368.86,54.2,0.058,0.8,0.061,20.0,56.97,10.24839,-10.48556,3.26496,0.00028,0.52623
9425.74,SYN.BTC-14FEB20,1580554741727,open,0.27,0.0,0.249,0.306,0.27527302,71.46,None,0.0,BTC-14FEB20-12000-P,9368.86,0.0,0.0,0.0,0.0,0.0,0.0,1.57605,-4.37346,-4.10185,7e-05,-0.95836
9425.74,SYN.BTC-14FEB20,1580554741727,open,0.0,29.2,0.0005,0.019,0.0043347,54.48,0.004,0.0,BTC-14FEB20-8250-P,9368.86,53.34,0.004,20.1,0.0045,0.1,55.02,2.82679,-5.98012,-0.30696,0.00017,-0.08798
9425.74,SYN.BTC-14FEB20,1580554741727,open,0.21,0.0,0.1885,0.2245,0.20576224,66.36,None,0.0,BTC-14FEB20-7500-C,9368.86,0.0,0.195,6.0,0.223,6.0,126.02,1.17081,-3.01733,2.54446,6e-05,0.97101
9394.85,SYN.BTC-7FEB20,1580554741729,open,0.01,581.2,0.0005,0.033,0.01013309,52.29,0.009,0.0,BTC-7FEB20-9000-P,9368.86,46.85,0.008,21.0,0.01,46.5,51.96,3.77282,-16.78789,-0.3906,0.00051,-0.24814
9974.94,SYN.BTC-25SEP20,1580554741727,open,0.52,0.0,0.499,0.541,0.51747145,68.03,None,0.0,BTC-25SEP20-5000-C,9368.86,56.28,0.5075,5.0,0.537,5.0,84.98,9.88136,-1.41896,27.19113,2e-05,0.93751
9487.5,SYN.BTC-28FEB20,1580554741729,open,0.27,0.0,0.2445,0.308,0.27376939,66.06,None,0.0,BTC-28FEB20-12000-P,9368.86,0.0,0.0,0.0,0.0,0.0,0.0,4.87378,-5.98971,-8.12262,0.00011,-0.88896
9974.94,SYN.BTC-25SEP20,1580554741728,open,0.18,144.0,0.137,0.2345,0.18093594,68.59,0.1815,0.0,BTC-25SEP20-11000-C,9368.86,67.04,0.176,8.4,0.186,8.4,70.17,31.90043,-4.61827,23.21265,7e-05,0.53952
9425.74,SYN.BTC-14FEB20,1580554741727,open,0.11,0.8,0.086,0.133,0.10498186,51.68,0.101,0.0,BTC-14FEB20-8500-C,9368.86,0.0,0.0875,6.0,0.1295,6.0,97.99,3.79892,-7.62349,2.53466,0.00023,0.86728
9425.74,SYN.BTC-14FEB20,1580554741727,open,0.1,0.0,0.0765,0.1335,0.10045415,55.58,None,0.0,BTC-14FEB20-10250-P,9368.86,0.0,0.0,0.0,0.0,0.0,0.0,5.32778,-11.49981,-2.90632,0.00031,-0.77362
9394.85,SYN.BTC-7FEB20,1580554741728,open,0.01,402.3,0.0005,0.0195,0.00519687,60.74,0.005,0.0,BTC-7FEB20-10250-C,9368.86,58.17,0.0045,30.0,0.006,52.6,63.54,2.61997,-13.54196,0.2,0.0003,0.13744
9487.5,SYN.BTC-28FEB20,1580554741731,open,0.01,959.7,0.0005,0.016,0.00549156,61.96,0.0055,0.0,BTC-28FEB20-7500-P,9368.86,59.09,0.0045,81.0,0.0065,61.0,64.65,3.42443,-3.94769,-0.52146,8e-05,-0.06915
9425.74,SYN.BTC-14FEB20,1580554741727,open,0.0,40.0,0.0005,0.0125,0.00267932,69.21,0.006,0.0,BTC-14FEB20-11750-C,9368.86,65.5,0.002,50.1,0.0035,50.0,73.05,1.86926,-5.02415,0.16232,9e-05,0.0515
9394.85,SYN.BTC-7FEB20,1580554741728,open,0.1,134.5,0.078,0.12,0.09773928,56.34,0.0865,0.0,BTC-7FEB20-8500-C,9368.86,0.0,0.095,0.1,0.118,6.0,121.45,1.69568,-8.12923,1.25038,0.00021,0.92451
9487.5,SYN.BTC-28FEB20,1580554741727,open,0.04,733.8,0.02,0.0635,0.03890811,56.03,0.041,0.0,BTC-28FEB20-10000-C,9368.86,55.16,0.038,39.8,0.04,0.1,57.08,9.90301,-10.32341,2.47773,0.00027,0.39359
9487.5,SYN.BTC-28FEB20,1580554741728,open,0.13,0.0,0.1045,0.166,0.13313989,58.54,None,0.0,BTC-28FEB20-10500-P,9368.86,0.0,0.0,0.0,0.1405,10.0,66.3,8.78517,-9.56716,-5.90336,0.00023,-0.71191
9487.5,SYN.BTC-28FEB20,1580554741728,open,0.09,346.9,0.0635,0.114,0.08721889,55.0,0.0835,0.0,BTC-28FEB20-9000-C,9368.86,51.21,0.0835,17.1,0.0905,24.1,58.31,9.37128,-9.58816,4.04126,0.00026,0.66571
9394.85,SYN.BTC-7FEB20,1580554741728,open,0.04,527.0,0.0175,0.0625,0.03468442,52.29,0.034,0.0,BTC-7FEB20-9250-C,9368.86,49.86,0.0335,1.1,0.036,3.5,54.98,4.58837,-20.41683,0.86315,0.00062,0.60541
9425.74,SYN.BTC-14FEB20,1580554741727,open,0.18,0.0,0.162,0.1995,0.17997232,63.0,None,0.0,BTC-14FEB20-7750-C,9368.86,0.0,0.168,6.0,0.198,6.0,116.87,1.62736,-3.98155,2.58256,8e-05,0.95668
9425.74,SYN.BTC-14FEB20,1580554741727,open,0.09,0.3,0.065,0.1135,0.08352067,51.52,0.079,0.0,BTC-14FEB20-8750-C,9368.86,26.01,0.073,6.0,0.105,6.0,86.99,5.05794,-10.11966,2.35927,0.00031,0.79307
9974.94,SYN.BTC-25SEP20,1580554741727,open,0.05,166.1,0.026,0.0975,0.0531922,75.79,0.0595,0.0,BTC-25SEP20-20000-C,9368.86,74.37,0.05,9.7,0.0565,9.7,77.23,22.64026,-3.62211,9.64141,5e-05,0.20213
9974.94,SYN.BTC-25SEP20,1580554741728,open,0.02,374.7,0.0085,0.0375,0.01872826,68.03,0.0175,0.0,BTC-25SEP20-5000-P,9368.86,66.25,0.017,10.0,0.0205,10.0,69.79,9.88146,-1.41898,-5.25768,2e-05,-0.06249
9394.85,SYN.BTC-7FEB20,1580554741728,open,0.0,506.7,0.0005,0.0225,0.00477601,52.77,0.0045,0.0,BTC-7FEB20-8750-P,9368.86,51.77,0.0045,44.9,0.005,2.5,53.57,2.60975,-11.72006,-0.2139,0.00035,-0.13666
9425.74,SYN.BTC-14FEB20,1580554741727,open,0.01,54.5,0.0005,0.028,0.00944368,57.39,0.0115,0.0,BTC-14FEB20-10500-C,9368.86,55.38,0.0085,24.0,0.0105,20.0,59.55,4.50831,-10.04646,0.53947,0.00025,0.17169
9425.74,SYN.BTC-14FEB20,1580554741727,open,0.06,5.7,0.04,0.094,0.05814902,50.58,0.053,0.0,BTC-14FEB20-9750-P,9368.86,0.0,0.0,0.0,0.0,0.0,0.0,6.73422,-13.22594,-2.25877,0.00042,-0.62118
9394.85,SYN.BTC-7FEB20,1580554741731,open,0.01,377.2,0.003,0.036,0.01291417,53.97,0.012,0.0,BTC-7FEB20-9750-C,9368.86,51.9,0.012,3.0,0.014,23.5,56.4,4.18048,-19.19961,0.44303,0.00055,0.30586
9974.94,SYN.BTC-25SEP20,1580554741731,open,0.68,4.9,0.63,0.764,0.69020186,72.8,0.7755,0.0,BTC-25SEP20-16000-P,9368.86,0.0,0.0,0.0,0.858,0.3,126.72,28.1133,-4.32014,-89.72445,6e-05,-0.69583
9487.5,SYN.BTC-28FEB20,1580554741730,open,0.0,670.0,0.0005,0.0115,0.00197196,74.4,0.003,0.0,BTC-28FEB20-6500-P,9368.86,71.08,0.0015,18.0,0.0025,44.0,77.58,1.46321,-2.02528,-0.18271,3e-05,-0.02418
9487.5,SYN.BTC-28FEB20,1580554741729,open,0.37,0.0,0.3455,0.4105,0.37542818,72.17,None,0.0,BTC-28FEB20-13000-P,9368.86,0.0,0.0055,0.1,1.0,1.0,500.0,3.28222,-4.40684,-9.15122,7e-05,-0.93454
9394.85,SYN.BTC-7FEB20,1580554741730,open,0.21,0.2,0.1855,0.218,0.20175986,64.9,0.1115,0.0,BTC-7FEB20-7500-C,9368.86,0.0,0.1925,6.0,0.217,6.0,172.36,0.10062,-0.55566,1.20308,1e-05,0.99726
9487.5,SYN.BTC-28FEB20,1580554741728,open,0.01,690.1,0.0005,0.017,0.00520489,72.17,0.0055,0.0,BTC-28FEB20-13000-C,9368.86,70.05,0.0045,20.0,0.006,61.3,74.38,3.28222,-4.40684,0.42094,7e-05,0.06546
9425.74,SYN.BTC-14FEB20,1580554741727,open,0.0,26.0,0.0005,0.012,0.0021881,63.0,0.003,0.0,BTC-14FEB20-7750-P,9368.86,58.59,0.0015,68.0,0.003,30.0,67.3,1.62691,-3.98008,-0.15127,8e-05,-0.04331
9425.74,SYN.BTC-14FEB20,1580554741727,open,0.24,0.0,0.223,0.2795,0.24926453,69.21,None,0.0,BTC-14FEB20-11750-P,9368.86,0.0,0.0045,0.1,0.0,0.0,0.0,1.86862,-5.02182,-3.98266,9e-05,-0.94852
9425.74,SYN.BTC-14FEB20,1580554741727,open,0.02,67.3,0.0075,0.044,0.0181708,54.11,0.0205,0.0,BTC-14FEB20-10000-C,9368.86,52.3,0.017,0.1,0.0195,20.0,56.14,6.13366,-12.88924,0.92938,0.00036,0.29768
9487.5,SYN.BTC-28FEB20,1580554741728,open,0.13,432.3,0.1,0.148,0.12301879,55.0,0.1215,0.0,BTC-28FEB20-8500-C,9368.86,51.71,0.1205,18.5,0.128,20.5,61.22,7.39155,-7.56278,4.66884,0.0002,0.79135
9974.94,SYN.BTC-25SEP20,1580554741729,open,0.09,202.3,0.0505,0.137,0.08618009,72.8,0.095,0.0,BTC-25SEP20-16000-C,9368.86,71.49,0.0825,9.3,0.09,9.4,74.15,28.11318,-4.32009,14.11139,6e-05,0.30417
9487.5,SYN.BTC-28FEB20,1580554741731,open,0.27,47.0,0.2485,0.2845,0.26539921,67.72,0.265,0.0,BTC-28FEB20-7000-C,9368.86,0.0,0.2535,6.0,0.2825,6.0,109.72,2.23488,-2.81584,4.84983,5e-05,0.95964
9425.74,SYN.BTC-14FEB20,1580554741727,open,0.04,152.1,0.0265,0.077,0.04275711,51.45,0.0395,0.0,BTC-14FEB20-9500-P,9368.86,45.77,0.0385,19.0,0.0415,1.0,49.77,7.05878,-14.10405,-1.84829,0.00044,-0.51312
9425.74,SYN.BTC-14FEB20,1580554741727,open,0.22,0.0,0.197,0.2535,0.22325089,66.19,None,0.0,BTC-14FEB20-11500-P,9368.86,0.0,0.0,0.0,0.0,0.0,0.0,2.16491,-5.56454,-3.86102,0.0001,-0.93795
9394.85,SYN.BTC-7FEB20,1580554741728,open,0.0,49.7,0.0005,0.0105,1.633e-05,64.92,0.0005,0.0,BTC-7FEB20-7250-P,9368.86,0.0,0.0,0.0,0.001,51.1,102.71,0.02959,-0.15346,-0.00111,0.0,-0.00072
9425.74,SYN.BTC-14FEB20,1580554741727,open,0.0,71.6,0.0005,0.016,0.00425879,64.58,0.005,0.0,BTC-14FEB20-11250-C,9368.86,61.76,0.0035,67.0,0.005,30.0,67.1,2.65804,-6.66585,0.25535,0.00013,0.08105
9974.94,SYN.BTC-25SEP20,1580554741728,open,0.86,0.2,0.8105,0.9475,0.87171232,74.43,1.02,0.0,BTC-25SEP20-18000-P,9368.86,0.0,0.0,0.0,1.17,0.5,171.29,25.36006,-3.98439,-105.1893,5e-05,-0.75321
9487.5,SYN.BTC-28FEB20,1580554741727,open,0.17,0.0,0.1485,0.2115,0.17758669,61.12,None,0.0,BTC-28FEB20-11000-P,9368.86,0.0,0.0,0.0,0.0,0.0,0.0,7.40463,-8.42001,-6.76444,0.00018,-0.79072
9974.94,SYN.BTC-25SEP20,1580554741732,open,0.07,147.4,0.043,0.107,0.06979924,67.79,0.062,0.0,BTC-25SEP20-7000-P,9368.86,64.28,0.0625,9.2,0.068,9.2,66.93,20.96529,-2.9998,-16.0651,5e-05,-0.17837
9487.5,SYN.BTC-28FEB20,1580554741732,open,0.03,201.8,0.0115,0.049,0.02642108,58.54,0.0265,0.0,BTC-28FEB20-10500-C,9368.86,56.99,0.025,39.3,0.028,32.0,60.23,8.78517,-9.56716,1.828,0.00023,0.28809
9394.85,SYN.BTC-7FEB20,1580554741728,open,0.03,212.8,0.0155,0.0625,0.0325712,52.27,0.03,0.0,BTC-7FEB20-9500-P,9368.86,45.14,0.029,0.3,0.0315,1.0,50.14,4.71244,-20.9618,-0.88644,0.00063,-0.55356
9487.5,SYN.BTC-28FEB20,1580554741730,open,0.32,0.0,0.2945,0.3595,0.32449237,69.69,None,0.0,BTC-28FEB20-12500-P,9368.86,0.0,0.0,0.0,0.0,0.0,0.0,4.05317,-5.25498,-8.64956,9e-05,-0.91366
9974.94,SYN.BTC-25SEP20,1580554741728,open,0.21,165.8,0.17,0.274,0.21670634,67.79,0.206,0.0,BTC-25SEP20-10000-P,9368.86,64.82,0.2075,6.3,0.218,6.3,68.2,30.9233,-4.42464,-39.54551,7e-05,-0.39418
9974.94,SYN.BTC-25SEP20,1580554741728,open,1.82,0.0,1.763,1.919,1.83272448,81.12,None,0.0,BTC-25SEP20-28000-P,9368.86,0.0,0.0,0.0,0.0,0.0,0.0,14.63025,-2.50525,-176.56682,3e-05,-0.89482
9487.5,SYN.BTC-28FEB20,1580554741728,open,0.0,289.6,0.0005,0.0105,0.00072285,88.46,0.001,0.0,BTC-28FEB20-5500-P,9368.86,84.4,0.0005,1.8,0.001,44.5,92.45,0.58833,-0.96818,-0.06365,1e-05,-0.00839
9394.85,SYN.BTC-7FEB20,1580554741728,open,0.07,6.9,0.049,0.101,0.07211815,56.15,0.064,0.0,BTC-7FEB20-10000-P,9368.86,43.19,0.068,1.0,0.071,1.0,52.93,3.33994,-15.95842,-1.31853,0.00042,-0.79972
9394.85,SYN.BTC-7FEB20,1580554741732,open,0.0,260.9,0.0005,0.0105,0.00072738,64.82,0.0005,0.0,BTC-7FEB20-8000-P,9368.86,61.14,0.0005,99.0,0.001,1.0,68.38,0.64959,-3.58315,-0.03589,7e-05,-0.023
9394.85,SYN.BTC-7FEB20,1580554741730,open,0.23,0.0,0.213,0.2435,0.22831722,64.93,None,0.0,BTC-7FEB20-7250-C,9368.86,0.0,0.2195,6.0,0.2425,6.0,185.95,0.0296,-0.16351,1.16598,0.0,0.99928
9394.85,SYN.BTC-7FEB20,1580554741731,open,0.0,321.2,0.0005,0.0145,0.00248996,56.34,0.003,0.0,BTC-7FEB20-8500-P,9368.86,53.48,0.002,50.0,0.003,9.1,59.04,1.69568,-8.12923,-0.11793,0.00021,-0.07549
9487.5,SYN.BTC-28FEB20,1580554741727,open,0.09,1.5,0.0665,0.124,0.09292602,56.03,0.095,0.0,BTC-28FEB20-10000-P,9368.86,0.0,0.0,0.0,0.0995,10.0,62.3,9.90301,-10.32341,-4.88548,0.00027,-0.60641
9487.5,SYN.BTC-28FEB20,1580554741727,open,0.02,694.9,0.0065,0.038,0.01816698,61.12,0.018,0.0,BTC-28FEB20-11000-C,9368.86,59.61,0.017,20.0,0.0195,53.3,62.81,7.40463,-8.42001,1.33508,0.00018,0.20928
9487.5,SYN.BTC-28FEB20,1580554741731,open,0.06,245.8,0.037,0.0885,0.06017942,55.0,0.058,0.0,BTC-28FEB20-9500-P,9368.86,51.59,0.0565,32.4,0.061,26.0,55.76,10.24839,-10.48556,-3.73009,0.00028,-0.47377
9974.94,SYN.BTC-25SEP20,1580554741731,open,2.21,0.0,2.153,2.321,2.22877561,84.52,None,0.0,BTC-25SEP20-32000-P,9368.86,0.0,0.0,0.0,0.0,0.0,0.0,12.51531,-2.23278,-203.5052,2e-05,-0.9149
9425.74,SYN.BTC-14FEB20,1580554741727,open,0.14,0.0,0.1215,0.1775,0.14763427,59.8,None,0.0,BTC-14FEB20-10750-P,9368.86,0.0,0.0,0.0,0.0,0.0,0.0,3.79614,-8.81551,-3.37508,0.0002,-0.86742
9487.5,SYN.BTC-28FEB20,1580554741727,open,0.32,11.6,0.3015,0.334,0.31686031,74.4,0.306,0.0,BTC-28FEB20-6500-C,9368.86,0.0,0.307,7.0,0.3315,7.0,120.88,1.46321,-2.02528,4.60338,3e-05,0.97582
9425.74,SYN.BTC-14FEB20,1580554741727,open,0.01,38.7,0.0005,0.022,0.00714142,59.8,0.008,0.0,BTC-14FEB20-10750-C,9368.86,56.87,0.006,65.1,0.008,20.0,61.89,3.79646,-8.81682,0.41713,0.0002,0.13259
9974.94,SYN.BTC-25SEP20,1580554741727,open,0.26,106.7,0.2155,0.306,0.25705667,67.79,0.273,0.0,BTC-25SEP20-9000-C,9368.86,65.52,0.2505,7.9,0.259,7.9,68.46,28.82098,-4.12381,27.23275,7e-05,0.67774
9425.74,SYN.BTC-14FEB20,1580554741727,open,0.02,110.8,0.0095,0.048,0.01935006,51.52,0.0165,0.0,BTC-14FEB20-9000-P,9368.86,46.32,0.016,45.0,0.019,45.0,50.98,6.14998,-12.30359,-1.05994,0.00038,-0.29943
9974.94,SYN.BTC-25SEP20,1580554741727,open,0.28,31.2,0.2325,0.3455,0.2837009,68.59,0.355,0.0,BTC-25SEP20-11000-P,9368.86,65.24,0.273,4.7,0.286,4.7,69.31,31.90042,-4.61829,-48.17456,7e-05,-0.46048
9425.74,SYN.BTC-14FEB20,1580554741727,open,0.03,215.7,0.0125,0.0545,0.02374853,50.58,0.024,0.0,BTC-14FEB20-9750-C,9368.86,50.23,0.0235,24.0,0.024,4.0,50.93,6.73426,-13.2265,1.18064,0.00042,0.37883
9394.85,SYN.BTC-7FEB20,1580554741730,open,0.08,100.4,0.0535,0.099,0.07341595,52.78,0.0725,0.0,BTC-7FEB20-8750-C,9368.86,51.25,0.073,2.5,0.0855,6.0,87.41,2.60994,-11.72164,1.19464,0.00035,0.86333
9425.74,SYN.BTC-14FEB20,1580554741727,open,0.17,0.0,0.1465,0.2025,0.17259612,62.51,None,0.0,BTC-14FEB20-11000-P,9368.86,0.0,0.0,0.0,0.0,0.0,0.0,3.20567,-7.78125,-3.55178,0.00016,-0.8956
9394.85,SYN.BTC-7FEB20,1580554741727,open,0.19,0.0,0.1745,0.227,0.19869852,75.7,None,0.0,BTC-7FEB20-11250-P,9368.86,0.0,0.0035,0.1,0.0,0.0,0.0,0.8941,-5.75958,-1.76181,8e-05,-0.96624
9487.5,SYN.BTC-28FEB20,1580554741728,open,0.0,406.5,0.0005,0.0105,0.0009141,78.12,0.0015,0.0,BTC-28FEB20-6000-P,9368.86,72.08,0.0005,70.3,0.0015,20.0,84.09,0.78522,-1.14118,-0.08795,2e-05,-0.01168
9487.5,SYN.BTC-28FEB20,1580554741730,open,0.17,264.9,0.1455,0.19,0.16679759,57.62,0.166,0.0,BTC-28FEB20-8000-C,9368.86,51.12,0.1635,17.6,0.172,17.6,66.41,5.18647,-5.5593,4.97386,0.00014,0.87879
9394.85,SYN.BTC-7FEB20,1580554741730,open,0.0,175.3,0.0005,0.013,0.00245745,68.7,0.0035,0.0,BTC-7FEB20-10750-C,9368.86,65.75,0.002,30.0,0.003,0.3,71.84,1.53853,-8.99428,0.09687,0.00016,0.06651
9425.74,SYN.BTC-14FEB20,1580554741727,open,0.16,0.3,0.1355,0.1755,0.15468927,60.28,0.153,0.0,BTC-14FEB20-8000-C,9368.86,0.0,0.1405,6.0,0.174,6.0,109.36,2.27501,-5.32532,2.59077,0.00012,0.93386
9487.5,SYN.BTC-28FEB20,1580554741727,open,0.03,264.9,0.018,0.06,0.03583501,55.0,0.0345,0.0,BTC-28FEB20-9000-P,9368.86,51.61,0.0325,39.3,0.035,0.1,54.15,9.37128,-9.58816,-2.58563,0.00026,-0.33429
9394.85,SYN.BTC-7FEB20,1580554741731,open,0.29,0.0,0.267,0.2955,0.281522,65.08,None,0.0,BTC-7FEB20-6750-C,9368.86,0.0,0.2735,6.0,0.2945,6.0,216.96,0.00133,-0.00736,1.08656,0.0,0.99997
9394.85,SYN.BTC-7FEB20,1580554741729,open,0.0,179.8,0.0005,0.0155,0.0034571,64.45,0.003,0.0,BTC-7FEB20-10500-C,9368.86,62.22,0.003,30.0,0.004,1.0,66.92,1.99203,-10.92496,0.13626,0.00022,0.09355
9425.74,SYN.BTC-14FEB20,1580554741727,open,0.04,207.6,0.0205,0.0665,0.03487971,51.46,0.0335,0.0,BTC-14FEB20-9500-C,9368.86,49.61,0.0335,1.1,0.0365,21.0,53.62,7.05878,-14.10455,1.50292,0.00044,0.48688
9425.74,SYN.BTC-14FEB20,1580554741729,open,0.0,6.2,0.0005,0.011,0.00145493,66.36,0.001,0.0,BTC-14FEB20-7500-P,9368.86,62.27,0.001,68.0,0.002,18.0,70.34,1.17031,-3.01566,-0.10118,6e-05,-0.02898
9425.74,SYN.BTC-14FEB20,1580554741727,open,0.0,180.7,0.0005,0.0135,0.00342813,60.27,0.003,0.0,BTC-14FEB20-8000-P,9368.86,58.44,0.003,0.1,0.004,47.0,62.55,2.27465,-5.32406,-0.23125,0.00012,-0.06612
9974.94,SYN.BTC-25SEP20,1580554741730,open,0.35,3.5,0.3025,0.422,0.35645798,69.3,0.4955,0.0,BTC-25SEP20-12000-P,9368.86,0.0,0.0,0.0,0.5055,1.0,116.21,32.01463,-4.68315,-56.78314,7e-05,-0.52071
9394.85,SYN.BTC-7FEB20,1580554741734,open,0.02,671.0,0.007,0.0465,0.01926604,52.29,0.0175,0.0,BTC-7FEB20-9250-P,9368.86,45.58,0.016,23.0,0.0185,23.5,50.72,4.58837,-20.41683,-0.6259,0.00062,-0.39459
9394.85,SYN.BTC-7FEB20,1580554741730,open,0.09,11.6,0.072,0.124,0.09621975,60.74,0.0945,0.0,BTC-7FEB20-10250-P,9368.86,0.0,0.03,3.0,0.098,10.0,66.76,2.61997,-13.54193,-1.45002,0.0003,-0.86256
9394.85,SYN.BTC-7FEB20,1580554741727,open,0.26,0.0,0.24,0.2695,0.25491434,64.97,None,0.0,BTC-7FEB20-7000-C,9368.86,0.0,0.2465,6.0,0.2685,6.0,201.43,0.00701,-0.03878,1.12661,0.0,0.99985
9487.5,SYN.BTC-28FEB20,1580554741727,open,0.0,303.8,0.0005,0.0105,0.00020374,88.47,0.0005,0.0,BTC-28FEB20-5000-P,9368.86,0.0,0.0,0.0,0.001,21.0,106.95,0.21065,-0.34672,-0.01994,0.0,-0.00265
9425.74,SYN.BTC-14FEB20,1580554741728,open,0.07,1.3,0.0465,0.096,0.06451883,51.52,0.0635,0.0,BTC-14FEB20-9000-C,9368.86,35.36,0.0545,7.0,0.0685,7.0,57.55,6.15003,-12.30417,2.11487,0.00038,0.70057
9974.94,SYN.BTC-25SEP20,1580554741731,open,0.16,381.3,0.118,0.2115,0.15931941,67.79,0.15,0.0,BTC-25SEP20-9000-P,9368.86,64.39,0.1495,7.7,0.158,7.7,67.33,28.82098,-4.12384,-31.17504,7e-05,-0.32226
9425.74,SYN.BTC-14FEB20,1580554741729,open,0.01,122.9,0.0005,0.027,0.0067669,51.67,0.0068,0.0,BTC-14FEB20-8500-P,9368.86,49.73,0.006,50.0,0.0075,0.1,53.46,3.79868,-7.62257,-0.46375,0.00023,-0.1327
9425.74,SYN.BTC-14FEB20,1580554741727,open,0.08,0.1,0.057,0.113,0.07909438,54.11,0.0795,0.0,BTC-14FEB20-10000-P,9368.86,0.0,0.0,0.0,0.095,0.1,77.35,6.13358,-12.88856,-2.59823,0.00036,-0.70233
9974.94,SYN.BTC-25SEP20,1580554741730,open,1.05,0.1,0.9955,1.136,1.05821941,75.79,1.21,0.0,BTC-25SEP20-20000-P,9368.86,0.0,0.0,0.0,1.35,0.4,172.65,22.64058,-3.62221,-120.15331,5e-05,-0.79787
9425.74,SYN.BTC-14FEB20,1580554741727,open,0.0,41.0,0.0005,0.012,0.00216472,71.47,0.003,0.0,BTC-14FEB20-12000-C,9368.86,67.06,0.0015,30.0,0.003,30.0,76.0,1.57676,-4.37605,0.13133,7e-05,0.04166
9425.74,SYN.BTC-14FEB20,1580554741727,open,0.01,95.3,0.0035,0.035,0.01300748,55.59,0.013,0.0,BTC-14FEB20-10250-C,9368.86,53.78,0.012,24.4,0.014,20.0,57.32,5.32793,-11.50068,0.70949,0.00031,0.22639
9974.94,SYN.BTC-25SEP20,1580554741730,open,0.51,2.9,0.459,0.5875,0.51696127,71.09,0.695,0.0,BTC-25SEP20-14000-P,9368.86,0.0,0.0,0.0,0.722,0.1,135.64,30.59587,-4.59127,-73.60232,7e-05,-0.62002
9974.94,SYN.BTC-25SEP20,1580554741730,open,0.11,145.7,0.0755,0.1555,0.11003264,67.79,0.1005,0.0,BTC-25SEP20-8000-P,9368.86,64.05,0.1005,8.5,0.108,8.5,66.99,25.49105,-3.64737,-23.25356,6e-05,-0.24918
9394.85,SYN.BTC-7FEB20,1580554741733,open,0.0,55.0,0.0005,0.0105,4.9e-07,65.05,0.0005,0.0,BTC-7FEB20-6750-P,9368.86,0.0,0.0,0.0,0.0005,0.1,115.03,0.00132,-0.00458,-4e-05,0.0,-3e-05
9394.85,SYN.BTC-7FEB20,1580554741730,open,0.31,0.0,0.2945,0.3215,0.30813189,65.4,None,0.0,BTC-7FEB20-6500-C,9368.86,0.0,0.3005,7.0,0.3205,7.0,232.58,0.00021,-0.00115,1.04635,0.0,1.0
9425.74,SYN.BTC-14FEB20,1580554741727,open,0.0,73.9,0.0005,0.0135,0.00318877,66.2,0.004,0.0,BTC-14FEB20-11500-C,9368.86,63.0,0.0025,67.1,0.004,5.0,69.52,2.16549,-5.56663,0.19578,0.0001,0.06207
9487.5,SYN.BTC-28FEB20,1580554741727,open,0.0,865.2,0.0005,0.013,0.00321175,67.72,0.0035,0.0,BTC-28FEB20-7000-P,9368.86,64.49,0.0025,62.0,0.004,44.0,70.87,2.23488,-2.81583,-0.30441,5e-05,-0.04036
9425.74,SYN.BTC-14FEB20,1580554741727,open,0.13,0.0,0.11,0.1535,0.12907275,54.48,None,0.0,BTC-14FEB20-8250-C,9368.86,0.0,0.114,6.0,0.151,6.0,102.95,2.82712,-5.98125,2.60325,0.00017,0.912
9394.85,SYN.BTC-7FEB20,1580554741732,open,0.12,0.0,0.097,0.149,0.1210903,64.45,None,0.0,BTC-7FEB20-10500-P,9368.86,0.0,0.0005,0.2,0.0,0.0,0.0,1.99203,-10.92496,-1.55401,0.00022,-0.90645
9487.5,SYN.BTC-28FEB20,1580554741728,open,0.22,0.0,0.195,0.2585,0.22456904,63.31,None,0.0,BTC-28FEB20-11500-P,9368.86,0.0,0.0,0.0,0.0,0.0,0.0,6.01838,-7.0886,-7.50263,0.00014,-0.84941
9487.5,SYN.BTC-28FEB20,1580554741730,open,0.42,4.1,0.409,0.4345,0.421013,88.46,0.414,0.0,BTC-28FEB20-5500-C,9368.86,0.0,0.414,8.0,0.4325,8.0,148.26,0.58833,-0.96818,3.98611,1e-05,0.99161
9394.85,SYN.BTC-7FEB20,1580554741731,open,0.01,939.8,0.0005,0.0265,0.00770559,56.15,0.007,0.0,BTC-7FEB20-10000-C,9368.86,54.14,0.007,53.5,0.0085,2.5,58.35,3.33994,-15.95842,0.29124,0.00042,0.20028
9394.85,SYN.BTC-7FEB20,1580554741733,open,0.06,235.9,0.033,0.0795,0.0521626,52.29,0.052,0.0,BTC-7FEB20-9000-C,9368.86,49.36,0.051,3.5,0.0545,2.5,57.99,3.77289,-16.78883,1.05819,0.00051,0.75186
9394.85,SYN.BTC-7FEB20,1580554741728,open,0.05,96.2,0.03,0.0805,0.05071608,53.97,0.0605,0.0,BTC-7FEB20-9750-P,9368.86,44.18,0.0465,1.0,0.0495,1.0,51.22,4.18046,-19.19926,-1.12651,0.00055,-0.69415
9974.94,SYN.BTC-25SEP20,1580554741730,open,0.01,128.4,0.0005,0.0195,0.00823912,71.04,0.008,0.0,BTC-25SEP20-4000-P,9368.86,69.66,0.0075,10.0,0.009,10.0,72.41,5.44742,-0.81691,-2.46674,1e-05,-0.02987
182.26,SYN.ETH-14FEB20,1580554741970,open,0.0,13.0,0.001,0.018,0.005435,77.15,0.007,0.0,ETH-14FEB20-150-P,181.25,75.54,0.005,300.0,0.006,5.0,79.16,0.05007,-0.15001,-0.00538,0.00554,-0.0783
182.26,SYN.ETH-14FEB20,1580554741970,open,0.24,0.0,0.209,0.26,0.234774,85.34,None,0.0,ETH-14FEB20-140-C,181.25,0.0,0.231,1.0,0.249,33.0,135.26,0.0308,-0.10207,0.04649,0.00308,0.95781
182.26,SYN.ETH-14FEB20,1580554741970,open,0.1,2.0,0.058,0.121,0.090256,68.49,0.09,0.0,ETH-14FEB20-170-C,181.25,66.47,0.089,60.0,0.097,60.0,79.09,0.11369,-0.30237,0.04098,0.01417,0.72758
182.26,SYN.ETH-14FEB20,1580554741970,open,0.0,21.0,0.001,0.012,0.002922,85.34,0.004,0.0,ETH-14FEB20-140-P,181.25,79.3,0.002,300.0,0.004,5.0,91.18,0.0308,-0.10207,-0.0029,0.00308,-0.04219
182.26,SYN.ETH-14FEB20,1580554741970,open,0.14,0.0,0.102,0.163,0.133174,71.44,None,0.0,ETH-14FEB20-160-C,181.25,37.9,0.123,33.0,0.155,33.0,113.31,0.0797,-0.22111,0.04611,0.00952,0.85031
182.26,SYN.ETH-14FEB20,1580554741970,open,0.06,22.0,0.028,0.088,0.057395,68.49,0.061,0.0,ETH-14FEB20-180-C,181.25,66.6,0.056,180.0,0.064,431.0,77.42,0.1348,-0.35852,0.03257,0.0168,0.56402
182.26,SYN.ETH-14FEB20,1580554741970,open,0.0,572.0,0.001,0.011,0.001846,96.46,0.002,0.0,ETH-14FEB20-130-P,181.25,87.36,0.001,300.0,0.003,605.0,105.43,0.02018,-0.0756,-0.00174,0.00179,-0.02526
182.26,SYN.ETH-14FEB20,1580554741970,open,0.01,264.0,0.002,0.029,0.011057,71.44,0.011,0.0,ETH-14FEB20-160-P,181.25,68.98,0.01,240.0,0.012,20.0,73.57,0.0797,-0.22111,-0.01033,0.00952,-0.14969
182.26,SYN.ETH-14FEB20,1580554741970,open,0.3,0.0,0.265,0.312,0.288566,96.46,None,0.0,ETH-14FEB20-130-C,181.25,0.0,0.286,1.0,0.3,35.0,150.01,0.02018,-0.0756,0.04412,0.00179,0.97474
182.26,SYN.ETH-14FEB20,1580554741974,open,0.03,104.0,0.006,0.048,0.022826,75.46,0.027,0.0,ETH-14FEB20-200-C,181.25,70.92,0.02,240.0,0.026,588.0,80.42,0.11511,-0.33731,0.0165,0.01302,0.2794
182.26,SYN.ETH-14FEB20,1580554741974,open,0.04,1.0,0.018,0.077,0.045014,68.49,0.043,0.0,ETH-14FEB20-180-P,181.25,63.06,0.041,428.0,0.048,180.0,72.53,0.1348,-0.35852,-0.03092,0.0168,-0.43598
182.26,SYN.ETH-14FEB20,1580554741974,open,0.19,0.0,0.154,0.21,0.182419,77.15,None,0.0,ETH-14FEB20-150-C,181.25,33.51,0.177,33.0,0.2,32.0,122.53,0.05007,-0.15001,0.04753,0.00554,0.9217
182.26,SYN.ETH-14FEB20,1580554741974,open,0.04,90.0,0.013,0.065,0.036792,72.55,0.039,0.0,ETH-14FEB20-190-C,181.25,68.71,0.034,180.0,0.04,270.0,76.94,0.13277,-0.37407,0.02375,0.01562,0.40624
182.26,SYN.ETH-14FEB20,1580554741974,open,0.07,1.0,0.045,0.117,0.079278,72.55,0.083,0.0,ETH-14FEB20-190-P,181.25,63.88,0.073,180.0,0.081,180.0,74.91,0.13277,-0.37407,-0.04327,0.01562,-0.59376
182.26,SYN.ETH-14FEB20,1580554741974,open,0.02,3.0,0.006,0.048,0.023007,68.49,0.022,0.0,ETH-14FEB20-170-P,181.25,65.25,0.021,240.0,0.023,5.0,68.48,0.11369,-0.30237,-0.01899,0.01417,-0.27242
182.26,SYN.ETH-14FEB20,1580554741974,open,0.16,0.0,0.127,0.21,0.167092,79.88,None,0.0,ETH-14FEB20-210-P,181.25,0.0,0.0,0.0,0.0,0.0,0.0,0.09358,-0.29026,-0.06267,0.01,-0.80771
182.26,SYN.ETH-14FEB20,1580554741976,open,0.01,13.0,0.001,0.027,0.009414,82.92,0.011,0.0,ETH-14FEB20-220-C,181.25,79.22,0.008,300.0,0.011,300.0,86.8,0.07207,-0.23205,0.00769,0.00742,0.1291
182.26,SYN.ETH-14FEB20,1580554741976,open,0.02,0.0,0.003,0.036,0.01487,79.88,None,0.0,ETH-14FEB20-210-C,181.25,76.15,0.013,240.0,0.017,608.0,83.94,0.09358,-0.29026,0.01141,0.01,0.19229
182.26,SYN.ETH-14FEB20,1580554741976,open,0.2,0.0,0.176,0.26,0.216503,82.92,None,0.0,ETH-14FEB20-220-P,181.25,0.0,0.0,0.0,0.0,0.0,0.0,0.07207,-0.23205,-0.06991,0.00742,-0.8709
182.26,SYN.ETH-14FEB20,1580554741976,open,0.11,1.0,0.082,0.161,0.12018,75.46,0.113,0.0,ETH-14FEB20-200-P,181.25,63.64,0.113,60.0,0.121,60.0,76.75,0.11511,-0.33731,-0.05406,0.01302,-0.7206
190.89,ETH-26JUN20,1580554742202,open,0.6,0.0,0.573,0.613,0.591887,92.31,None,0.0,ETH-26JUN20-80-C,181.25,46.79,0.581,53.0,0.605,53.0,113.15,0.09839,-0.03113,0.28284,0.00073,0.96263
183.35,SYN.ETH-28FEB20,1580554742526,open,0.36,62.0,0.327,0.373,0.34946,93.21,0.365,0.0,ETH-28FEB20-120-C,181.25,0.0,0.345,1.0,0.364,38.0,136.23,0.0391,-0.06781,0.083,0.00169,0.96427
183.35,SYN.ETH-28FEB20,1580554742871,open,0.03,266.0,0.01,0.052,0.027551,73.8,0.027,0.0,ETH-28FEB20-160-P,181.25,71.84,0.026,544.0,0.029,76.0,75.6,0.14638,-0.20096,-0.03309,0.00801,-0.21757
183.35,SYN.ETH-28FEB20,1580554742878,open,0.04,140.0,0.013,0.062,0.034389,76.7,0.039,0.0,ETH-28FEB20-210-C,181.25,74.12,0.032,475.0,0.037,463.0,79.48,0.17081,-0.24374,0.03476,0.009,0.29186
190.89,ETH-26JUN20,1580554742879,open,0.17,411.0,0.123,0.23,0.17533,83.67,0.248,0.0,ETH-26JUN20-180-P,181.25,80.55,0.168,424.0,0.177,254.0,84.38,0.44866,-0.12867,-0.40355,0.00368,-0.35363
182.26,SYN.ETH-14FEB20,1580554743017,open,0.01,392.0,0.001,0.023,0.007382,90.21,0.009,0.0,ETH-14FEB20-230-C,181.25,85.77,0.006,300.0,0.009,386.0,94.93,0.05954,-0.20857,0.00588,0.00563,0.09878
182.26,SYN.ETH-14FEB20,1580554743017,open,0.26,0.0,0.228,0.315,0.269339,90.21,None,0.0,ETH-14FEB20-230-P,181.25,0.0,0.0,0.0,0.0,0.0,0.0,0.05954,-0.20857,-0.07526,0.00563,-0.90122
181.71,SYN.ETH-7FEB20,1580554743017,open,0.0,2754.0,0.001,0.016,0.003281,95.64,0.004,0.0,ETH-7FEB20-220-C,181.25,86.6,0.002,300.0,0.005,688.0,105.19,0.02919,-0.23757,0.0018,0.00574,0.06488
181.71,SYN.ETH-7FEB20,1580554743017,open,0.2,0.0,0.176,0.256,0.214006,95.64,None,0.0,ETH-7FEB20-220-P,181.25,0.0,0.001,1.0,0.0,0.0,0.0,0.02919,-0.23757,-0.03361,0.00574,-0.93512
183.35,SYN.ETH-28FEB20,1580554743477,open,0.02,836.0,0.005,0.036,0.016529,76.4,0.019,0.0,ETH-28FEB20-150-P,181.25,73.85,0.015,536.0,0.018,75.0,78.78,0.11172,-0.1588,-0.02138,0.00591,-0.14184
183.35,SYN.ETH-28FEB20,1580554743485,open,0.07,2562.0,0.035,0.097,0.06494,74.35,0.064,0.0,ETH-28FEB20-190-C,181.25,71.62,0.062,484.0,0.068,346.0,77.18,0.19792,-0.27375,0.05466,0.01075,0.46983
181.71,SYN.ETH-7FEB20,1580554743485,open,0.06,11.0,0.032,0.101,0.065397,74.1,0.054,0.0,ETH-7FEB20-190-P,181.25,59.88,0.059,180.0,0.066,180.0,75.4,0.08394,-0.52933,-0.02138,0.02131,-0.6655
185.54,ETH-27MAR20,1580554743502,open,0.47,1148.0,0.446,0.487,0.465981,94.25,0.346,0.0,ETH-27MAR20-100-C,181.25,0.0,0.461,45.0,0.478,44.0,125.48,0.04957,-0.04257,0.14047,0.00102,0.96954
190.89,ETH-26JUN20,1580554743509,open,0.35,679.0,0.301,0.384,0.343288,83.67,0.317,0.0,ETH-26JUN20-140-C,181.25,63.84,0.31,46.0,0.375,46.0,101.33,0.33528,-0.09615,0.35035,0.00275,0.80252
185.54,ETH-27MAR20,1580554743527,open,0.28,667.0,0.239,0.304,0.271934,80.02,0.187,0.0,ETH-27MAR20-140-C,181.25,38.82,0.247,39.0,0.278,300.0,86.7,0.16315,-0.11895,0.16295,0.00394,0.85608
181.71,SYN.ETH-7FEB20,1580554743535,open,0.08,874.0,0.043,0.104,0.074506,66.72,0.082,0.0,ETH-7FEB20-170-C,181.25,62.43,0.073,60.0,0.08,60.0,81.2,0.06522,-0.37025,0.02112,0.01839,0.79651
185.54,ETH-27MAR20,1580554743542,open,0.16,1839.0,0.124,0.219,0.17038,79.78,0.152,0.0,ETH-27MAR20-200-P,181.25,74.98,0.163,144.0,0.175,144.0,82.77,0.2859,-0.20782,-0.19678,0.00692,-0.53504
190.89,ETH-26JUN20,1580554743555,open,0.07,621.0,0.033,0.114,0.069474,89.21,0.073,0.0,ETH-26JUN20-320-C,181.25,87.51,0.066,410.0,0.073,429.0,90.9,0.39375,-0.12039,0.14765,0.00303,0.26301
183.35,SYN.ETH-28FEB20,1580554743561,open,0.01,1421.0,0.001,0.025,0.010012,80.7,0.011,0.0,ETH-28FEB20-140-P,181.25,78.35,0.009,500.0,0.011,84.0,82.9,0.08073,-0.12121,-0.01349,0.00404,-0.0899
183.35,SYN.ETH-28FEB20,1580554743563,open,0.09,163.0,0.064,0.141,0.101204,74.35,0.094,0.0,ETH-28FEB20-190-P,181.25,68.59,0.095,555.0,0.103,144.0,76.01,0.19792,-0.27375,-0.08524,0.01075,-0.53017
183.35,SYN.ETH-28FEB20,1580554743726,open,0.07,105.0,0.038,0.104,0.069072,72.71,0.07,0.0,ETH-28FEB20-180-P,181.25,68.88,0.065,468.0,0.072,364.0,75.47,0.19485,-0.2636,-0.06654,0.01083,-0.42382
183.35,SYN.ETH-28FEB20,1580554744049,open,0.36,62.0,0.327,0.373,0.34946,93.21,0.365,0.0,ETH-28FEB20-120-C,181.25,0.0,0.345,1.0,0.365,38.0,138.45,0.0391,-0.06781,0.083,0.00169,0.96427
183.35,SYN.ETH-28FEB20,1580554744065,open,0.21,676.0,0.167,0.229,0.198426,76.4,0.195,0.0,ETH-28FEB20-150-C,181.25,28.47,0.182,35.0,0.222,35.0,109.95,0.11172,-0.1588,0.08907,0.00591,0.85816
190.89,ETH-26JUN20,1580554744067,open,0.51,1.0,0.473,0.528,0.500105,88.21,0.38,0.0,ETH-26JUN20-100-C,181.25,50.7,0.478,48.0,0.518,48.0,106.15,0.17115,-0.05175,0.32401,0.00133,0.92481
181.71,SYN.ETH-7FEB20,1580554744646,open,0.13,167.0,0.094,0.152,0.123456,76.17,0.114,0.0,ETH-7FEB20-160-C,181.25,0.0,0.106,31.0,0.141,31.0,135.63,0.03624,-0.23491,0.02312,0.00895,0.91384
183.35,SYN.ETH-28FEB20,1580554744649,open,0.21,676.0,0.167,0.229,0.198426,76.4,0.195,0.0,ETH-28FEB20-150-C,181.25,28.47,0.182,35.0,0.223,35.0,111.24,0.11172,-0.1588,0.08907,0.00591,0.85816
183.35,SYN.ETH-28FEB20,1580554744653,open,0.16,513.0,0.121,0.187,0.154908,73.79,0.149,0.0,ETH-28FEB20-160-C,181.25,0.0,0.127,37.0,0.183,37.0,106.63,0.14637,-0.20095,0.08472,0.00801,0.78243
183.35,SYN.ETH-28FEB20,1580554744656,open,0.16,513.0,0.121,0.187,0.154908,73.79,0.149,0.0,ETH-28FEB20-160-C,181.25,0.0,0.127,37.0,0.181,37.0,104.39,0.14637,-0.20095,0.08472,0.00801,0.78243
183.35,SYN.ETH-28FEB20,1580554744659,open,0.16,513.0,0.121,0.187,0.154908,73.79,0.149,0.0,ETH-28FEB20-160-C,181.25,0.0,0.126,37.0,0.181,37.0,104.39,0.14637,-0.20095,0.08472,0.00801,0.78243
183.35,SYN.ETH-28FEB20,1580554744662,open,0.16,513.0,0.121,0.187,0.154908,73.79,0.149,0.0,ETH-28FEB20-160-C,181.25,0.0,0.126,37.0,0.182,37.0,105.51,0.14637,-0.20095,0.08472,0.00801,0.78243
181.71,SYN.ETH-7FEB20,1580554744875,open,0.04,1503.0,0.011,0.064,0.036116,61.93,0.044,0.0,ETH-7FEB20-180-C,181.25,61.69,0.036,180.0,0.044,431.0,77.68,0.09081,-0.47855,0.01542,0.02759,0.56339
183.35,SYN.ETH-28FEB20,1580554744877,open,0.1,1869.0,0.054,0.12,0.08735,72.71,0.084,0.0,ETH-28FEB20-180-C,181.25,70.51,0.085,364.0,0.09,47.0,75.21,0.19485,-0.2636,0.066,0.01083,0.57618
185.54,ETH-27MAR20,1580554744879,open,0.1,4556.0,0.056,0.131,0.092446,79.78,0.089,0.0,ETH-27MAR20-200-C,181.25,77.54,0.089,225.0,0.096,267.0,82.08,0.2859,-0.20782,0.10391,0.00692,0.46496
194.22,SYN.ETH-25SEP20,1580554744880,open,0.21,267.0,0.142,0.262,0.202008,87.11,0.2,0.0,ETH-25SEP20-240-C,181.25,85.55,0.197,110.0,0.207,273.0,88.66,0.62344,-0.11463,0.40037,0.00292,0.51965
185.54,ETH-27MAR20,1580554745038,open,0.58,20.0,0.556,0.585,0.570271,101.13,0.613,0.0,ETH-27MAR20-80-C,181.25,0.0,0.563,49.0,0.579,49.0,143.63,0.01851,-0.01705,0.11719,0.00035,0.9904
181.71,SYN.ETH-7FEB20,1580554745040,open,0.13,167.0,0.094,0.152,0.123456,76.17,0.114,0.0,ETH-7FEB20-160-C,181.25,0.0,0.105,31.0,0.141,31.0,135.63,0.03624,-0.23491,0.02312,0.00895,0.91384
190.89,ETH-26JUN20,1580554745042,open,0.42,318.0,0.38,0.449,0.41432,83.67,0.379,0.0,ETH-26JUN20-120-C,181.25,60.81,0.388,47.0,0.44,47.0,102.05,0.25079,-0.07192,0.35015,0.00206,0.87329
190.89,ETH-26JUN20,1580554745044,open,0.35,679.0,0.301,0.384,0.343288,83.67,0.317,0.0,ETH-26JUN20-140-C,181.25,65.1,0.312,46.0,0.375,46.0,101.33,0.33528,-0.09615,0.35035,0.00275,0.80252
190.89,ETH-26JUN20,1580554745047,open,0.42,318.0,0.38,0.449,0.41432,83.67,0.379,0.0,ETH-26JUN20-120-C,181.25,60.81,0.388,47.0,0.441,47.0,102.73,0.25079,-0.07192,0.35015,0.00206,0.87329
194.22,SYN.ETH-25SEP20,1580554745177,open,0.62,0.0,0.588,0.636,0.611545,89.61,None,0.0,ETH-25SEP20-80-C,181.24,72.01,0.598,55.0,0.626,55.0,104.08,0.17646,-0.03338,0.41909,0.0008,0.94404
182.26,SYN.ETH-14FEB20,1580554745181,open,0.19,0.0,0.154,0.21,0.18242,77.16,None,0.0,ETH-14FEB20-150-C,181.24,33.52,0.177,32.0,0.2,32.0,122.53,0.05007,-0.15003,0.04753,0.00554,0.92169
190.89,ETH-26JUN20,1580554745189,open,0.51,1.0,0.473,0.528,0.500105,88.21,0.38,0.0,ETH-26JUN20-100-C,181.24,50.7,0.478,48.0,0.519,48.0,107.07,0.17115,-0.05175,0.32401,0.00133,0.92481
185.53,ETH-27MAR20,1580554745193,open,0.2,3236.0,0.155,0.231,0.1937,77.96,0.194,0.0,ETH-27MAR20-160-C,181.24,74.21,0.189,300.0,0.225,41.0,102.2,0.23371,-0.16601,0.15216,0.00579,0.7392
194.22,SYN.ETH-25SEP20,1580554745196,open,0.46,0.0,0.418,0.5,0.459637,86.87,0.359,0.0,ETH-25SEP20-120-C,181.24,71.52,0.432,51.0,0.484,51.0,99.59,0.36423,-0.06678,0.49248,0.00171,0.85036
190.88,ETH-26JUN20,1580554745198,open,0.35,679.0,0.301,0.384,0.343288,83.68,0.317,0.0,ETH-26JUN20-140-C,181.24,64.49,0.311,46.0,0.375,46.0,101.34,0.33531,-0.09618,0.3503,0.00275,0.80248
194.22,SYN.ETH-25SEP20,1580554745200,open,0.4,23.0,0.35,0.446,0.398993,86.87,0.327,0.0,ETH-25SEP20-140-C,181.24,71.9,0.365,50.0,0.428,50.0,99.42,0.44682,-0.08193,0.49692,0.0021,0.79323
194.22,SYN.ETH-25SEP20,1580554746120,open,0.62,0.0,0.588,0.636,0.611545,89.61,None,0.0,ETH-25SEP20-80-C,181.24,70.34,0.597,55.0,0.626,55.0,104.08,0.17646,-0.03338,0.41909,0.0008,0.94404
185.53,ETH-27MAR20,1580554746146,open,0.2,3236.0,0.155,0.23,0.19367,77.96,0.194,0.0,ETH-27MAR20-160-C,181.24,74.21,0.189,300.0,0.226,41.0,102.97,0.23371,-0.16601,0.15216,0.00579,0.7392
194.22,SYN.ETH-25SEP20,1580554746149,open,0.46,0.0,0.418,0.5,0.459637,86.87,0.359,0.0,ETH-25SEP20-120-C,181.24,70.94,0.431,51.0,0.484,51.0,99.59,0.36423,-0.06678,0.49248,0.00171,0.85036
194.22,SYN.ETH-25SEP20,1580554746151,open,0.4,23.0,0.35,0.446,0.398993,86.87,0.327,0.0,ETH-25SEP20-140-C,181.24,71.45,0.364,50.0,0.428,50.0,99.42,0.44682,-0.08193,0.49692,0.0021,0.79323
194.22,SYN.ETH-25SEP20,1580554746199,open,0.71,1.0,0.686,0.719,0.70152,94.08,0.7,0.0,ETH-25SEP20-60-C,181.24,62.67,0.692,61.0,0.711,61.0,110.14,0.09715,-0.01929,0.34234,0.00042,0.97313
194.22,SYN.ETH-25SEP20,1580554746205,open,0.54,0.0,0.498,0.563,0.530095,87.3,None,0.0,ETH-25SEP20-100-C,181.24,68.83,0.507,52.0,0.55,52.0,100.93,0.26969,-0.0497,0.46931,0.00126,0.90243
185.53,ETH-27MAR20,1580554746456,open,0.05,5708.0,0.028,0.089,0.056064,77.94,0.05,0.0,ETH-27MAR20-160-P,181.24,74.7,0.052,276.0,0.06,468.0,81.05,0.2337,-0.16595,-0.08837,0.00579,-0.26077
190.88,ETH-26JUN20,1580554746456,open,0.02,1681.0,0.004,0.042,0.016899,97.8,0.016,0.0,ETH-26JUN20-560-C,181.24,95.63,0.015,420.0,0.019,129.0,100.04,0.17275,-0.05791,0.04517,0.00121,0.07611
190.88,ETH-26JUN20,1580554746456,open,0.29,412.0,0.235,0.329,0.282896,83.67,0.289,0.0,ETH-26JUN20-160-C,181.24,68.45,0.251,47.0,0.289,180.0,86.56,0.40257,-0.11545,0.33735,0.0033,0.72511
190.88,ETH-26JUN20,1580554746456,open,0.03,930.0,0.011,0.065,0.031941,94.18,0.036,0.0,ETH-26JUN20-440-C,181.24,91.99,0.029,420.0,0.035,420.0,96.37,0.26147,-0.08441,0.07832,0.00191,0.1346
185.53,ETH-27MAR20,1580554746456,open,0.0,13638.0,0.001,0.011,0.001164,116.43,0.003,0.0,ETH-27MAR20-600-C,181.24,0.0,0.0,0.0,0.002,300.0,123.8,0.01713,-0.01818,0.00213,0.00028,0.00879
185.53,ETH-27MAR20,1580554746456,open,0.01,2525.0,0.003,0.032,0.012904,92.28,0.015,0.0,ETH-27MAR20-320-C,181.24,89.12,0.011,800.0,0.015,560.0,95.5,0.11624,-0.09774,0.02134,0.00243,0.0894
185.53,ETH-27MAR20,1580554746456,open,0.05,4810.0,0.02,0.079,0.046384,85.13,0.045,0.0,ETH-27MAR20-240-C,181.24,84.05,0.045,19.0,0.048,287.0,86.39,0.23757,-0.18428,0.06219,0.00539,0.26934
183.34,SYN.ETH-28FEB20,1580554746456,open,0.0,730.0,0.001,0.013,0.003942,93.2,0.007,0.0,ETH-28FEB20-120-P,181.24,88.44,0.003,800.0,0.005,93.0,97.84,0.0391,-0.0678,-0.00536,0.0017,-0.03574
183.34,SYN.ETH-28FEB20,1580554746470,open,0.05,4900.0,0.022,0.078,0.047869,75.95,0.057,0.0,ETH-28FEB20-200-C,181.24,73.15,0.045,274.0,0.051,466.0,78.99,0.18863,-0.26654,0.04415,0.01003,0.37489
183.34,SYN.ETH-28FEB20,1580554746472,open,0.25,113.0,0.218,0.274,0.246449,80.78,0.233,0.0,ETH-28FEB20-140-C,181.24,46.1,0.237,35.0,0.263,35.0,111.21,0.08087,-0.12154,0.08956,0.00404,0.90987
183.34,SYN.ETH-28FEB20,1580554746475,open,0.02,1213.0,0.003,0.034,0.014421,82.83,0.017,0.0,ETH-28FEB20-240-C,181.24,80.41,0.013,540.0,0.016,180.0,85.4,0.11008,-0.16963,0.01679,0.00537,0.13879
181.7,SYN.ETH-7FEB20,1580554746475,open,0.0,101.0,0.001,0.011,1e-06,85.05,0.001,0.0,ETH-7FEB20-120-P,181.24,0.0,0.0,0.0,0.001,11.0,154.93,5e-05,-0.00022,0.0,1e-05,-5e-05
190.88,ETH-26JUN20,1580554746480,open,2.32,0.0,2.259,2.484,2.364788,100.03,None,0.0,ETH-26JUN20-640-P,181.24,0.0,0.01,50.0,0.0,0.0,0.0,0.13449,-0.04611,-2.52484,0.00092,-0.94487
185.53,ETH-27MAR20,1580554746480,open,1.56,0.0,1.513,1.676,1.590063,109.24,None,0.0,ETH-27MAR20-480-P,181.24,0.0,0.004,50.0,0.0,0.0,0.0,0.03638,-0.03621,-0.71658,0.00064,-0.97895
181.7,SYN.ETH-7FEB20,1580554746485,open,0.24,7.0,0.206,0.253,0.229781,86.62,0.232,0.0,ETH-7FEB20-140-C,181.24,0.0,0.221,32.0,0.242,32.0,179.55,0.00483,-0.03563,0.02231,0.00105,0.99239
190.88,ETH-26JUN20,1580554746488,open,1.71,0.0,1.653,1.851,1.745643,97.45,None,0.0,ETH-26JUN20-520-P,181.24,0.0,0.01,50.0,0.0,0.0,0.0,0.20179,-0.0674,-2.02314,0.00142,-0.90636
194.21,SYN.ETH-25SEP20,1580554746488,open,2.09,0.0,2.02,2.265,2.134935,98.18,None,0.0,ETH-25SEP20-600-P,181.24,0.0,0.0,0.0,0.0,0.0,0.0,0.36698,-0.07605,-3.76045,0.00153,-0.84865
194.21,SYN.ETH-25SEP20,1580554746490,open,1.12,0.0,1.053,1.255,1.149464,92.31,None,0.0,ETH-25SEP20-400-P,181.24,0.0,0.0,0.0,0.0,0.0,0.0,0.52141,-0.1016,-2.36339,0.00231,-0.72567
190.88,ETH-26JUN20,1580554746492,open,1.5,0.0,1.452,1.642,1.541105,96.28,None,0.0,ETH-26JUN20-480-P,181.24,0.0,0.01,50.0,0.0,0.0,0.0,0.23135,-0.07635,-1.85231,0.00165,-0.88698
190.88,ETH-26JUN20,1580554746500,open,1.91,0.0,1.854,2.06,1.95068,97.8,None,0.0,ETH-26JUN20-560-P,181.24,0.0,0.01,50.0,0.0,0.0,0.0,0.17275,-0.05791,-2.19292,0.00121,-0.92389
190.88,ETH-26JUN20,1580554746502,open,0.14,1074.0,0.084,0.184,0.132989,85.73,0.135,0.0,ETH-26JUN20-240-C,181.24,84.53,0.13,141.0,0.136,275.0,86.94,0.47591,-0.13984,0.23404,0.00381,0.43977
190.88,ETH-26JUN20,1580554746502,open,0.24,3317.0,0.181,0.282,0.232357,83.67,0.235,0.0,ETH-26JUN20-180-C,181.24,81.39,0.227,180.0,0.236,258.0,85.22,0.44865,-0.12867,0.31581,0.00368,0.64633
183.34,SYN.ETH-28FEB20,1580554746502,open,0.13,772.0,0.083,0.151,0.117724,72.87,0.125,0.0,ETH-28FEB20-170-C,181.24,71.08,0.116,220.0,0.124,583.0,79.34,0.1768,-0.23968,0.07654,0.0098,0.68472
185.53,ETH-27MAR20,1580554746504,open,0.0,2325.0,0.001,0.011,0.001446,101.12,0.002,0.0,ETH-27MAR20-80-P,181.24,96.1,0.001,297.0,0.002,32.0,106.11,0.01851,-0.01706,-0.00308,0.00035,-0.00961
181.7,SYN.ETH-7FEB20,1580554746504,open,0.0,753.0,0.001,0.011,2.4e-05,84.95,0.001,0.0,ETH-7FEB20-130-P,181.24,0.0,0.0,0.0,0.001,11.0,128.3,0.00062,-0.00432,-2e-05,0.00014,-0.00079
194.21,SYN.ETH-25SEP20,1580554746519,open,0.07,498.0,0.044,0.116,0.077488,86.86,0.077,0.0,ETH-25SEP20-120-P,181.24,82.83,0.07,170.0,0.078,459.0,87.13,0.36423,-0.06678,-0.28629,0.00171,-0.14965
183.34,SYN.ETH-28FEB20,1580554746519,open,0.41,5.0,0.382,0.422,0.401897,95.87,0.229,0.0,ETH-28FEB20-110-C,181.24,0.0,0.4,1.0,0.412,40.0,139.87,0.02216,-0.03953,0.07829,0.00093,0.98186
183.34,SYN.ETH-28FEB20,1580554746519,open,0.52,20.0,0.494,0.525,0.509621,108.01,0.328,0.0,ETH-28FEB20-90-C,181.24,0.0,0.504,45.0,0.517,45.0,167.56,0.00722,-0.01451,0.06552,0.00027,0.99498
190.88,ETH-26JUN20,1580554746521,open,0.3,0.0,0.246,0.377,0.310546,84.44,None,0.0,ETH-26JUN20-220-P,181.24,77.08,0.292,180.0,1.155,1.0,500.0,0.48141,-0.13933,-0.61806,0.00392,-0.49964
183.34,SYN.ETH-28FEB20,1580554746525,open,0.13,551.0,0.098,0.182,0.138673,75.89,0.14,0.0,ETH-28FEB20-200-P,181.24,68.37,0.131,364.0,0.14,144.0,77.18,0.18861,-0.26631,-0.10313,0.01004,-0.62526
194.21,SYN.ETH-25SEP20,1580554746525,open,0.42,0.0,0.36,0.517,0.437711,87.09,None,0.0,ETH-25SEP20-240-P,181.24,0.0,0.0,0.0,0.0,0.0,0.0,0.62341,-0.11461,-1.1572,0.00292,-0.48043
181.7,SYN.ETH-7FEB20,1580554746525,open,0.1,500.0,0.073,0.149,0.109993,78.36,0.106,0.0,ETH-7FEB20-200-P,181.24,57.09,0.104,60.0,0.111,60.0,81.33,0.06048,-0.4033,-0.0272,0.01452,-0.82005
185.53,ETH-27MAR20,1580554746528,open,0.33,112.0,0.287,0.346,0.316822,82.09,0.194,0.0,ETH-27MAR20-130-C,181.24,55.56,0.303,39.0,0.337,39.0,107.55,0.12706,-0.09504,0.16242,0.00299,0.89912
190.88,ETH-26JUN20,1580554746528,open,0.16,1062.0,0.107,0.209,0.15799,84.44,0.15,0.0,ETH-26JUN20-220-C,181.24,82.85,0.154,180.0,0.162,270.0,86.03,0.48141,-0.13933,0.26119,0.00392,0.50036
181.7,SYN.ETH-7FEB20,1580554746528,open,0.02,812.0,0.006,0.055,0.026708,61.87,0.033,0.0,ETH-7FEB20-180-P,181.24,58.45,0.025,428.0,0.028,1.0,64.45,0.09082,-0.47813,-0.01356,0.02762,-0.43685
181.7,SYN.ETH-7FEB20,1580554746530,open,0.0,400.0,0.001,0.011,0.000242,84.93,0.001,0.0,ETH-7FEB20-140-P,181.24,0.0,0.0,0.0,0.003,396.0,125.79,0.00432,-0.03121,-0.0002,0.00096,-0.00669
185.53,ETH-27MAR20,1580554746532,open,0.92,7.0,0.887,1.018,0.94823,96.41,1.702,0.0,ETH-27MAR20-360-P,181.24,0.0,0.01,30.0,0.0,0.0,0.0,0.08154,-0.07163,-0.52772,0.00163,-0.94368
190.88,ETH-26JUN20,1580554746532,open,0.01,3810.0,0.002,0.032,0.011896,100.03,0.014,0.0,ETH-26JUN20-640-C,181.24,97.19,0.01,420.0,0.014,118.0,102.87,0.13449,-0.04611,0.03298,0.00092,0.05513
185.53,ETH-27MAR20,1580554746532,open,1.34,0.0,1.304,1.456,1.375496,105.6,None,0.0,ETH-27MAR20-440-P,181.24,0.0,0.003,50.0,0.0,0.0,0.0,0.04682,-0.04505,-0.65467,0.00086,-0.97156
185.53,ETH-27MAR20,1580554746532,open,0.51,161.0,0.477,0.595,0.533153,89.06,1.397,0.0,ETH-27MAR20-280-P,181.24,0.0,0.002,50.0,0.0,0.0,0.0,0.17074,-0.13856,-0.38467,0.0037,-0.84593
183.34,SYN.ETH-28FEB20,1580554746532,open,0.21,2.0,0.181,0.272,0.225301,78.55,0.257,0.0,ETH-28FEB20-220-P,181.24,0.0,0.001,1.0,0.0,0.0,0.0,0.14997,-0.21916,-0.13476,0.00771,-0.77295
190.88,ETH-26JUN20,1580554746534,open,0.04,4179.0,0.016,0.081,0.042873,94.12,0.044,0.0,ETH-26JUN20-400-C,181.24,91.02,0.038,428.0,0.048,298.0,97.23,0.30779,-0.0993,0.0986,0.00225,0.17212
194.21,SYN.ETH-25SEP20,1580554746534,open,0.59,0.0,0.518,0.69,0.602654,88.61,None,0.0,ETH-25SEP20-280-P,181.24,0.0,0.0,0.0,0.0,0.0,0.0,0.61665,-0.11534,-1.46768,0.00284,-0.56182
190.88,ETH-26JUN20,1580554746536,open,0.2,2575.0,0.139,0.241,0.190491,83.67,0.2,0.0,ETH-26JUN20-200-C,181.24,81.86,0.186,180.0,0.195,264.0,85.49,0.47399,-0.13593,0.28948,0.00389,0.56995
190.88,ETH-26JUN20,1580554746536,open,0.38,4.0,0.322,0.461,0.390323,85.73,0.934,0.0,ETH-26JUN20-240-P,181.24,0.0,0.01,50.0,0.0,0.0,0.0,0.47591,-0.13984,-0.72515,0.00381,-0.56023
190.88,ETH-26JUN20,1580554746536,open,0.01,2638.0,0.004,0.038,0.014919,99.96,0.014,0.0,ETH-26JUN20-600-C,181.24,97.53,0.013,300.0,0.017,120.0,102.39,0.15712,-0.05383,0.03993,0.00108,0.06726
190.88,ETH-26JUN20,1580554746536,open,1.11,0.0,1.055,1.231,1.13843,94.12,None,0.0,ETH-26JUN20-400-P,181.24,0.0,0.01,50.0,0.0,0.0,0.0,0.30779,-0.0993,-1.50004,0.00225,-0.82788
185.53,ETH-27MAR20,1580554746536,open,0.0,5555.0,0.001,0.011,0.001809,109.96,0.002,0.0,ETH-27MAR20-520-C,181.24,102.74,0.001,521.0,0.003,301.0,117.22,0.02529,-0.02534,0.00333,0.00044,0.01376
185.53,ETH-27MAR20,1580554746536,open,0.14,4031.0,0.093,0.17,0.131954,76.7,0.135,0.0,ETH-27MAR20-180-C,181.24,74.73,0.129,253.0,0.138,253.0,80.74,0.27813,-0.19438,0.13024,0.00701,0.59888
