underlying_price,underlying_index,timestamp,state,settlement_price,open_interest,min_price,max_price,mark_price,mark_iv,last_price,interest_rate,instrument_name,index_price,bid_iv,best_bid_price,best_bid_amount,best_ask_price,best_ask_amount,ask_iv,vega,theta,rho,gamma,delta
128.79,SYN.ETH-24APR20,1584097139988,open,0.42,0.0,0.3185,0.4435,0.379265,112.64,None,0.0,ETH-24APR20-170-P,133.5,104.72,0.37,5.0,0.4565,5.0,173.6,0.15068,-0.20266,-0.16008,0.00703,-0.7043
5427.51,BTC-27MAR20,1584097139988,open,1.24,0.1,1.0765,1.163,1.12111261,182.49,0.6,0.0,BTC-27MAR20-11500-P,5658.07,0.0,0.698,1.0,1.498,1.0,500.0,0.65254,-4.29095,-4.32343,3e-05,-0.97335
128.3,ETH-27MAR20,1584097139989,open,0.3,67.0,0.2785,0.333,0.3223,180.0,0.673,0.0,ETH-27MAR20-90-C,133.5,93.35,0.3,10.0,0.343,10.0,228.39,0.04941,-0.32048,0.02731,0.00439,0.88214
5437.08,SYN.BTC-24APR20,1584097139990,open,3.67,0.0,3.3275,3.5045,3.41515674,166.96,None,0.0,BTC-24APR20-24000-P,5658.07,0.0,2.512,0.5,3.651,1.6,452.23,0.47241,-0.94178,-27.48467,1e-05,-0.99043
130.92,SYN.ETH-20MAR20,1584097139992,open,0.03,493.0,0.007,0.072,0.034503,152.16,0.031,0.0,ETH-20MAR20-150-C,133.5,137.99,0.028,15.0,0.065,20.0,213.09,0.06172,-0.68297,0.00635,0.01256,0.29216
5459.11,BTC-26JUN20,1584097139993,open,1.37,124.1,1.174,1.3225,1.23937774,114.46,1.25,0.0,BTC-26JUN20-12000-P,5658.07,0.0,0.721,1.0,1.721,1.0,359.06,7.2437,-3.95279,-32.55365,7e-05,-0.83571
5544.04,SYN.BTC-20MAR20,1584097139996,open,0.99,0.0,0.857,0.9335,0.89458536,184.83,None,0.0,BTC-20MAR20-10500-P,5658.07,0.0,0.115,0.5,1.0455,1.9,500.0,0.17425,-2.34205,-1.96985,2e-05,-0.99159
5427.51,BTC-27MAR20,1584097139999,open,1.24,0.1,1.0765,1.163,1.12111261,182.49,0.6,0.0,BTC-27MAR20-11500-P,5658.07,0.0,0.698,1.0,1.4985,1.0,500.0,0.65254,-4.29095,-4.32343,3e-05,-0.97335
5437.53,SYN.BTC-24APR20,1584097140001,open,1.15,0.1,0.988,1.0995,1.03791774,131.22,0.93,0.0,BTC-24APR20-11000-P,5658.07,0.0,0.71,0.1,1.2625,1.9,333.75,2.90249,-4.54769,-12.17397,7e-05,-0.91355
128.31,ETH-27MAR20,1584097140003,open,0.1,97.0,0.0495,0.133,0.096222,131.44,0.0205,0.0,ETH-27MAR20-130-C,133.5,131.21,0.096,12.0,0.157,12.0,210.29,0.09951,-0.47132,0.0212,0.0121,0.53072
5459.11,BTC-26JUN20,1584097140004,open,1.37,124.1,1.174,1.3225,1.23937774,114.46,1.25,0.0,BTC-26JUN20-12000-P,5658.07,0.0,0.721,1.0,1.7215,1.0,359.33,7.2437,-3.95279,-32.55365,7e-05,-0.83571
128.31,ETH-27MAR20,1584097140005,open,3.46,0.0,3.237,3.499,3.36443,249.45,None,0.0,ETH-27MAR20-560-P,133.5,0.0,2.8535,5.0,3.653,5.0,500.0,0.00206,-0.01849,-0.21277,0.00013,-0.99734
128.79,SYN.ETH-24APR20,1584097140024,open,0.25,30.0,0.1995,0.2985,0.254619,138.82,0.248,0.0,ETH-24APR20-110-C,133.5,110.1,0.222,11.0,0.2825,11.0,162.98,0.14789,-0.24513,0.06814,0.0056,0.71584
128.31,ETH-27MAR20,1584097140026,open,2.82,0.0,2.632,2.856,2.740944,224.14,None,0.0,ETH-27MAR20-480-P,133.5,0.0,2.246,5.0,3.0455,5.0,500.0,0.00198,-0.01598,-0.18236,0.00014,-0.99745
5544.04,SYN.BTC-20MAR20,1584097140025,open,1.18,0.0,1.033,1.116,1.07461368,191.65,None,0.0,BTC-20MAR20-11500-P,5658.07,0.0,0.6845,1.0,1.375,1.0,500.0,0.09252,-1.28951,-2.16234,1e-05,-0.99588
129.9,ETH-26JUN20,1584097140027,open,0.28,785.0,0.2085,0.343,0.274627,106.69,0.38,0.0,ETH-26JUN20-140-P,133.5,101.89,0.2645,8.0,0.3555,8.0,145.51,0.27447,-0.1396,-0.26614,0.00531,-0.43841
5544.04,SYN.BTC-20MAR20,1584097140027,open,1.13,0.0,0.989,1.07,1.02957165,189.48,None,0.0,BTC-20MAR20-11250-P,5658.07,0.0,0.6395,1.0,1.33,1.0,500.0,0.1058,-1.45787,-2.1146,1e-05,-0.99521
128.3,ETH-27MAR20,1584097140028,open,2.19,4.0,2.027,2.214,2.117732,168.59,1.862,0.0,ETH-27MAR20-400-P,133.5,0.0,1.639,5.0,2.4385,5.0,500.0,0.00044,-0.00266,-0.15204,4e-05,-0.99951
129.9,ETH-26JUN20,1584097140029,open,0.03,1294.0,0.0135,0.084,0.041784,125.01,0.026,0.0,ETH-26JUN20-320-C,133.5,109.91,0.0245,19.0,0.0705,19.0,144.92,0.16675,-0.09938,0.0427,0.00275,0.15617
131.5,SYN.ETH-25SEP20,1584097140031,open,0.44,2.0,0.435,0.5235,0.480102,103.98,0.62,0.0,ETH-25SEP20-80-C,133.5,98.11,0.47,16.0,0.5295,16.0,132.2,0.22533,-0.05981,0.26061,0.00234,0.84927
131.5,SYN.ETH-25SEP20,1584097140034,open,0.04,520.0,0.016,0.093,0.04669,113.49,0.142,0.0,ETH-25SEP20-440-C,133.5,101.61,0.0285,23.0,0.0795,23.0,130.47,0.22447,-0.06503,0.07285,0.00213,0.14987
128.3,ETH-27MAR20,1584097140035,open,2.03,0.0,1.876,2.053,1.961878,168.47,None,0.0,ETH-27MAR20-380-P,133.5,0.0,1.4875,5.0,2.287,5.0,500.0,0.00072,-0.00436,-0.14442,7e-05,-0.99916
128.31,ETH-27MAR20,1584097140041,open,2.51,0.0,2.3295,2.5345,2.429208,210.34,2.3815,0.0,ETH-27MAR20-440-P,133.5,0.0,1.9425,5.0,2.742,5.0,500.0,0.00198,-0.01502,-0.16716,0.00015,-0.99744
128.31,ETH-27MAR20,1584097140043,open,3.14,0.0,2.9345,3.1775,3.052686,237.21,None,0.0,ETH-27MAR20-520-P,133.5,0.0,2.5495,5.0,3.3495,5.0,500.0,0.00201,-0.01719,-0.19757,0.00014,-0.9974
128.3,ETH-27MAR20,1584097140048,open,1.07,47.0,0.9675,1.0905,1.028708,164.67,1.2175,0.0,ETH-27MAR20-260-P,133.5,0.0,0.587,5.0,1.387,5.0,500.0,0.01247,-0.07401,-0.09794,0.00121,-0.9793
128.31,ETH-27MAR20,1584097140050,open,1.55,1002.0,1.4215,1.571,1.494352,174.43,1.32,0.0,ETH-27MAR20-320-P,133.5,0.0,1.034,5.0,1.834,5.0,500.0,0.0042,-0.02641,-0.12139,0.00038,-0.99408
128.3,ETH-27MAR20,1584097140051,open,1.39,0.0,1.2705,1.4105,1.338967,166.91,None,0.0,ETH-27MAR20-300-P,133.5,0.0,0.884,5.0,1.684,5.0,500.0,0.00499,-0.03004,-0.11373,0.00048,-0.9928
128.31,ETH-27MAR20,1584097140056,open,0.76,2196.0,0.665,0.7735,0.721846,162.07,0.84,0.0,ETH-27MAR20-220-P,133.5,0.0,0.298,5.0,0.7805,5.0,290.36,0.0301,-0.17581,-0.08103,0.00297,-0.93922
128.31,ETH-27MAR20,1584097140058,open,0.92,1727.0,0.816,0.931,0.87444,164.07,1.3395,0.0,ETH-27MAR20-240-P,133.5,0.0,0.4415,5.0,1.2415,5.0,500.0,0.01984,-0.11729,-0.08968,0.00193,-0.96388
128.31,ETH-27MAR20,1584097140060,open,1.87,6.0,1.724,1.8925,1.805829,168.3,1.8335,0.0,ETH-27MAR20-360-P,133.5,0.0,1.336,5.0,2.136,5.0,500.0,0.00118,-0.00714,-0.13679,0.00011,-0.99856
128.31,ETH-27MAR20,1584097140061,open,1.23,1342.0,1.1185,1.25,1.183454,168.55,1.686,0.0,ETH-27MAR20-280-P,133.5,0.0,0.735,5.0,1.535,5.0,500.0,0.00868,-0.05271,-0.10585,0.00082,-0.98645
128.3,ETH-27MAR20,1584097140067,open,1.71,0.0,1.573,1.732,1.650259,168.03,None,0.0,ETH-27MAR20-340-P,133.5,0.0,1.185,5.0,1.985,5.0,500.0,0.00192,-0.01163,-0.12914,0.00018,-0.99753
128.81,SYN.ETH-24APR20,1584097140070,open,2.18,0.0,2.0155,2.205,2.106162,122.75,None,0.0,ETH-24APR20-400-P,133.5,0.0,1.5935,5.0,2.593,5.0,500.0,0.00732,-0.01073,-0.45814,0.00031,-0.99409
128.81,SYN.ETH-24APR20,1584097140072,open,1.24,8.0,1.112,1.255,1.179143,116.57,0.604,0.0,ETH-24APR20-280-P,133.5,0.0,0.6845,5.0,1.6845,5.0,500.0,0.03639,-0.05065,-0.31635,0.00164,-0.96157
128.79,SYN.ETH-24APR20,1584097140073,open,1.08,4.0,0.9625,1.0995,1.026761,114.95,0.149,0.0,ETH-24APR20-260-P,133.5,0.0,0.5365,5.0,1.5365,5.0,500.0,0.04765,-0.0654,-0.29149,0.00218,-0.94625
128.81,SYN.ETH-24APR20,1584097140075,open,2.5,0.0,2.317,2.526,2.417883,146.01,None,0.0,ETH-24APR20-440-P,133.5,0.0,1.8995,5.0,2.8995,5.0,500.0,0.01427,-0.02487,-0.50321,0.00051,-0.98735
5544.04,SYN.BTC-20MAR20,1584097140079,open,0.22,381.0,0.1215,0.2075,0.16954875,158.87,0.42,0.0,BTC-20MAR20-6250-P,5658.07,149.63,0.165,4.0,0.2125,4.0,241.24,2.75474,-31.82524,-0.87708,0.0003,-0.67027
128.79,SYN.ETH-24APR20,1584097140087,open,0.78,252.0,0.666,0.7975,0.727819,114.88,0.65,0.0,ETH-24APR20-220-P,133.5,0.0,0.248,5.0,1.248,5.0,500.0,0.0866,-0.11879,-0.23773,0.00396,-0.88129
128.81,SYN.ETH-24APR20,1584097140089,open,1.87,0.0,1.714,1.886,1.79609,119.46,None,0.0,ETH-24APR20-360-P,133.5,0.0,1.288,5.0,2.288,5.0,500.0,0.01132,-0.01615,-0.41176,0.0005,-0.9903
128.79,SYN.ETH-24APR20,1584097140090,open,0.56,1.0,0.452,0.5795,0.513024,113.45,0.2,0.0,ETH-24APR20-190-P,133.5,0.0,0.043,5.0,1.043,5.0,500.0,0.12437,-0.16848,-0.19307,0.00576,-0.79381
128.81,SYN.ETH-24APR20,1584097140095,open,0.63,1277.0,0.522,0.6515,0.583643,114.89,1.438,0.0,ETH-24APR20-200-P,133.5,0.0,0.11,5.0,1.11,5.0,500.0,0.1123,-0.15405,-0.20822,0.00514,-0.8254
128.81,SYN.ETH-24APR20,1584097140097,open,0.93,27.0,0.813,0.9475,0.876056,116.03,0.9095,0.0,ETH-24APR20-240-P,133.5,0.0,0.391,5.0,1.391,5.0,500.0,0.06652,-0.09216,-0.26501,0.00301,-0.91728
128.3,ETH-27MAR20,1584097140098,open,0.13,188.0,0.086,0.1715,0.137514,135.85,0.48,0.0,ETH-27MAR20-120-C,133.5,129.6,0.133,23.0,0.1835,1.0,199.18,0.09267,-0.45364,0.02499,0.0109,0.64986
128.31,ETH-27MAR20,1584097140099,open,3.46,0.0,3.237,3.499,3.36443,249.45,None,0.0,ETH-27MAR20-560-P,133.5,0.0,2.8535,5.0,3.654,5.0,500.0,0.00206,-0.01849,-0.21277,0.00013,-0.99734
5427.51,BTC-27MAR20,1584097140100,open,0.38,1760.9,0.274,0.362,0.32302167,147.97,0.346,0.0,BTC-27MAR20-7000-P,5658.07,118.27,0.3075,3.0,0.364,3.0,209.15,3.21614,-17.14808,-2.25552,0.00019,-0.76964
128.31,ETH-27MAR20,1584097140101,open,2.82,0.0,2.632,2.856,2.740944,224.14,None,0.0,ETH-27MAR20-480-P,133.5,0.0,2.246,5.0,3.0465,5.0,500.0,0.00198,-0.01598,-0.18236,0.00014,-0.99745
128.3,ETH-27MAR20,1584097140102,open,2.19,4.0,2.027,2.214,2.117732,168.59,1.862,0.0,ETH-27MAR20-400-P,133.5,0.0,1.639,5.0,2.4395,5.0,500.0,0.00044,-0.00266,-0.15204,4e-05,-0.99951
5543.63,SYN.BTC-20MAR20,1584097140103,open,0.3,179.4,0.1985,0.2795,0.24177587,160.33,0.31,0.0,BTC-20MAR20-6750-P,5658.07,0.0,0.18,0.7,0.31,1.4,300.77,2.23095,-26.0105,-1.07127,0.00024,-0.7837
128.3,ETH-27MAR20,1584097140104,open,2.03,0.0,1.876,2.053,1.961878,168.47,None,0.0,ETH-27MAR20-380-P,133.5,0.0,1.4875,5.0,2.288,5.0,500.0,0.00072,-0.00436,-0.14442,7e-05,-0.99916
128.31,ETH-27MAR20,1584097140107,open,2.51,0.0,2.3295,2.5345,2.429208,210.34,2.3815,0.0,ETH-27MAR20-440-P,133.5,0.0,1.9425,5.0,2.743,5.0,500.0,0.00198,-0.01502,-0.16716,0.00015,-0.99744
128.31,ETH-27MAR20,1584097140108,open,3.14,0.0,2.9345,3.1775,3.052686,237.21,None,0.0,ETH-27MAR20-520-P,133.5,0.0,2.5495,5.0,3.35,5.0,500.0,0.00201,-0.01719,-0.19757,0.00014,-0.9974
128.31,ETH-27MAR20,1584097140108,open,0.61,4096.0,0.514,0.6185,0.572021,159.87,0.5485,0.0,ETH-27MAR20-200-P,133.5,0.0,0.543,10.0,0.631,4.0,270.92,0.04467,-0.25732,-0.07169,0.00446,-0.89762
130.93,SYN.ETH-20MAR20,1584097140110,open,0.1,35.0,0.0345,0.125,0.07777,149.21,0.161,0.0,ETH-20MAR20-130-P,133.5,153.32,0.08,15.0,0.1305,15.0,246.8,0.07102,-0.77057,-0.0129,0.01474,-0.44546
130.92,SYN.ETH-20MAR20,1584097140112,open,0.03,493.0,0.007,0.072,0.034503,152.16,0.031,0.0,ETH-20MAR20-150-C,133.5,137.99,0.028,20.0,0.065,20.0,213.09,0.06172,-0.68297,0.00635,0.01256,0.29216
130.93,SYN.ETH-20MAR20,1584097140114,open,0.07,54.0,0.041,0.1285,0.084784,149.07,0.0725,0.0,ETH-20MAR20-130-C,133.5,127.36,0.073,16.0,0.101,10.0,178.99,0.07102,-0.76985,0.01159,0.01475,0.55451
128.31,ETH-27MAR20,1584097140115,open,2.51,0.0,2.3295,2.5345,2.429208,210.34,2.3815,0.0,ETH-27MAR20-440-P,133.5,0.0,1.9415,5.0,2.743,5.0,500.0,0.00198,-0.01502,-0.16716,0.00015,-0.99744
128.31,ETH-27MAR20,1584097140118,open,0.45,2046.0,0.365,0.469,0.428005,158.33,0.581,0.0,ETH-27MAR20-180-P,133.5,0.0,0.402,5.0,0.487,5.0,253.21,0.06403,-0.36531,-0.06121,0.00646,-0.82695
128.31,ETH-27MAR20,1584097140128,open,3.46,0.0,3.237,3.499,3.36443,249.45,None,0.0,ETH-27MAR20-560-P,133.5,0.0,2.8525,5.0,3.654,5.0,500.0,0.00206,-0.01849,-0.21277,0.00013,-0.99734
128.79,SYN.ETH-24APR20,1584097140130,open,0.3,175.0,0.198,0.315,0.255284,109.88,0.199,0.0,ETH-24APR20-150-P,133.5,102.52,0.2455,7.0,0.333,7.0,167.88,0.16974,-0.22269,-0.12465,0.00812,-0.58843
128.31,ETH-27MAR20,1584097140130,open,2.82,0.0,2.632,2.856,2.740944,224.14,None,0.0,ETH-27MAR20-480-P,133.5,0.0,2.2455,5.0,3.0465,5.0,500.0,0.00198,-0.01598,-0.18236,0.00014,-0.99745
128.3,ETH-27MAR20,1584097140135,open,2.03,0.0,1.876,2.053,1.961878,168.47,None,0.0,ETH-27MAR20-380-P,133.5,0.0,1.487,5.0,2.288,5.0,500.0,0.00072,-0.00436,-0.14442,7e-05,-0.99916
129.91,ETH-26JUN20,1584097140136,open,0.12,2756.0,0.094,0.217,0.154314,124.74,0.149,0.0,ETH-26JUN20-180-C,133.5,110.04,0.1235,15.0,0.188,15.0,140.6,0.27456,-0.16328,0.1063,0.00454,0.43904
128.3,ETH-27MAR20,1584097140138,open,2.19,4.0,2.027,2.214,2.117732,168.59,1.862,0.0,ETH-27MAR20-400-P,133.5,0.0,1.6385,5.0,2.4395,5.0,500.0,0.00044,-0.00266,-0.15204,4e-05,-0.99951
128.31,ETH-27MAR20,1584097140139,open,3.14,0.0,2.9345,3.1775,3.052686,237.21,None,0.0,ETH-27MAR20-520-P,133.5,0.0,2.549,5.0,3.35,5.0,500.0,0.00201,-0.01719,-0.19757,0.00014,-0.9974
128.31,ETH-27MAR20,1584097140143,open,0.31,4003.0,0.223,0.329,0.294062,157.55,0.342,0.0,ETH-27MAR20-160-P,133.5,120.73,0.2715,6.0,0.3575,11.0,245.27,0.08508,-0.48303,-0.04917,0.00863,-0.71395
5427.94,BTC-27MAR20,1584097140146,open,0.04,319.3,0.03,0.1035,0.07342641,145.54,0.0675,0.0,BTC-27MAR20-6000-C,5658.07,138.49,0.068,7.0,0.079,10.0,152.95,4.12894,-21.65418,0.70779,0.00025,0.41636
5427.51,BTC-27MAR20,1584097140150,open,0.95,667.7,0.806,0.885,0.84862978,176.33,0.999,0.0,BTC-27MAR20-10000-P,5658.07,0.0,0.65,0.1,0.889,1.0,277.76,1.16335,-7.39186,-3.70415,6e-05,-0.94582
5427.51,BTC-27MAR20,1584097140154,open,0.17,46.3,0.171,0.2385,0.20694758,139.66,0.2,0.0,BTC-27MAR20-4500-C,5658.07,109.18,0.191,5.0,0.2295,5.0,178.62,3.0055,-15.12482,1.21384,0.00019,0.79514
128.3,ETH-27MAR20,1584097140155,open,1.07,47.0,0.9675,1.0905,1.028708,164.67,1.2175,0.0,ETH-27MAR20-260-P,133.5,0.0,0.587,5.0,1.3875,5.0,500.0,0.01247,-0.07401,-0.09794,0.00121,-0.9793
5437.53,SYN.BTC-24APR20,1584097140157,open,0.5,16.2,0.388,0.5005,0.43826655,121.22,0.64,0.0,BTC-24APR20-7500-P,5658.07,98.04,0.4135,3.0,0.48,3.0,155.53,6.21748,-8.99873,-7.2154,0.00015,-0.71835
5427.51,BTC-27MAR20,1584097140165,open,0.95,667.7,0.806,0.885,0.84862978,176.33,0.999,0.0,BTC-27MAR20-10000-P,5658.07,0.0,0.8155,1.0,0.889,1.0,277.76,1.16335,-7.39186,-3.70415,6e-05,-0.94582
5544.04,SYN.BTC-20MAR20,1584097140166,open,0.1,362.9,0.0375,0.1165,0.08180338,157.48,0.087,0.0,BTC-20MAR20-5500-P,5658.07,156.92,0.0815,10.0,0.0975,0.3,186.48,3.00389,-34.39969,-0.54742,0.00033,-0.44237
5544.04,SYN.BTC-20MAR20,1584097140169,open,0.05,55.0,0.0045,0.0515,0.03180612,167.68,0.0445,0.0,BTC-20MAR20-4750-P,5658.07,166.92,0.0315,8.0,0.0405,0.4,188.79,2.22763,-27.16296,-0.2585,0.00023,-0.21572
128.31,ETH-27MAR20,1584097140171,open,0.01,2322.0,0.0005,0.021,0.011307,180.0,0.022,0.0,ETH-27MAR20-80-P,133.5,152.17,0.0055,17.0,0.18,32.0,500.0,0.03136,-0.20342,-0.00368,0.00278,-0.06406
128.31,ETH-27MAR20,1584097140172,open,0.07,956.0,0.0265,0.102,0.072522,138.44,0.0595,0.0,ETH-27MAR20-140-C,133.5,140.45,0.074,25.0,0.119,13.0,198.65,0.09806,-0.48917,0.01722,0.01132,0.42542
128.79,SYN.ETH-24APR20,1584097140174,open,0.78,252.0,0.666,0.7975,0.727819,114.88,0.65,0.0,ETH-24APR20-220-P,133.5,0.0,0.248,5.0,1.2485,5.0,500.0,0.0866,-0.11879,-0.23773,0.00396,-0.88129
128.79,SYN.ETH-24APR20,1584097140181,open,1.08,4.0,0.9625,1.0995,1.026761,114.95,0.149,0.0,ETH-24APR20-260-P,133.5,0.0,0.5365,5.0,1.537,5.0,500.0,0.04765,-0.0654,-0.29149,0.00218,-0.94625
128.79,SYN.ETH-24APR20,1584097140183,open,0.56,1.0,0.452,0.5795,0.513024,113.45,0.2,0.0,ETH-24APR20-190-P,133.5,0.0,0.043,5.0,1.0435,5.0,500.0,0.12437,-0.16848,-0.19307,0.00576,-0.79381
128.81,SYN.ETH-24APR20,1584097140185,open,1.24,8.0,1.112,1.255,1.179143,116.57,0.604,0.0,ETH-24APR20-280-P,133.5,0.0,0.6845,5.0,1.685,5.0,500.0,0.03639,-0.05065,-0.31635,0.00164,-0.96157
128.79,SYN.ETH-24APR20,1584097140186,open,0.12,45.0,0.0685,0.1565,0.111959,108.11,0.125,0.0,ETH-24APR20-140-C,133.5,110.36,0.115,25.0,0.177,13.0,156.32,0.17386,-0.22442,0.0547,0.00845,0.48214
128.31,ETH-27MAR20,1584097140188,open,1.55,1002.0,1.4215,1.571,1.494352,174.43,1.32,0.0,ETH-27MAR20-320-P,133.5,0.0,1.0335,5.0,1.834,5.0,500.0,0.0042,-0.02641,-0.12139,0.00038,-0.99408
128.3,ETH-27MAR20,1584097140190,open,1.39,0.0,1.2705,1.4105,1.338967,166.91,None,0.0,ETH-27MAR20-300-P,133.5,0.0,0.8835,5.0,1.684,5.0,500.0,0.00499,-0.03004,-0.11373,0.00048,-0.9928
128.31,ETH-27MAR20,1584097140192,open,0.76,2196.0,0.665,0.7735,0.721846,162.07,0.84,0.0,ETH-27MAR20-220-P,133.5,0.0,0.2975,5.0,0.7805,5.0,290.36,0.0301,-0.17581,-0.08103,0.00297,-0.93922
131.53,SYN.ETH-25SEP20,1584097140191,open,5.63,0.0,5.2045,5.609,5.39677,116.19,None,0.0,ETH-25SEP20-840-P,133.5,0.0,0.0,0.0,0.0,0.0,0.0,0.08273,-0.02454,-4.48705,0.00077,-0.96018
128.31,ETH-27MAR20,1584097140196,open,0.92,1727.0,0.816,0.931,0.87444,164.07,1.3395,0.0,ETH-27MAR20-240-P,133.5,0.0,0.441,5.0,1.2415,5.0,500.0,0.01984,-0.11729,-0.08968,0.00193,-0.96388
5524.81,BTC-25SEP20,1584097140198,open,1.21,261.2,1.0185,1.1965,1.09778077,105.72,1.09,0.0,BTC-25SEP20-11000-P,5658.07,0.0,0.932,3.8,1.24,28.5,156.25,14.23529,-3.84172,-53.07447,8e-05,-0.69214
128.31,ETH-27MAR20,1584097140198,open,1.87,6.0,1.724,1.8925,1.805829,168.3,1.8335,0.0,ETH-27MAR20-360-P,133.5,0.0,1.3355,5.0,2.136,5.0,500.0,0.00118,-0.00714,-0.13679,0.00011,-0.99856
5459.11,BTC-26JUN20,1584097140200,open,0.82,684.3,0.669,0.815,0.73392627,112.2,0.8,0.0,BTC-26JUN20-9000-P,5658.07,0.0,0.6065,2.6,0.8665,2.6,176.94,10.14164,-5.42508,-22.52833,0.00011,-0.70212
128.31,ETH-27MAR20,1584097140200,open,1.23,1342.0,1.1185,1.25,1.183454,168.55,1.686,0.0,ETH-27MAR20-280-P,133.5,0.0,0.7345,5.0,1.535,5.0,500.0,0.00868,-0.05271,-0.10585,0.00082,-0.98645
5524.81,BTC-25SEP20,1584097140202,open,1.02,255.5,0.8585,1.034,0.93707052,105.71,0.95,0.0,BTC-25SEP20-10000-P,5658.07,0.0,0.7735,2.9,1.1075,2.9,164.91,15.02733,-4.05501,-46.99002,9e-05,-0.64765
128.3,ETH-27MAR20,1584097140202,open,1.71,0.0,1.573,1.732,1.650259,168.03,None,0.0,ETH-27MAR20-340-P,133.5,0.0,1.1845,5.0,1.985,5.0,500.0,0.00192,-0.01163,-0.12914,0.00018,-0.99753
128.81,SYN.ETH-24APR20,1584097140204,open,2.18,0.0,2.0155,2.205,2.106162,122.75,None,0.0,ETH-24APR20-400-P,133.5,0.0,1.593,5.0,2.593,5.0,500.0,0.00732,-0.01073,-0.45814,0.00031,-0.99409
128.81,SYN.ETH-24APR20,1584097140205,open,2.5,0.0,2.317,2.526,2.417883,146.01,None,0.0,ETH-24APR20-440-P,133.5,0.0,1.899,5.0,2.8995,5.0,500.0,0.01427,-0.02487,-0.50321,0.00051,-0.98735
128.31,ETH-27MAR20,1584097140208,open,0.45,2046.0,0.365,0.469,0.428005,158.33,0.581,0.0,ETH-27MAR20-180-P,133.5,0.0,0.402,5.0,0.4875,5.0,253.92,0.06403,-0.36531,-0.06121,0.00646,-0.82695
128.3,ETH-27MAR20,1584097140213,open,0.13,1030.0,0.0595,0.152,0.109438,131.49,0.155,0.0,ETH-27MAR20-130-P,133.5,130.93,0.109,9.0,0.1745,9.0,215.88,0.0995,-0.47145,-0.02823,0.01209,-0.46938
131.53,SYN.ETH-25SEP20,1584097140211,open,0.19,239.0,0.1665,0.2985,0.233333,104.84,0.22,0.0,ETH-25SEP20-160-C,133.5,97.84,0.213,17.0,0.2965,17.0,126.87,0.38122,-0.10202,0.22442,0.00392,0.55128
131.53,SYN.ETH-25SEP20,1584097140211,open,0.23,225.0,0.1755,0.308,0.240699,103.55,0.487,0.0,ETH-25SEP20-120-P,133.5,31.18,0.05,1.0,1.025,1.0,500.0,0.33919,-0.08965,-0.38762,0.00353,-0.30846
128.31,ETH-27MAR20,1584097140215,open,0.09,1510.0,0.029,0.1065,0.072789,135.89,0.12,0.0,ETH-27MAR20-120-P,133.5,136.14,0.073,11.0,0.128,11.0,211.87,0.09267,-0.45378,-0.02063,0.0109,-0.35005
131.53,SYN.ETH-25SEP20,1584097140215,open,3.44,0.0,3.1435,3.446,3.285344,114.53,None,0.0,ETH-25SEP20-560-P,133.5,0.0,0.0,0.0,0.0,0.0,0.0,0.16359,-0.04783,-2.95734,0.00154,-0.90442
128.79,SYN.ETH-24APR20,1584097140217,open,0.3,175.0,0.198,0.315,0.255284,109.88,0.199,0.0,ETH-24APR20-150-P,133.5,102.14,0.245,7.0,0.333,7.0,167.88,0.16974,-0.22269,-0.12465,0.00812,-0.58843
128.81,SYN.ETH-24APR20,1584097140217,open,1.87,0.0,1.714,1.886,1.79609,119.46,None,0.0,ETH-24APR20-360-P,133.5,0.0,1.2875,5.0,2.288,5.0,500.0,0.01132,-0.01615,-0.41176,0.0005,-0.9903
128.81,SYN.ETH-24APR20,1584097140219,open,0.63,1277.0,0.522,0.6515,0.583643,114.89,1.438,0.0,ETH-24APR20-200-P,133.5,0.0,0.1095,5.0,1.11,5.0,500.0,0.1123,-0.15405,-0.20822,0.00514,-0.8254
129.9,ETH-26JUN20,1584097140220,open,0.41,0.0,0.396,0.471,0.433705,107.81,None,0.0,ETH-26JUN20-80-C,133.5,102.17,0.4275,12.0,0.481,12.0,146.44,0.14708,-0.0756,0.16293,0.00281,0.87029
128.81,SYN.ETH-24APR20,1584097140223,open,0.93,27.0,0.813,0.9475,0.876056,116.03,0.9095,0.0,ETH-24APR20-240-P,133.5,0.0,0.3905,5.0,1.391,5.0,500.0,0.06652,-0.09216,-0.26501,0.00301,-0.91728
128.3,ETH-27MAR20,1584097140225,open,0.13,188.0,0.086,0.1715,0.137514,135.85,0.48,0.0,ETH-27MAR20-120-C,133.5,129.6,0.133,11.0,0.1835,1.0,199.18,0.09267,-0.45364,0.02499,0.0109,0.64986
128.31,ETH-27MAR20,1584097140227,open,3.46,0.0,3.237,3.499,3.36443,249.45,None,0.0,ETH-27MAR20-560-P,133.5,0.0,2.8525,5.0,3.653,5.0,500.0,0.00206,-0.01849,-0.21277,0.00013,-0.99734
128.79,SYN.ETH-24APR20,1584097140228,open,0.25,30.0,0.1995,0.2985,0.254619,138.82,0.248,0.0,ETH-24APR20-110-C,133.5,109.66,0.2215,11.0,0.2825,11.0,162.98,0.14789,-0.24513,0.06814,0.0056,0.71584
128.31,ETH-27MAR20,1584097140229,open,2.82,0.0,2.632,2.856,2.740944,224.14,None,0.0,ETH-27MAR20-480-P,133.5,0.0,2.2455,5.0,3.0455,5.0,500.0,0.00198,-0.01598,-0.18236,0.00014,-0.99745
128.3,ETH-27MAR20,1584097140231,open,2.19,4.0,2.027,2.214,2.117732,168.59,1.862,0.0,ETH-27MAR20-400-P,133.5,0.0,1.6385,5.0,2.4385,5.0,500.0,0.00044,-0.00266,-0.15204,4e-05,-0.99951
129.9,ETH-26JUN20,1584097140239,open,0.28,785.0,0.2085,0.343,0.274627,106.69,0.38,0.0,ETH-26JUN20-140-P,133.5,101.89,0.2645,8.0,0.356,8.0,145.75,0.27447,-0.1396,-0.26614,0.00531,-0.43841
128.3,ETH-27MAR20,1584097140243,open,2.03,0.0,1.876,2.053,1.961878,168.47,None,0.0,ETH-27MAR20-380-P,133.5,0.0,1.487,5.0,2.287,5.0,500.0,0.00072,-0.00436,-0.14442,7e-05,-0.99916
128.31,ETH-27MAR20,1584097140245,open,2.51,0.0,2.3295,2.535,2.429208,168.7,2.3815,0.0,ETH-27MAR20-440-P,133.5,0.0,1.9415,5.0,2.742,5.0,500.0,0.00016,-0.00099,-0.16726,2e-05,-0.99983
128.31,ETH-27MAR20,1584097140246,open,1.55,1002.0,1.4215,1.571,1.494352,174.43,1.32,0.0,ETH-27MAR20-320-P,133.5,0.0,1.0335,5.0,1.8345,5.0,500.0,0.0042,-0.02641,-0.12139,0.00038,-0.99408
129.9,ETH-26JUN20,1584097140247,open,0.31,1.0,0.282,0.3765,0.330234,104.33,0.38,0.0,ETH-26JUN20-100-C,133.5,102.33,0.327,12.0,0.3885,12.0,139.89,0.21009,-0.1045,0.1651,0.00415,0.77258
128.3,ETH-27MAR20,1584097140251,open,1.39,0.0,1.2705,1.4105,1.338967,166.91,None,0.0,ETH-27MAR20-300-P,133.5,0.0,0.8835,5.0,1.6845,5.0,500.0,0.00499,-0.03004,-0.11373,0.00048,-0.9928
128.31,ETH-27MAR20,1584097140254,open,0.92,1727.0,0.816,0.931,0.87444,164.07,1.3395,0.0,ETH-27MAR20-240-P,133.5,0.0,0.441,5.0,1.242,5.0,500.0,0.01984,-0.11729,-0.08968,0.00193,-0.96388
128.31,ETH-27MAR20,1584097140256,open,1.87,6.0,1.724,1.8925,1.805829,168.3,1.8335,0.0,ETH-27MAR20-360-P,133.5,0.0,1.3355,5.0,2.1365,5.0,500.0,0.00118,-0.00714,-0.13679,0.00011,-0.99856
128.31,ETH-27MAR20,1584097140257,open,1.23,1342.0,1.119,1.2505,1.183454,165.91,1.686,0.0,ETH-27MAR20-280-P,133.5,0.0,0.7345,5.0,1.5355,5.0,500.0,0.00793,-0.04742,-0.10591,0.00076,-0.98779
128.3,ETH-27MAR20,1584097140259,open,1.71,0.0,1.573,1.732,1.650259,168.03,None,0.0,ETH-27MAR20-340-P,133.5,0.0,1.1845,5.0,1.9855,5.0,500.0,0.00192,-0.01163,-0.12914,0.00018,-0.99753
128.81,SYN.ETH-24APR20,1584097140260,open,2.18,0.0,2.0155,2.205,2.106162,122.75,None,0.0,ETH-24APR20-400-P,133.5,0.0,1.593,5.0,2.594,5.0,500.0,0.00732,-0.01073,-0.45814,0.00031,-0.99409
128.81,SYN.ETH-24APR20,1584097140264,open,2.5,0.0,2.317,2.526,2.417883,146.01,None,0.0,ETH-24APR20-440-P,133.5,0.0,1.899,5.0,2.9,5.0,500.0,0.01427,-0.02487,-0.50321,0.00051,-0.98735
128.81,SYN.ETH-24APR20,1584097140265,open,1.87,0.0,1.714,1.886,1.79609,119.46,None,0.0,ETH-24APR20-360-P,133.5,0.0,1.2875,5.0,2.2885,5.0,500.0,0.01132,-0.01615,-0.41176,0.0005,-0.9903
131.5,SYN.ETH-25SEP20,1584097140266,open,0.07,607.0,0.036,0.1375,0.080705,109.78,0.072,0.0,ETH-25SEP20-320-C,133.5,102.39,0.0645,21.0,0.1,200.0,117.93,0.3,-0.08407,0.11297,0.00294,0.24079
128.81,SYN.ETH-24APR20,1584097140267,open,0.63,1277.0,0.522,0.6515,0.583643,114.89,1.438,0.0,ETH-24APR20-200-P,133.5,0.0,0.1095,5.0,1.1105,5.0,500.0,0.1123,-0.15405,-0.20822,0.00514,-0.8254
128.81,SYN.ETH-24APR20,1584097140269,open,0.93,27.0,0.813,0.9475,0.876056,116.03,0.9095,0.0,ETH-24APR20-240-P,133.5,0.0,0.3905,5.0,1.3915,5.0,500.0,0.06652,-0.09216,-0.26501,0.00301,-0.91728
5437.53,SYN.BTC-24APR20,1584097140270,open,0.33,28.0,0.2415,0.3525,0.29157511,120.46,0.2385,0.0,BTC-24APR20-6500-P,5658.07,105.02,0.2715,3.0,0.3315,3.0,150.42,7.15019,-10.28451,-5.51377,0.00017,-0.59227
130.93,SYN.ETH-20MAR20,1584097140271,open,0.1,35.0,0.0345,0.125,0.07777,149.21,0.161,0.0,ETH-20MAR20-130-P,133.5,153.32,0.08,15.0,0.1305,10.0,246.8,0.07102,-0.77057,-0.0129,0.01474,-0.44546
131.53,SYN.ETH-25SEP20,1584097140273,open,2.82,0.0,2.559,2.8365,2.688868,114.27,None,0.0,ETH-25SEP20-480-P,133.5,0.0,0.0,0.0,0.0,0.0,0.0,0.20347,-0.05935,-2.51227,0.00192,-0.87034
128.31,ETH-27MAR20,1584097140276,open,2.51,0.0,2.3295,2.535,2.429208,168.7,2.3815,0.0,ETH-27MAR20-440-P,133.5,0.0,1.9425,5.0,2.742,5.0,500.0,0.00016,-0.00099,-0.16726,2e-05,-0.99983
128.31,ETH-27MAR20,1584097140278,open,3.46,0.0,3.2375,3.499,3.36443,169.15,None,0.0,ETH-27MAR20-560-P,133.5,0.0,2.8535,5.0,3.653,5.0,500.0,1e-05,-6e-05,-0.21289,0.0,-0.99999
128.31,ETH-27MAR20,1584097140282,open,2.82,0.0,2.632,2.856,2.740944,224.14,None,0.0,ETH-27MAR20-480-P,133.5,0.0,2.246,5.0,3.0455,5.0,500.0,0.00198,-0.01598,-0.18236,0.00014,-0.99745
5427.94,BTC-27MAR20,1584097140282,open,0.04,319.3,0.03,0.1035,0.07342641,145.54,0.0675,0.0,BTC-27MAR20-6000-C,5658.07,139.15,0.0685,7.0,0.079,10.0,152.95,4.12894,-21.65418,0.70779,0.00025,0.41636
128.3,ETH-27MAR20,1584097140283,open,2.03,0.0,1.876,2.053,1.961878,168.47,None,0.0,ETH-27MAR20-380-P,133.5,0.0,1.4875,5.0,2.287,5.0,500.0,0.00072,-0.00436,-0.14442,7e-05,-0.99916
5437.53,SYN.BTC-24APR20,1584097140284,open,0.33,28.0,0.2415,0.3525,0.29157511,120.46,0.2385,0.0,BTC-24APR20-6500-P,5658.07,104.63,0.271,3.0,0.3315,3.0,150.42,7.15019,-10.28451,-5.51377,0.00017,-0.59227
128.3,ETH-27MAR20,1584097140285,open,2.19,4.0,2.027,2.214,2.117732,168.59,1.862,0.0,ETH-27MAR20-400-P,133.5,0.0,1.639,5.0,2.4385,5.0,500.0,0.00044,-0.00266,-0.15204,4e-05,-0.99951
129.92,ETH-26JUN20,1584097140287,open,4.71,0.0,4.38,4.722,4.544936,127.71,4.702,0.0,ETH-26JUN20-720-P,133.49,0.0,0.0,0.0,0.0,0.0,0.0,0.02701,-0.01645,-2.06417,0.00044,-0.98458
129.92,ETH-26JUN20,1584097140287,open,0.04,1436.0,0.0235,0.0825,0.049549,107.76,0.09,0.0,ETH-26JUN20-80-P,133.49,107.72,0.0495,32.0,0.092,10.0,142.68,0.14701,-0.07553,-0.06688,0.00281,-0.12961
129.92,ETH-26JUN20,1584097140287,open,4.39,0.0,4.0835,4.407,4.238109,128.78,None,0.0,ETH-26JUN20-680-P,133.49,0.0,0.0,0.0,0.0,0.0,0.0,0.0338,-0.02075,-1.9479,0.00054,-0.97994
129.92,ETH-26JUN20,1584097140287,open,3.76,0.0,3.486,3.7775,3.624368,127.54,None,0.0,ETH-26JUN20-600-P,133.49,0.0,0.01,50.0,0.0,0.0,0.0,0.04602,-0.02798,-1.71546,0.00074,-0.97104
129.91,ETH-26JUN20,1584097140288,open,0.55,1861.0,0.455,0.628,0.539973,124.8,0.63,0.0,ETH-26JUN20-180-P,133.49,0.0,0.1375,4.0,0.62,1.0,162.33,0.27457,-0.16337,-0.41089,0.00454,-0.5608
129.91,ETH-26JUN20,1584097140288,open,4.08,0.0,3.7825,4.0915,3.930335,124.01,None,0.0,ETH-26JUN20-640-P,133.49,0.0,0.01,50.0,0.0,0.0,0.0,0.03284,-0.01941,-1.83312,0.00055,-0.98061
133.17,SYN.ETH-14MAR20,1584097140286,open,0.07,1.0,0.0025,0.07,0.04146,173.68,0.049,0.0,ETH-14MAR20-135-P,133.49,0.0,0.0005,1.0,0.0,0.0,0.0,0.02584,-2.24425,-0.00188,0.03497,-0.54684
128.3,ETH-27MAR20,1584097140288,open,4.1,0.0,3.8435,4.1425,3.988309,169.49,None,0.0,ETH-27MAR20-640-P,133.49,0.0,0.0105,150.0,0.0,0.0,0.0,0.0,-1e-05,-0.2433,0.0,-1.0
129.91,ETH-26JUN20,1584097140290,open,2.5,0.0,2.2935,2.529,2.403542,125.8,None,0.0,ETH-26JUN20-440-P,133.49,0.0,0.01,50.0,0.0,0.0,0.0,0.09404,-0.0564,-1.24412,0.00154,-0.92947
133.17,SYN.ETH-14MAR20,1584097140286,open,0.02,84.0,0.0055,0.073,0.047901,179.77,0.02,0.0,ETH-14MAR20-130-C,133.49,0.0,0.004,53.0,0.07,1.0,297.06,0.02474,-2.22379,0.00184,0.03235,0.6247
131.53,SYN.ETH-25SEP20,1584097140287,open,5.32,0.0,4.9095,5.2985,5.093955,115.87,None,0.0,ETH-25SEP20-800-P,133.49,0.0,0.0,0.0,0.0,0.0,0.0,0.09022,-0.02668,-4.27013,0.00084,-0.95568
132.8,SYN.ETH-15MAR20,1584097140286,open,0.0,0.097,0.1695,0.131127,102.68,None,0.0,ETH-15MAR20-150-P,133.49,0.0,0.0005,1.0,0.0,0.0,0.0,0.01026,-0.28081,-0.00736,0.01102,-0.94716
132.8,SYN.ETH-15MAR20,1584097140286,open,0.0,0.146,0.199,0.172989,145.07,None,0.0,ETH-15MAR20-110-C,133.49,0.0,0.0075,20.0,0.0,0.0,0.0,0.0067,-0.25891,0.00543,0.00509,0.96878
131.53,SYN.ETH-25SEP20,1584097140287,open,4.38,0.0,4.0255,4.369,4.187327,115.08,None,0.0,ETH-25SEP20-680-P,133.49,0.0,0.0,0.0,0.0,0.0,0.0,0.11976,-0.03518,-3.61676,0.00112,-0.93665
131.53,SYN.ETH-25SEP20,1584097140287,open,5.01,0.0,4.6145,4.988,4.7914,115.57,None,0.0,ETH-25SEP20-760-P,133.49,0.0,0.0,0.0,0.0,0.0,0.0,0.09878,-0.02914,-4.05283,0.00092,-0.95037
133.17,SYN.ETH-14MAR20,1584097140286,open,0.18,0.0,0.094,0.1655,0.130241,180.65,None,0.0,ETH-14MAR20-150-P,133.49,0.0,0.0005,20.0,0.0,0.0,0.0,0.01117,-1.009,-0.0033,0.01453,-0.90329
133.17,SYN.ETH-14MAR20,1584097140286,open,0.29,0.0,0.3035,0.3435,0.324134,0.0,None,0.0,ETH-14MAR20-90-C,133.49,0.0,0.0005,21.0,0.0,0.0,0.0,0.0,0.0,0.00216,0.0,1.0
131.53,SYN.ETH-25SEP20,1584097140287,open,0.16,1096.0,0.132,0.2635,0.19774,104.98,0.176,0.0,ETH-25SEP20-180-C,133.49,99.42,0.1815,18.0,0.2605,18.0,126.51,0.38429,-0.10298,0.20676,0.00394,0.49066
131.53,SYN.ETH-25SEP20,1584097140286,open,5.94,0.0,5.4995,5.92,5.699797,116.56,None,0.0,ETH-25SEP20-880-P,133.49,0.0,0.0,0.0,0.0,0.0,0.0,0.07619,-0.02267,-4.70364,0.0007,-0.964
130.93,SYN.ETH-20MAR20,1584097140287,open,0.45,0.0,0.449,0.482,0.465639,177.34,None,0.0,ETH-20MAR20-70-C,133.49,0.0,0.451,10.0,0.478,10.0,331.66,0.0019,-0.02453,0.01309,0.00033,0.99647
133.17,SYN.ETH-14MAR20,1584097140286,open,0.37,0.0,0.381,0.4165,0.39923,0.0,None,0.0,ETH-14MAR20-80-C,133.49,0.0,0.0005,50.0,0.0,0.0,0.0,0.0,0.0,0.00192,0.0,1.0
133.17,SYN.ETH-14MAR20,1584097140286,open,0.33,0.0,0.342,0.38,0.361682,0.0,None,0.0,ETH-14MAR20-85-C,133.49,0.0,0.0005,40.0,0.0,0.0,0.0,0.0,0.0,0.00204,0.0,1.0
131.53,SYN.ETH-25SEP20,1584097140289,open,4.06,0.0,3.731,4.0605,3.885984,114.88,None,0.0,ETH-25SEP20-640-P,133.49,0.0,0.0,0.0,0.0,0.0,0.0,0.13252,-0.03886,-3.39779,0.00124,-0.92777
131.53,SYN.ETH-25SEP20,1584097140288,open,3.13,0.0,2.851,3.1405,2.986442,114.39,None,0.0,ETH-25SEP20-520-P,133.49,0.0,0.0,0.0,0.0,0.0,0.0,0.18233,-0.05324,-2.7355,0.00172,-0.88902
131.53,SYN.ETH-25SEP20,1584097140289,open,0.03,538.0,0.018,0.066,0.038837,104.2,0.0885,0.0,ETH-25SEP20-60-P,133.49,69.59,0.009,1.0,0.0,0.0,0.0,0.14227,-0.03784,-0.08337,0.00147,-0.07928
133.17,SYN.ETH-14MAR20,1584097140288,open,0.22,0.0,0.226,0.271,0.249049,0.0,None,0.0,ETH-14MAR20-100-C,133.49,0.0,0.0005,20.0,0.0,0.0,0.0,0.0,0.0,0.0024,0.0,1.0
131.53,SYN.ETH-25SEP20,1584097140288,open,0.14,525.0,0.104,0.213,0.156852,103.88,0.301,0.0,ETH-25SEP20-100-P,133.49,54.34,0.05,1.0,0.855,1.0,500.0,0.29219,-0.07748,-0.27268,0.00303,-0.22946
133.17,SYN.ETH-14MAR20,1584097140287,open,0.18,0.0,0.1875,0.2345,0.211574,160.79,None,0.0,ETH-14MAR20-105-C,133.49,0.0,0.0005,1.0,0.0,0.0,0.0,0.00024,-0.01953,0.00252,0.00036,0.99888
5544.04,SYN.BTC-20MAR20,1584097140304,open,0.22,381.0,0.1215,0.2075,0.16954875,158.87,0.42,0.0,BTC-20MAR20-6250-P,5658.07,148.61,0.1645,4.0,0.2125,4.0,241.24,2.75474,-31.82524,-0.87708,0.0003,-0.67027
131.53,SYN.ETH-25SEP20,1584097140288,open,1.0,200.0,0.8515,1.0535,0.949194,105.38,2.0,0.0,ETH-25SEP20-240-P,133.49,0.0,0.0,0.0,0.0,0.0,0.0,0.35582,-0.09571,-1.13082,0.00364,-0.65287
130.93,SYN.ETH-20MAR20,1584097140287,open,0.51,250.0,0.4095,0.509,0.45523,154.5,0.745,0.0,ETH-20MAR20-190-P,133.49,0.0,0.0005,20.0,0.0,0.0,0.0,0.01838,-0.20647,-0.03467,0.00368,-0.95053
131.53,SYN.ETH-25SEP20,1584097140290,open,2.51,0.0,2.268,2.534,2.392698,113.96,None,0.0,ETH-25SEP20-440-P,133.49,0.0,0.0,0.0,0.0,0.0,0.0,0.22637,-0.06585,-2.28765,0.00214,-0.84828
131.53,SYN.ETH-25SEP20,1584097140288,open,4.69,0.0,4.32,4.6785,4.489165,115.31,None,0.0,ETH-25SEP20-720-P,133.49,0.0,0.0,0.0,0.0,0.0,0.0,0.10857,-0.03196,-3.83507,0.00101,-0.9441
133.17,SYN.ETH-14MAR20,1584097140287,open,0.26,0.0,0.265,0.307,0.286587,0.0,None,0.0,ETH-14MAR20-95-C,133.49,0.0,0.0005,20.0,0.0,0.0,0.0,0.0,0.0,0.00228,0.0,1.0
128.31,ETH-27MAR20,1584097140307,open,3.14,0.0,2.935,3.178,3.052686,168.98,None,0.0,ETH-27MAR20-520-P,133.49,0.0,2.5495,5.0,3.35,5.0,500.0,2e-05,-0.00015,-0.19768,0.0,-0.99998
133.17,SYN.ETH-14MAR20,1584097140287,open,0.14,1.0,0.1485,0.1985,0.17437,176.21,0.0345,0.0,ETH-14MAR20-110-C,133.49,0.0,0.0005,1.0,0.0,0.0,0.0,0.00203,-0.17912,0.0026,0.00271,0.98803
131.53,SYN.ETH-25SEP20,1584097140291,open,2.2,0.0,1.979,2.2335,2.098663,113.6,None,0.0,ETH-25SEP20-400-P,133.49,0.0,0.0,0.0,0.0,0.0,0.0,0.25166,-0.07297,-2.06108,0.00239,-0.82133
5544.04,SYN.BTC-20MAR20,1584097140312,open,0.05,55.0,0.0045,0.0515,0.03180612,167.68,0.0445,0.0,BTC-20MAR20-4750-P,5658.07,166.92,0.0315,8.0,0.041,0.4,189.98,2.22763,-27.16296,-0.2585,0.00023,-0.21572
131.53,SYN.ETH-25SEP20,1584097140316,open,0.14,543.0,0.1055,0.234,0.168456,105.08,0.173,0.0,ETH-25SEP20-200-C,133.49,99.35,0.152,18.0,0.234,18.0,127.59,0.37954,-0.10181,0.18929,0.00389,0.43663
5459.11,BTC-26JUN20,1584097140321,open,0.32,901.8,0.237,0.3645,0.29447742,109.38,0.325,0.0,BTC-26JUN20-6000-P,5658.07,96.63,0.2675,4.0,0.331,5.9,126.64,11.57282,-6.03468,-11.64012,0.00012,-0.44749
128.31,ETH-27MAR20,1584097140322,open,0.31,4003.0,0.223,0.329,0.294062,157.41,0.342,0.0,ETH-27MAR20-160-P,133.49,120.73,0.2715,6.0,0.3575,6.0,245.27,0.08505,-0.48241,-0.04918,0.00863,-0.7142
5459.11,BTC-26JUN20,1584097140323,open,0.32,901.8,0.237,0.3645,0.29447742,109.38,0.325,0.0,BTC-26JUN20-6000-P,5658.07,96.63,0.2675,4.0,0.331,4.0,126.64,11.57282,-6.03468,-11.64012,0.00012,-0.44749
128.31,ETH-27MAR20,1584097140324,open,0.01,2322.0,0.0005,0.021,0.011307,180.0,0.022,0.0,ETH-27MAR20-80-P,133.49,152.17,0.0055,5.0,0.18,32.0,500.0,0.03136,-0.20342,-0.00368,0.00278,-0.06406
128.3,ETH-27MAR20,1584097140326,open,0.07,956.0,0.0265,0.102,0.072522,138.55,0.0595,0.0,ETH-27MAR20-140-C,133.49,140.49,0.074,13.0,0.119,13.0,198.69,0.09805,-0.48953,0.01721,0.01131,0.42545
128.81,SYN.ETH-24APR20,1584097140327,open,0.12,45.0,0.0685,0.1565,0.111959,108.08,0.125,0.0,ETH-24APR20-140-C,133.49,110.34,0.115,13.0,0.177,13.0,156.29,0.17388,-0.2244,0.05471,0.00845,0.48221
128.3,ETH-27MAR20,1584097140329,open,1.55,1002.0,1.422,1.5715,1.494352,157.39,1.32,0.0,ETH-27MAR20-320-P,133.49,0.0,1.034,5.0,1.8345,5.0,500.0,0.00185,-0.01047,-0.12154,0.00019,-0.99763
128.31,ETH-27MAR20,1584097140336,open,1.39,0.0,1.27,1.4105,1.338967,171.18,None,0.0,ETH-27MAR20-300-P,133.49,0.0,0.884,5.0,1.6845,5.0,500.0,0.00591,-0.03643,-0.11367,0.00055,-0.99129
128.3,ETH-27MAR20,1584097140338,open,0.76,2196.0,0.665,0.7735,0.721846,160.93,0.84,0.0,ETH-27MAR20-220-P,133.49,0.0,0.298,5.0,0.7805,5.0,290.17,0.02948,-0.17096,-0.08109,0.00293,-0.94082
5643.55,SYN.BTC-14MAR20,1584097140338,open,0.03,0.7,0.0295,0.0835,0.06318126,179.69,0.023,0.0,BTC-14MAR20-5375-C,5658.07,119.05,0.054,1.0,0.0,0.0,0.0,0.92227,-82.86276,0.08962,0.00067,0.72506
128.3,ETH-27MAR20,1584097140340,open,0.92,1727.0,0.8165,0.9315,0.87444,162.14,1.3395,0.0,ETH-27MAR20-240-P,133.49,0.0,0.4415,5.0,1.242,5.0,500.0,0.01895,-0.11069,-0.08976,0.00187,-0.96585
5427.88,BTC-27MAR20,1584097140341,open,0.85,33.1,0.7155,0.7935,0.75716518,164.79,1.108,0.0,BTC-27MAR20-9500-P,5657.59,0.0,0.727,1.0,0.7975,1.0,264.72,1.209,-7.17915,-3.50843,7e-05,-0.94311
5427.88,BTC-27MAR20,1584097140341,open,1.05,0.1,0.896,0.977,0.93902896,173.91,0.1395,0.0,BTC-27MAR20-10500-P,5657.59,0.0,0.118,0.5,1.1185,1.9,494.05,0.87163,-5.46236,-3.923,4e-05,-0.96216
5459.23,BTC-26JUN20,1584097140342,open,1.0,762.1,0.8345,0.983,0.90018592,114.18,1.009,0.0,BTC-26JUN20-10000-P,5657.59,0.0,0.3775,1.0,1.378,1.0,353.03,9.24603,-5.03313,-25.92685,9e-05,-0.75268
5427.88,BTC-27MAR20,1584097140342,open,0.0,770.9,0.0005,0.014,0.00444017,173.08,0.0065,0.0,BTC-27MAR20-10500-C,5657.59,147.8,0.0015,37.7,0.0105,30.3,202.06,0.85606,-5.33917,0.06721,4e-05,0.03701
5427.88,BTC-27MAR20,1584097140342,open,5.62,0.0,5.141,5.391,5.26438276,306.44,None,0.0,BTC-27MAR20-34000-P,5657.59,0.0,0.0005,1.0,0.0,0.0,0.0,0.09053,-0.99972,-12.92044,0.0,-0.99722
5427.88,BTC-27MAR20,1584097140342,open,0.76,854.4,0.6255,0.703,0.66797716,163.89,0.7545,0.0,BTC-27MAR20-9000-P,5657.59,0.0,0.64,2.0,0.7075,2.0,252.87,1.53449,-9.06195,-3.28205,8e-05,-0.9226
5427.88,BTC-27MAR20,1584097140342,open,2.9,3.0,2.612,2.7585,2.68465347,0.0,2.33,0.0,BTC-27MAR20-20000-P,5657.59,0.0,2.2405,1.0,3.041,1.0,500.0,0.0,0.0,-7.60312,0.0,-1.0
5459.23,BTC-26JUN20,1584097140342,open,3.67,0.0,3.3115,3.511,3.40317254,126.5,None,0.0,BTC-26JUN20-24000-P,5657.59,0.0,0.0005,1.0,0.0,0.0,0.0,2.12972,-1.28443,-68.55788,2e-05,-0.96746
5458.75,BTC-26JUN20,1584097140342,open,5.23,3.0,4.7465,4.994,4.86398023,123.87,6.119,0.0,BTC-26JUN20-32000-P,5657.59,0.0,0.0005,1.0,0.0,0.0,0.0,0.77063,-0.4551,-91.81983,1e-05,-0.99014
5458.75,BTC-26JUN20,1584097140342,open,2.51,1.0,2.2375,2.4125,2.31539167,125.61,0.9,0.0,BTC-26JUN20-18000-P,5657.59,0.0,0.0005,1.0,0.0,0.0,0.0,4.1669,-2.49542,-50.81517,4e-05,-0.92441
5524.37,BTC-25SEP20,1584097140342,open,5.98,0.0,5.3905,5.685,5.52693205,117.07,None,0.0,BTC-25SEP20-36000-P,5657.59,0.0,0.0005,1.0,0.0,0.0,0.0,3.45034,-1.03108,-192.32899,2e-05,-0.96052
5458.75,BTC-26JUN20,1584097140342,open,0.01,547.5,0.006,0.0555,0.02106643,120.37,0.009,0.0,BTC-26JUN20-16000-C,5657.59,112.71,0.015,30.5,0.0275,18.5,127.27,4.7305,-2.71466,1.07275,5e-05,0.08946
5427.4,BTC-27MAR20,1584097140343,open,6.79,0.8,6.2225,6.5165,6.36986206,0.0,5.8915,0.0,BTC-27MAR20-40000-P,5657.59,0.0,0.0005,1.0,0.0,0.0,0.0,0.0,0.0,-15.20624,0.0,-1.0
5427.4,BTC-27MAR20,1584097140342,open,6.01,0.1,5.5,5.765,5.63287585,0.0,5.7275,0.0,BTC-27MAR20-36000-P,5657.59,0.0,0.0005,1.0,0.0,0.0,0.0,0.0,0.0,-13.68562,0.0,-1.0
5427.4,BTC-27MAR20,1584097140343,open,1.92,2.0,1.709,1.819,1.76376073,136.0,0.4565,0.0,BTC-27MAR20-15000-P,5657.59,0.0,1.3315,1.0,2.132,1.0,500.0,0.00448,-0.02194,-5.70213,0.0,-0.99989
5643.55,SYN.BTC-14MAR20,1584097140341,open,0.34,15.7,0.2595,0.311,0.28481653,197.17,0.5535,0.0,BTC-14MAR20-7250-P,5657.59,0.0,0.0005,1.0,0.0,0.0,0.0,0.04321,-4.25952,-0.17322,3e-05,-0.99454
5427.4,BTC-27MAR20,1584097140343,open,0.0,999.6,0.0005,0.013,0.00318472,173.53,0.001,0.0,BTC-27MAR20-11000-C,5657.59,148.76,0.001,36.8,0.009,31.8,206.39,0.66994,-4.18917,0.05019,3e-05,0.02751
5643.55,SYN.BTC-14MAR20,1584097140341,open,0.0,5.0,0.0005,0.0105,0.00075167,179.94,0.003,0.0,BTC-14MAR20-6750-C,5657.59,188.28,0.001,10.0,0.0075,10.0,288.16,0.15309,-4.24209,0.00307,0.00011,0.02345
5458.75,BTC-26JUN20,1584097140344,open,4.45,0.0,4.0285,4.2515,4.13286498,124.98,None,0.0,BTC-26JUN20-28000-P,5657.59,0.0,0.0005,1.0,0.0,0.0,0.0,1.27213,-0.75801,-80.23085,1e-05,-0.98238
5427.4,BTC-27MAR20,1584097140344,open,5.23,0.0,4.777,5.0125,4.8954226,0.0,None,0.0,BTC-27MAR20-32000-P,5657.59,0.0,0.0005,1.0,0.0,0.0,0.0,0.0,0.0,-12.16499,0.0,-1.0
5524.37,BTC-25SEP20,1584097140344,open,5.21,1.0,4.6825,4.9545,4.80701506,117.31,7.779,0.0,BTC-25SEP20-32000-P,5657.59,0.0,0.0005,1.0,0.0,0.0,0.0,4.38682,-1.31365,-170.57842,2e-05,-0.94677
5458.75,BTC-26JUN20,1584097140344,open,3.29,0.0,2.9525,3.144,3.03959593,126.22,None,0.0,BTC-26JUN20-22000-P,5657.59,0.0,0.0005,1.0,0.0,0.0,0.0,2.65128,-1.59545,-62.69224,2e-05,-0.95745
5643.55,SYN.BTC-14MAR20,1584097140342,open,0.06,1.6,0.0735,0.1175,0.09766405,179.43,0.11,0.0,BTC-14MAR20-5125-C,5657.59,0.0,0.0035,0.2,0.115,0.5,310.64,0.57541,-51.62142,0.10498,0.00042,0.87299
5458.75,BTC-26JUN20,1584097140344,open,4.06,0.0,3.6685,3.881,3.76777336,125.3,None,0.0,BTC-26JUN20-26000-P,5657.59,0.0,0.0005,1.0,0.0,0.0,0.0,1.61788,-0.96651,-74.41386,2e-05,-0.9766
5626.96,SYN.BTC-15MAR20,1584097140341,open,0.0,0.111,0.1695,0.14414664,174.94,None,0.0,BTC-15MAR20-6375-P,5657.59,0.0,0.001,0.1,0.0,0.0,0.0,1.04178,-48.58271,-0.28009,0.00037,-0.82447
5458.75,BTC-26JUN20,1584097140346,open,4.84,5.5,4.388,4.6225,4.49830064,124.52,5.702,0.0,BTC-26JUN20-30000-P,5657.59,0.0,0.0005,1.0,0.0,0.0,0.0,0.99473,-0.59051,-86.03142,1e-05,-0.98677
5458.75,BTC-26JUN20,1584097140346,open,2.9,0.1,2.595,2.7755,2.67642819,125.5,1.85,0.0,BTC-26JUN20-20000-P,5657.59,0.0,0.0005,1.0,0.0,0.0,0.0,3.27718,-1.96078,-56.79343,3e-05,-0.94453
5427.4,BTC-27MAR20,1584097140346,open,3.67,0.0,3.335,3.511,3.42191879,0.0,None,0.0,BTC-27MAR20-24000-P,5657.59,0.0,0.0005,1.0,0.0,0.0,0.0,0.0,0.0,-9.12374,0.0,-1.0
5643.55,SYN.BTC-14MAR20,1584097140341,open,0.2,0.0,0.1295,0.179,0.15402543,181.41,None,0.0,BTC-14MAR20-6500-P,5657.59,0.0,0.0005,1.0,0.0,0.0,0.0,0.334,-30.29633,-0.14798,0.00024,-0.9389
5427.4,BTC-27MAR20,1584097140346,open,3.29,5.6,2.973,3.1345,3.05310767,0.0,2.888,0.0,BTC-27MAR20-22000-P,5657.59,0.0,0.0005,1.0,0.0,0.0,0.0,0.0,0.0,-8.36343,0.0,-1.0
5427.4,BTC-27MAR20,1584097140347,open,4.84,0.0,4.4175,4.638,4.52695874,0.0,None,0.0,BTC-27MAR20-30000-P,5657.59,0.0,0.0005,1.0,0.0,0.0,0.0,0.0,0.0,-11.40468,0.0,-1.0
5427.4,BTC-27MAR20,1584097140347,open,4.45,0.0,4.0565,4.2625,4.15849495,0.0,None,0.0,BTC-27MAR20-28000-P,5657.59,0.0,0.0005,1.0,0.0,0.0,0.0,0.0,0.0,-10.64437,0.0,-1.0
5643.55,SYN.BTC-14MAR20,1584097140341,open,0.25,21.1,0.173,0.222,0.19689875,183.16,0.4,0.0,BTC-14MAR20-6750-P,5657.59,0.0,0.0005,1.0,0.0,0.0,0.0,0.1645,-15.06518,-0.1586,0.00012,-0.97445
5524.37,BTC-25SEP20,1584097140347,open,4.43,0.0,3.974,4.2215,4.08647304,114.75,None,0.0,BTC-25SEP20-28000-P,5657.59,0.0,0.0005,1.0,0.0,0.0,0.0,5.15918,-1.51117,-148.85456,3e-05,-0.93454
5643.55,SYN.BTC-14MAR20,1584097140341,open,0.07,8.7,0.0085,0.0675,0.04541281,178.41,0.0405,0.0,BTC-14MAR20-5750-P,5657.59,0.0,0.01,0.5,0.0,0.0,0.0,1.08694,-96.96169,-0.08299,0.0008,-0.56755
5643.55,SYN.BTC-14MAR20,1584097140342,open,0.29,117.3,0.2165,0.266,0.24068245,187.52,0.249,0.0,BTC-14MAR20-7000-P,5657.59,0.0,0.001,5.0,0.295,1.0,500.0,0.07845,-7.3553,-0.16653,5e-05,-0.98925
5643.55,SYN.BTC-14MAR20,1584097140341,open,0.22,0.0,0.232,0.2615,0.24688371,0.0,None,0.0,BTC-14MAR20-4250-C,5657.59,0.0,0.0005,2.5,0.0,0.0,0.0,0.0,0.0,0.10196,0.0,1.0
5643.55,SYN.BTC-14MAR20,1584097140342,open,0.17,0.0,0.1865,0.2185,0.2026963,168.4,None,0.0,BTC-14MAR20-4500-C,5657.59,0.0,0.001,1.0,0.0,0.0,0.0,0.02273,-1.91391,0.10759,2e-05,0.99733
5643.55,SYN.BTC-14MAR20,1584097140342,open,0.08,0.1,0.096,0.136,0.11719582,179.14,0.0385,0.0,BTC-14MAR20-5000-C,5657.59,0.0,0.0045,0.2,0.0,0.0,0.0,0.40028,-35.85353,0.10907,0.00029,0.92273
5544.04,SYN.BTC-20MAR20,1584097140342,open,0.0,0.0,0.0005,0.012,0.00238267,180.03,None,0.0,BTC-20MAR20-3500-P,5657.59,198.07,0.004,18.6,0.0115,26.2,251.34,0.42321,-5.54046,-0.0271,4e-05,-0.02357
5643.55,SYN.BTC-14MAR20,1584097140342,open,0.43,0.0,0.3465,0.401,0.37335812,232.82,None,0.0,BTC-14MAR20-7750-P,5657.59,0.0,0.0005,0.2,0.0,0.0,0.0,0.02697,-3.1397,-0.18551,2e-05,-0.99678
5643.55,SYN.BTC-14MAR20,1584097140341,open,0.04,3.8,0.051,0.0995,0.07954207,179.59,0.0405,0.0,BTC-14MAR20-5250-C,5657.59,0.0,0.0035,1.4,0.29,1.2,500.0,0.75814,-68.07696,0.09845,0.00055,0.80668
5626.96,SYN.BTC-15MAR20,1584097140342,open,0.0,0.139,0.1785,0.16103325,179.47,None,0.0,BTC-15MAR20-4750-C,5657.59,0.0,0.144,4.0,0.177,4.0,283.88,0.61992,-29.65703,0.21842,0.00021,0.9164
5643.55,SYN.BTC-14MAR20,1584097140341,open,0.24,1.0,0.2545,0.283,0.26902477,0.0,0.101,0.0,BTC-14MAR20-4125-C,5657.59,0.0,0.0005,2.0,0.0,0.0,0.0,0.0,0.0,0.09897,0.0,1.0
5643.55,SYN.BTC-14MAR20,1584097140341,open,0.32,55.0,0.238,0.2885,0.26272527,191.52,0.0215,0.0,BTC-14MAR20-7125-P,5657.59,0.0,0.0005,1.0,0.0,0.0,0.0,0.05649,-5.40966,-0.16997,4e-05,-0.99261
5643.55,SYN.BTC-14MAR20,1584097140342,open,0.11,0.5,0.043,0.1,0.07626995,180.06,0.078,0.0,BTC-14MAR20-6000-P,5657.59,0.0,0.015,1.0,0.0,0.0,0.0,0.89258,-80.35919,-0.11083,0.00065,-0.74227
5643.55,SYN.BTC-14MAR20,1584097140342,open,0.1,5.0,0.119,0.156,0.13776757,178.63,0.09,0.0,BTC-14MAR20-4875-C,5657.59,0.0,0.0035,0.2,0.0,0.0,0.0,0.25258,-22.55902,0.11092,0.00019,0.957
5643.55,SYN.BTC-14MAR20,1584097140341,open,0.13,1.8,0.0645,0.1185,0.09411524,180.44,0.0425,0.0,BTC-14MAR20-6125-P,5657.59,0.0,0.01,1.0,0.0,0.0,0.0,0.74737,-67.42696,-0.12257,0.00054,-0.81114
5437.53,SYN.BTC-24APR20,1584097140342,open,1.73,0.0,1.524,1.641,1.57995906,135.75,None,0.0,BTC-24APR20-14000-P,5657.59,0.0,1.0455,1.0,2.046,1.0,500.0,1.38475,-2.24446,-15.88353,3e-05,-0.96615
5643.55,SYN.BTC-14MAR20,1584097140341,open,0.28,0.0,0.2995,0.3265,0.31332313,0.0,None,0.0,BTC-14MAR20-3875-C,5657.59,0.0,0.0005,3.0,0.0,0.0,0.0,0.0,0.0,0.09297,0.0,1.0
5643.55,SYN.BTC-14MAR20,1584097140341,open,0.19,0.0,0.209,0.2395,0.22476343,0.0,None,0.0,BTC-14MAR20-4375-C,5657.59,0.0,0.003,0.2,0.0,0.0,0.0,0.0,0.0,0.10496,0.0,1.0
5643.55,SYN.BTC-14MAR20,1584097140342,open,0.41,18.2,0.325,0.3785,0.35121159,222.73,0.3855,0.0,BTC-14MAR20-7625-P,5657.59,0.0,0.0005,0.2,0.0,0.0,0.0,0.02852,-3.17576,-0.18249,2e-05,-0.99657
5643.55,SYN.BTC-14MAR20,1584097140342,open,0.33,0.0,0.345,0.37,0.35762472,0.0,None,0.0,BTC-14MAR20-3625-C,5657.59,0.0,0.0005,4.0,0.0,0.0,0.0,0.0,0.0,0.08697,0.0,1.0
5643.55,SYN.BTC-14MAR20,1584097140342,open,0.0,0.3,0.0005,0.0105,0.00012769,180.05,0.004,0.0,BTC-14MAR20-4500-P,5657.59,279.62,0.0025,0.1,0.0095,16.0,386.13,0.03643,-0.72063,-0.00063,3e-05,-0.00451
5643.55,SYN.BTC-14MAR20,1584097140342,open,0.13,1.7,0.1415,0.1765,0.15904214,177.6,0.073,0.0,BTC-14MAR20-4750-C,5657.59,0.0,0.01,0.5,0.0,0.0,0.0,0.14193,-12.60366,0.11096,0.0001,0.97856
5643.55,SYN.BTC-14MAR20,1584097140342,open,0.31,0.0,0.322,0.3485,0.33547387,0.0,None,0.0,BTC-14MAR20-3750-C,5657.59,0.0,0.0005,1.0,0.0,0.0,0.0,0.0,0.0,0.08997,0.0,1.0
5643.55,SYN.BTC-14MAR20,1584097140342,open,0.0,2.0,0.0005,0.0105,1.336e-05,180.04,0.0005,0.0,BTC-14MAR20-4250-P,5657.59,260.04,0.0005,0.2,0.0065,13.0,414.78,0.00543,-0.07539,-8e-05,0.0,-0.00056
5643.55,SYN.BTC-14MAR20,1584097140342,open,0.36,2.1,0.2815,0.3335,0.30693533,204.47,0.22,0.0,BTC-14MAR20-7375-P,5657.59,0.0,0.0005,0.2,0.0,0.0,0.0,0.03548,-3.62728,-0.17636,2e-05,-0.99563
5643.55,SYN.BTC-14MAR20,1584097140342,open,0.18,11.0,0.1075,0.158,0.13325631,180.97,0.1355,0.0,BTC-14MAR20-6375-P,5657.59,0.0,0.0005,1.0,0.0,0.0,0.0,0.45504,-41.17352,-0.14103,0.00033,-0.90834
5544.04,SYN.BTC-20MAR20,1584097140342,open,0.3,0.0,0.31,0.3435,0.32844369,179.64,None,0.0,BTC-20MAR20-3750-C,5657.59,0.0,0.3155,5.0,0.3435,5.0,259.17,0.70471,-9.20565,0.65568,7e-05,0.95628
5643.55,SYN.BTC-14MAR20,1584097140341,open,0.39,18.1,0.303,0.356,0.32906936,213.14,0.0495,0.0,BTC-14MAR20-7500-P,5657.59,0.0,0.0005,0.2,0.0,0.0,0.0,0.03107,-3.31083,-0.17944,2e-05,-0.99623
5544.04,SYN.BTC-20MAR20,1584097140342,open,0.26,6.5,0.2645,0.304,0.28753719,179.75,0.178,0.0,BTC-20MAR20-4000-C,5657.59,0.0,0.2725,5.0,0.303,5.0,243.48,1.06637,-13.93922,0.66676,0.0001,0.92598
5643.55,SYN.BTC-14MAR20,1584097140341,open,0.27,81.3,0.1945,0.244,0.21872228,184.86,0.17,0.0,BTC-14MAR20-6875-P,5657.59,0.0,0.0005,1.0,0.0,0.0,0.0,0.11299,-10.4437,-0.16279,8e-05,-0.9836
5643.55,SYN.BTC-14MAR20,1584097140341,open,0.09,5.1,0.023,0.083,0.0599632,179.51,0.05,0.0,BTC-14MAR20-5875-P,5657.59,0.0,0.01,1.0,0.0,0.0,0.0,1.01257,-90.88211,-0.09752,0.00074,-0.66026
5643.55,SYN.BTC-14MAR20,1584097140341,open,0.16,0.0,0.086,0.138,0.11320039,180.67,None,0.0,BTC-14MAR20-6250-P,5657.59,0.0,0.0005,0.1,0.0,0.0,0.0,0.59616,-53.85531,-0.13262,0.00043,-0.86631
5643.55,SYN.BTC-14MAR20,1584097140342,open,0.15,1.0,0.164,0.197,0.18074904,175.26,0.1485,0.0,BTC-14MAR20-4625-C,5657.59,0.0,0.0045,0.2,0.0,0.0,0.0,0.06784,-5.94456,0.10969,5e-05,0.9909
5437.53,SYN.BTC-24APR20,1584097140342,open,0.09,46.7,0.082,0.1735,0.12287869,120.26,0.131,0.0,BTC-24APR20-6000-C,5657.59,114.8,0.1155,0.5,0.13,10.0,125.54,7.34232,-10.5433,2.25815,0.00018,0.48486
128.3,ETH-27MAR20,1584097140363,open,1.87,6.0,1.7245,1.8925,1.805829,0.0,1.8335,0.0,ETH-27MAR20-360-P,133.49,0.0,1.336,5.0,2.1365,5.0,500.0,0.0,0.0,-0.13686,0.0,-1.0
5524.37,BTC-25SEP20,1584097140363,open,0.51,223.8,0.4165,0.574,0.4877563,104.88,0.495,0.0,BTC-25SEP20-7000-P,5657.59,95.54,0.4605,3.0,0.5375,3.0,122.05,16.09836,-4.30985,-28.38507,9e-05,-0.4697
5643.55,SYN.BTC-14MAR20,1584097140342,open,0.26,16.0,0.277,0.305,0.29117291,0.0,0.1315,0.0,BTC-14MAR20-4000-C,5657.59,0.0,0.0015,0.5,0.0,0.0,0.0,0.0,0.0,0.09597,0.0,1.0
5643.55,SYN.BTC-14MAR20,1584097140342,open,0.22,1.2,0.151,0.2,0.17529365,182.09,0.007,0.0,BTC-14MAR20-6625-P,5657.59,0.0,0.008,5.0,0.0,0.0,0.0,0.23719,-21.5952,-0.15374,0.00017,-0.96021
128.3,ETH-27MAR20,1584097140366,open,1.23,1342.0,1.119,1.2505,1.183454,163.03,1.686,0.0,ETH-27MAR20-280-P,133.49,0.0,0.735,5.0,1.5355,5.0,500.0,0.00715,-0.042,-0.10597,0.0007,-0.98917
128.31,ETH-27MAR20,1584097140369,open,1.71,0.0,1.573,1.7315,1.650259,178.54,None,0.0,ETH-27MAR20-340-P,133.49,0.0,1.185,5.0,1.9855,5.0,500.0,0.00318,-0.02046,-0.12906,0.00028,-0.99567
5524.37,BTC-25SEP20,1584097140378,open,1.39,247.2,1.185,1.367,1.26554711,106.93,1.41,0.0,BTC-25SEP20-12000-P,5657.59,100.39,1.25,1.0,1.448,3.5,172.45,13.49657,-3.68401,-59.02083,8e-05,-0.72529
5427.4,BTC-27MAR20,1584097140381,open,0.95,667.7,0.8065,0.886,0.84862978,172.25,0.999,0.0,BTC-27MAR20-10000-P,5657.59,0.0,0.8155,1.0,1.229,1.0,500.0,1.07915,-6.69833,-3.71249,6e-05,-0.9507
128.81,SYN.ETH-24APR20,1584097140381,open,2.18,0.0,2.0155,2.205,2.106162,122.75,None,0.0,ETH-24APR20-400-P,133.49,0.0,1.5935,5.0,2.594,5.0,500.0,0.00732,-0.01073,-0.45814,0.00031,-0.99409
5544.04,SYN.BTC-20MAR20,1584097140382,open,0.02,10.9,0.0005,0.0245,0.01461613,176.7,0.018,0.0,BTC-20MAR20-4250-P,5657.59,176.26,0.0145,10.0,0.023,10.0,206.19,1.4471,-18.5949,-0.13198,0.00014,-0.11175
5458.75,BTC-26JUN20,1584097140383,open,0.82,684.3,0.669,0.815,0.73392627,112.05,0.8,0.0,BTC-26JUN20-9000-P,5657.59,0.0,0.6065,2.6,0.867,2.6,177.13,10.13216,-5.41271,-22.53282,0.00011,-0.70269
5524.37,BTC-25SEP20,1584097140385,open,1.02,255.5,0.8585,1.034,0.93707052,105.6,0.95,0.0,BTC-25SEP20-10000-P,5657.59,0.0,0.7735,2.9,1.108,2.9,165.04,15.0187,-4.04847,-46.9955,9e-05,-0.64814
128.81,SYN.ETH-24APR20,1584097140387,open,2.5,0.0,2.317,2.526,2.417883,146.01,None,0.0,ETH-24APR20-440-P,133.49,0.0,1.8995,5.0,2.9,5.0,500.0,0.01427,-0.02487,-0.50321,0.00051,-0.98735
128.81,SYN.ETH-24APR20,1584097140389,open,1.87,0.0,1.714,1.886,1.79609,119.46,None,0.0,ETH-24APR20-360-P,133.49,0.0,1.288,5.0,2.2885,5.0,500.0,0.01132,-0.01615,-0.41176,0.0005,-0.9903
128.81,SYN.ETH-24APR20,1584097140392,open,0.63,1277.0,0.522,0.6515,0.583643,114.89,1.438,0.0,ETH-24APR20-200-P,133.49,0.0,0.11,5.0,1.1105,5.0,500.0,0.1123,-0.15405,-0.20822,0.00514,-0.8254
128.81,SYN.ETH-24APR20,1584097140393,open,0.93,27.0,0.813,0.9475,0.876056,116.03,0.9095,0.0,ETH-24APR20-240-P,133.49,0.0,0.391,5.0,1.3915,5.0,500.0,0.06652,-0.09216,-0.26501,0.00301,-0.91728
128.31,ETH-27MAR20,1584097140395,open,3.14,0.0,2.935,3.178,3.052686,168.98,None,0.0,ETH-27MAR20-520-P,133.49,0.0,2.5495,5.0,3.3495,5.0,500.0,2e-05,-0.00015,-0.19768,0.0,-0.99998
5427.4,BTC-27MAR20,1584097140396,open,0.21,1851.1,0.1255,0.2175,0.17890083,145.62,0.195,0.0,BTC-27MAR20-6000-P,5657.59,129.24,0.1665,4.0,0.2035,4.0,177.7,4.12846,-21.6633,-1.57334,0.00025,-0.58367
128.3,ETH-27MAR20,1584097140397,open,1.55,1002.0,1.422,1.5715,1.494352,157.39,1.32,0.0,ETH-27MAR20-320-P,133.49,0.0,1.034,5.0,1.834,5.0,500.0,0.00185,-0.01047,-0.12154,0.00019,-0.99763
128.31,ETH-27MAR20,1584097140399,open,1.39,0.0,1.27,1.4105,1.338967,171.18,None,0.0,ETH-27MAR20-300-P,133.49,0.0,0.884,5.0,1.684,5.0,500.0,0.00591,-0.03643,-0.11367,0.00055,-0.99129
5544.04,SYN.BTC-20MAR20,1584097140402,open,0.02,10.9,0.0005,0.0245,0.01461452,176.7,0.018,0.0,BTC-20MAR20-4250-P,5657.59,176.26,0.0145,20.0,0.023,10.0,206.19,1.4471,-18.5949,-0.13198,0.00014,-0.11175
128.3,ETH-27MAR20,1584097140405,open,0.92,1727.0,0.8165,0.9315,0.87444,162.14,1.3395,0.0,ETH-27MAR20-240-P,133.49,0.0,0.4415,5.0,1.2415,5.0,500.0,0.01895,-0.11069,-0.08976,0.00187,-0.96585
128.3,ETH-27MAR20,1584097140407,open,1.87,6.0,1.7245,1.8925,1.805829,0.0,1.8335,0.0,ETH-27MAR20-360-P,133.49,0.0,1.336,5.0,2.136,5.0,500.0,0.0,0.0,-0.13686,0.0,-1.0
5524.37,BTC-25SEP20,1584097140407,open,0.67,193.5,0.5545,0.7205,0.62944112,104.88,0.792,0.0,BTC-25SEP20-8000-P,5657.59,94.72,0.6,2.0,0.685,2.0,123.94,16.06793,-4.30161,-34.63637,9e-05,-0.53895
5544.04,SYN.BTC-20MAR20,1584097140412,open,0.3,179.4,0.199,0.2795,0.2417575,159.6,0.31,0.0,BTC-20MAR20-6750-P,5657.59,0.0,0.1795,0.7,0.31,1.4,300.9,2.22368,-25.80811,-1.07226,0.00024,-0.78494
128.3,ETH-27MAR20,1584097140420,open,1.23,1342.0,1.119,1.2505,1.183454,163.03,1.686,0.0,ETH-27MAR20-280-P,133.49,0.0,0.735,5.0,1.535,5.0,500.0,0.00715,-0.042,-0.10597,0.0007,-0.98917
128.31,ETH-27MAR20,1584097140422,open,1.71,0.0,1.573,1.7315,1.650259,178.54,None,0.0,ETH-27MAR20-340-P,133.49,0.0,1.185,5.0,1.985,5.0,500.0,0.00318,-0.02046,-0.12906,0.00028,-0.99567
128.81,SYN.ETH-24APR20,1584097140424,open,2.18,0.0,2.0155,2.205,2.106162,122.75,None,0.0,ETH-24APR20-400-P,133.49,0.0,1.5935,5.0,2.593,5.0,500.0,0.00732,-0.01073,-0.45814,0.00031,-0.99409
128.81,SYN.ETH-24APR20,1584097140430,open,2.5,0.0,2.317,2.526,2.417883,146.01,None,0.0,ETH-24APR20-440-P,133.49,0.0,1.8995,5.0,2.8995,5.0,500.0,0.01427,-0.02487,-0.50321,0.00051,-0.98735
5524.37,BTC-25SEP20,1584097140433,open,1.21,261.2,1.0185,1.1965,1.09792062,105.59,1.09,0.0,BTC-25SEP20-11000-P,5657.59,0.0,0.9315,3.8,1.24,28.5,156.21,14.22212,-3.83342,-53.08203,8e-05,-0.69273
5458.75,BTC-26JUN20,1584097140437,open,0.82,684.3,0.669,0.815,0.73403245,112.05,0.8,0.0,BTC-26JUN20-9000-P,5657.59,0.0,0.606,2.6,0.867,2.6,177.13,10.13216,-5.41271,-22.53282,0.00011,-0.70269
5524.37,BTC-25SEP20,1584097140438,open,1.02,255.5,0.8585,1.034,0.93719387,105.6,0.95,0.0,BTC-25SEP20-10000-P,5657.59,0.0,0.773,2.9,1.108,2.9,165.04,15.0187,-4.04847,-46.9955,9e-05,-0.64814
128.81,SYN.ETH-24APR20,1584097140441,open,1.87,0.0,1.714,1.886,1.79609,119.46,None,0.0,ETH-24APR20-360-P,133.49,0.0,1.288,5.0,2.288,5.0,500.0,0.01132,-0.01615,-0.41176,0.0005,-0.9903
5437.53,SYN.BTC-24APR20,1584097140444,open,0.33,28.0,0.2415,0.352,0.29149907,120.46,0.2385,0.0,BTC-24APR20-6500-P,5657.59,105.41,0.272,3.0,0.3315,3.0,150.42,7.15019,-10.28451,-5.51377,0.00017,-0.59227
128.81,SYN.ETH-24APR20,1584097140448,open,0.63,1277.0,0.522,0.6515,0.583643,114.89,1.438,0.0,ETH-24APR20-200-P,133.49,0.0,0.11,5.0,1.11,5.0,500.0,0.1123,-0.15405,-0.20822,0.00514,-0.8254
5458.75,BTC-26JUN20,1584097140450,open,0.32,901.8,0.237,0.3645,0.2945142,109.3,0.325,0.0,BTC-26JUN20-6000-P,5657.59,97.08,0.2685,4.0,0.331,4.0,126.62,11.57272,-6.0303,-11.64023,0.00012,-0.44766
128.81,SYN.ETH-24APR20,1584097140451,open,0.93,27.0,0.813,0.9475,0.876056,116.03,0.9095,0.0,ETH-24APR20-240-P,133.49,0.0,0.391,5.0,1.391,5.0,500.0,0.06652,-0.09216,-0.26501,0.00301,-0.91728
5427.4,BTC-27MAR20,1584097140452,open,0.95,667.7,0.8065,0.886,0.84866299,172.25,0.999,0.0,BTC-27MAR20-10000-P,5657.59,0.0,0.8155,1.0,0.889,1.0,277.7,1.07915,-6.69833,-3.71249,6e-05,-0.9507
128.31,ETH-27MAR20,1584097140459,open,3.46,0.0,3.2375,3.499,3.36443,169.15,None,0.0,ETH-27MAR20-560-P,133.49,0.0,2.8525,5.0,3.653,5.0,500.0,1e-05,-6e-05,-0.21289,0.0,-0.99999
5544.04,SYN.BTC-20MAR20,1584097140459,open,0.02,10.9,0.0005,0.0245,0.01461452,176.7,0.018,0.0,BTC-20MAR20-4250-P,5657.59,180.05,0.0155,10.0,0.023,10.0,206.19,1.4471,-18.5949,-0.13198,0.00014,-0.11175
128.31,ETH-27MAR20,1584097140461,open,2.82,0.0,2.632,2.8565,2.740944,168.83,None,0.0,ETH-27MAR20-480-P,133.49,0.0,2.2455,5.0,3.0455,5.0,500.0,6e-05,-0.00038,-0.18247,1e-05,-0.99994
5427.4,BTC-27MAR20,1584097140462,open,0.29,741.3,0.195,0.287,0.24716728,145.98,0.3155,0.0,BTC-27MAR20-6500-P,5657.59,125.67,0.2335,3.0,0.288,3.0,202.34,3.74165,-19.68149,-1.93013,0.00023,-0.6884
128.3,ETH-27MAR20,1584097140463,open,2.51,0.0,2.33,2.5355,2.429208,0.0,2.3815,0.0,ETH-27MAR20-440-P,133.49,0.0,1.9415,5.0,2.742,5.0,500.0,0.0,0.0,-0.16727,0.0,-1.0
128.31,ETH-27MAR20,1584097140465,open,2.03,0.0,1.8755,2.053,1.961878,189.69,None,0.0,ETH-27MAR20-380-P,133.49,0.0,1.487,5.0,2.287,5.0,500.0,0.00227,-0.01552,-0.14433,0.00019,-0.99703
128.31,ETH-27MAR20,1584097140467,open,2.19,4.0,2.027,2.2135,2.117732,196.34,1.862,0.0,ETH-27MAR20-400-P,133.49,0.0,1.6385,5.0,2.4385,5.0,500.0,0.0021,-0.01486,-0.15194,0.00017,-0.99727
5524.37,BTC-25SEP20,1584097140477,open,0.37,205.7,0.2885,0.432,0.35318634,103.59,0.35,0.0,BTC-25SEP20-6000-P,5657.59,94.71,0.328,4.0,0.399,6.6,120.05,15.56453,-4.11575,-22.13085,9e-05,-0.39335
128.31,ETH-27MAR20,1584097140481,open,3.14,0.0,2.935,3.178,3.052686,168.98,None,0.0,ETH-27MAR20-520-P,133.49,0.0,2.549,5.0,3.3495,5.0,500.0,2e-05,-0.00015,-0.19768,0.0,-0.99998
5427.4,BTC-27MAR20,1584097140488,open,0.21,1851.1,0.1255,0.2175,0.17890083,145.62,0.195,0.0,BTC-27MAR20-6000-P,5657.59,130.57,0.1675,4.0,0.2035,4.0,177.7,4.12846,-21.6633,-1.57334,0.00025,-0.58367
128.3,ETH-27MAR20,1584097140489,open,1.55,1002.0,1.422,1.5715,1.494352,157.39,1.32,0.0,ETH-27MAR20-320-P,133.49,0.0,1.0335,5.0,1.834,5.0,500.0,0.00185,-0.01047,-0.12154,0.00019,-0.99763
128.31,ETH-27MAR20,1584097140497,open,1.39,0.0,1.27,1.4105,1.338967,171.18,None,0.0,ETH-27MAR20-300-P,133.49,0.0,0.8835,5.0,1.684,5.0,500.0,0.00591,-0.03643,-0.11367,0.00055,-0.99129
5524.37,BTC-25SEP20,1584097140501,open,0.67,193.5,0.5545,0.7205,0.62944112,104.88,0.792,0.0,BTC-25SEP20-8000-P,5657.59,95.07,0.601,2.0,0.685,2.0,123.94,16.06793,-4.30161,-34.63637,9e-05,-0.53895
128.3,ETH-27MAR20,1584097140503,open,0.76,2196.0,0.665,0.7735,0.721846,160.93,0.84,0.0,ETH-27MAR20-220-P,133.49,0.0,0.2975,5.0,0.7805,5.0,290.17,0.02948,-0.17096,-0.08109,0.00293,-0.94082
128.3,ETH-27MAR20,1584097140506,open,0.92,1727.0,0.8165,0.9315,0.87444,162.14,1.3395,0.0,ETH-27MAR20-240-P,133.49,0.0,0.441,5.0,1.2415,5.0,500.0,0.01895,-0.11069,-0.08976,0.00187,-0.96585
128.3,ETH-27MAR20,1584097140518,open,1.87,6.0,1.7245,1.8925,1.805829,0.0,1.8335,0.0,ETH-27MAR20-360-P,133.49,0.0,1.3355,5.0,2.136,5.0,500.0,0.0,0.0,-0.13686,0.0,-1.0
128.3,ETH-27MAR20,1584097140521,open,1.23,1342.0,1.119,1.2505,1.183454,163.03,1.686,0.0,ETH-27MAR20-280-P,133.49,0.0,0.7345,5.0,1.535,5.0,500.0,0.00715,-0.042,-0.10597,0.0007,-0.98917
128.31,ETH-27MAR20,1584097140523,open,1.71,0.0,1.573,1.7315,1.650259,178.54,None,0.0,ETH-27MAR20-340-P,133.49,0.0,1.1845,5.0,1.985,5.0,500.0,0.00318,-0.02046,-0.12906,0.00028,-0.99567
128.3,ETH-27MAR20,1584097140526,open,0.3,67.0,0.2785,0.333,0.3223,180.0,0.673,0.0,ETH-27MAR20-90-C,133.49,93.35,0.3,10.0,0.3435,10.0,229.47,0.04941,-0.32048,0.02731,0.00439,0.88214
128.81,SYN.ETH-24APR20,1584097140531,open,2.18,0.0,2.0155,2.205,2.106162,122.75,None,0.0,ETH-24APR20-400-P,133.49,0.0,1.593,5.0,2.593,5.0,500.0,0.00732,-0.01073,-0.45814,0.00031,-0.99409
128.81,SYN.ETH-24APR20,1584097140533,open,2.5,0.0,2.317,2.526,2.417883,146.01,None,0.0,ETH-24APR20-440-P,133.49,0.0,1.899,5.0,2.8995,5.0,500.0,0.01427,-0.02487,-0.50321,0.00051,-0.98735
128.81,SYN.ETH-24APR20,1584097140534,open,1.87,0.0,1.714,1.886,1.79609,119.46,None,0.0,ETH-24APR20-360-P,133.49,0.0,1.2875,5.0,2.288,5.0,500.0,0.01132,-0.01615,-0.41176,0.0005,-0.9903
128.81,SYN.ETH-24APR20,1584097140536,open,0.63,1277.0,0.522,0.6515,0.583643,114.89,1.438,0.0,ETH-24APR20-200-P,133.49,0.0,0.1095,5.0,1.11,5.0,500.0,0.1123,-0.15405,-0.20822,0.00514,-0.8254
128.81,SYN.ETH-24APR20,1584097140538,open,0.93,27.0,0.813,0.9475,0.876056,116.03,0.9095,0.0,ETH-24APR20-240-P,133.49,0.0,0.3905,5.0,1.391,5.0,500.0,0.06652,-0.09216,-0.26501,0.00301,-0.91728
128.31,ETH-27MAR20,1584097140542,open,3.46,0.0,3.2375,3.499,3.36443,169.15,None,0.0,ETH-27MAR20-560-P,133.49,0.0,2.8535,5.0,3.653,5.0,500.0,1e-05,-6e-05,-0.21289,0.0,-0.99999
128.31,ETH-27MAR20,1584097140544,open,2.82,0.0,2.632,2.8565,2.740944,168.83,None,0.0,ETH-27MAR20-480-P,133.49,0.0,2.246,5.0,3.0455,5.0,500.0,6e-05,-0.00038,-0.18247,1e-05,-0.99994
128.31,ETH-27MAR20,1584097140546,open,2.19,4.0,2.027,2.2135,2.117732,196.34,1.862,0.0,ETH-27MAR20-400-P,133.49,0.0,1.639,5.0,2.4385,5.0,500.0,0.0021,-0.01486,-0.15194,0.00017,-0.99727
128.31,ETH-27MAR20,1584097140552,open,2.03,0.0,1.8755,2.053,1.961878,189.69,None,0.0,ETH-27MAR20-380-P,133.49,0.0,1.4875,5.0,2.287,5.0,500.0,0.00227,-0.01552,-0.14433,0.00019,-0.99703
128.3,ETH-27MAR20,1584097140554,open,2.51,0.0,2.33,2.5355,2.429208,0.0,2.3815,0.0,ETH-27MAR20-440-P,133.49,0.0,1.9425,5.0,2.742,5.0,500.0,0.0,0.0,-0.16727,0.0,-1.0
128.31,ETH-27MAR20,1584097140557,open,3.14,0.0,2.935,3.178,3.052686,168.98,None,0.0,ETH-27MAR20-520-P,133.49,0.0,2.5495,5.0,3.3495,5.0,500.0,2e-05,-0.00015,-0.19768,0.0,-0.99998
128.3,ETH-27MAR20,1584097140559,open,1.55,1002.0,1.422,1.5715,1.494352,157.39,1.32,0.0,ETH-27MAR20-320-P,133.49,0.0,1.0335,5.0,1.8345,5.0,500.0,0.00185,-0.01047,-0.12154,0.00019,-0.99763
128.31,ETH-27MAR20,1584097140565,open,0.18,54.0,0.138,0.2175,0.193834,150.05,0.264,0.0,ETH-27MAR20-110-C,133.49,129.76,0.1815,10.0,0.2255,1.0,199.56,0.0796,-0.43041,0.0271,0.00848,0.74939
129.91,ETH-26JUN20,1584097140568,open,0.16,608.0,0.1165,0.2275,0.170649,101.72,0.2775,0.0,ETH-26JUN20-120-P,133.49,103.68,0.1745,10.0,0.2525,10.0,144.1,0.25455,-0.12344,-0.18983,0.00516,-0.33792
128.31,ETH-27MAR20,1584097140572,open,1.39,0.0,1.27,1.4105,1.338967,171.18,None,0.0,ETH-27MAR20-300-P,133.49,0.0,0.8835,5.0,1.6845,5.0,500.0,0.00591,-0.03643,-0.11367,0.00055,-0.99129
128.81,SYN.ETH-24APR20,1584097140574,open,0.12,45.0,0.0685,0.1565,0.111959,108.08,0.125,0.0,ETH-24APR20-140-C,133.49,109.97,0.1145,13.0,0.177,13.0,156.29,0.17388,-0.2244,0.05471,0.00845,0.48221
128.3,ETH-27MAR20,1584097140575,open,0.92,1727.0,0.8165,0.9315,0.87444,162.14,1.3395,0.0,ETH-27MAR20-240-P,133.49,0.0,0.441,5.0,1.242,5.0,500.0,0.01895,-0.11069,-0.08976,0.00187,-0.96585
131.53,SYN.ETH-25SEP20,1584097140579,open,0.11,530.0,0.0685,0.1865,0.124099,105.22,0.124,0.0,ETH-25SEP20-240-C,133.49,101.27,0.1135,19.0,0.1835,19.0,126.44,0.35558,-0.09551,0.15698,0.00364,0.3465
128.3,ETH-27MAR20,1584097140582,open,1.87,6.0,1.7245,1.8925,1.805829,0.0,1.8335,0.0,ETH-27MAR20-360-P,133.49,0.0,1.3355,5.0,2.1365,5.0,500.0,0.0,0.0,-0.13686,0.0,-1.0
131.53,SYN.ETH-25SEP20,1584097140592,open,0.16,1096.0,0.132,0.2635,0.19774,104.98,0.176,0.0,ETH-25SEP20-180-C,133.49,99.25,0.181,18.0,0.2605,18.0,126.51,0.38429,-0.10298,0.20676,0.00394,0.49066
128.3,ETH-27MAR20,1584097140593,open,1.23,1342.0,1.119,1.2505,1.183454,163.03,1.686,0.0,ETH-27MAR20-280-P,133.49,0.0,0.7345,5.0,1.5355,5.0,500.0,0.00715,-0.042,-0.10597,0.0007,-0.98917
128.31,ETH-27MAR20,1584097140595,open,1.71,0.0,1.573,1.7315,1.650259,178.54,None,0.0,ETH-27MAR20-340-P,133.49,0.0,1.1845,5.0,1.9855,5.0,500.0,0.00318,-0.02046,-0.12906,0.00028,-0.99567
128.81,SYN.ETH-24APR20,1584097140596,open,2.18,0.0,2.0155,2.205,2.106162,122.75,None,0.0,ETH-24APR20-400-P,133.49,0.0,1.593,5.0,2.594,5.0,500.0,0.00732,-0.01073,-0.45814,0.00031,-0.99409
130.93,SYN.ETH-20MAR20,1584097140598,open,0.1,35.0,0.0345,0.125,0.07777,149.21,0.161,0.0,ETH-20MAR20-130-P,133.49,153.32,0.08,15.0,0.1295,10.0,244.94,0.07102,-0.77057,-0.0129,0.01474,-0.44546
128.81,SYN.ETH-24APR20,1584097140598,open,2.5,0.0,2.317,2.526,2.417883,146.01,None,0.0,ETH-24APR20-440-P,133.49,0.0,1.899,5.0,2.9,5.0,500.0,0.01427,-0.02487,-0.50321,0.00051,-0.98735
128.81,SYN.ETH-24APR20,1584097140600,open,1.87,0.0,1.714,1.886,1.79609,119.46,None,0.0,ETH-24APR20-360-P,133.49,0.0,1.2875,5.0,2.2885,5.0,500.0,0.01132,-0.01615,-0.41176,0.0005,-0.9903
128.31,ETH-27MAR20,1584097140600,open,0.37,36.0,0.3575,0.4005,0.387817,180.0,0.637,0.0,ETH-27MAR20-80-C,133.49,0.0,0.371,10.0,0.409,10.0,247.64,0.03136,-0.20342,0.02674,0.00278,0.93594
128.81,SYN.ETH-24APR20,1584097140601,open,0.63,1277.0,0.522,0.6515,0.583643,114.89,1.438,0.0,ETH-24APR20-200-P,133.49,0.0,0.1095,5.0,1.1105,5.0,500.0,0.1123,-0.15405,-0.20822,0.00514,-0.8254
128.31,ETH-27MAR20,1584097140602,open,0.45,75.0,0.438,0.472,0.458837,180.0,0.739,0.0,ETH-27MAR20-70-C,133.49,0.0,0.446,11.0,0.479,11.0,273.48,0.01635,-0.10606,0.025,0.00145,0.97142
128.81,SYN.ETH-24APR20,1584097140603,open,0.93,27.0,0.813,0.9475,0.876056,116.03,0.9095,0.0,ETH-24APR20-240-P,133.49,0.0,0.3905,5.0,1.3915,5.0,500.0,0.06652,-0.09216,-0.26501,0.00301,-0.91728
128.3,ETH-27MAR20,1584097140607,open,1.55,1002.0,1.422,1.5715,1.494352,157.39,1.32,0.0,ETH-27MAR20-320-P,133.49,0.0,1.034,5.0,1.8345,5.0,500.0,0.00185,-0.01047,-0.12154,0.00019,-0.99763
128.31,ETH-27MAR20,1584097140608,open,3.46,0.0,3.2375,3.499,3.36443,169.15,None,0.0,ETH-27MAR20-560-P,133.49,0.0,2.8535,5.0,3.654,5.0,500.0,1e-05,-6e-05,-0.21289,0.0,-0.99999
128.31,ETH-27MAR20,1584097140610,open,2.82,0.0,2.632,2.8565,2.740944,168.83,None,0.0,ETH-27MAR20-480-P,133.49,0.0,2.246,5.0,3.0465,5.0,500.0,6e-05,-0.00038,-0.18247,1e-05,-0.99994
128.31,ETH-27MAR20,1584097140611,open,2.19,4.0,2.027,2.2135,2.117732,196.34,1.862,0.0,ETH-27MAR20-400-P,133.49,0.0,1.639,5.0,2.4395,5.0,500.0,0.0021,-0.01486,-0.15194,0.00017,-0.99727
128.31,ETH-27MAR20,1584097140613,open,2.03,0.0,1.8755,2.053,1.961878,189.69,None,0.0,ETH-27MAR20-380-P,133.49,0.0,1.4875,5.0,2.288,5.0,500.0,0.00227,-0.01552,-0.14433,0.00019,-0.99703
128.3,ETH-27MAR20,1584097140614,open,2.51,0.0,2.33,2.5355,2.429208,0.0,2.3815,0.0,ETH-27MAR20-440-P,133.49,0.0,1.9425,5.0,2.743,5.0,500.0,0.0,0.0,-0.16727,0.0,-1.0
128.31,ETH-27MAR20,1584097140616,open,1.39,0.0,1.27,1.4105,1.338967,171.18,None,0.0,ETH-27MAR20-300-P,133.49,0.0,0.884,5.0,1.6845,5.0,500.0,0.00591,-0.03643,-0.11367,0.00055,-0.99129
5524.37,BTC-25SEP20,1584097140617,open,1.39,247.2,1.185,1.367,1.26570125,106.93,1.41,0.0,BTC-25SEP20-12000-P,5657.59,100.39,1.25,1.0,1.4485,3.5,172.62,13.49657,-3.68401,-59.02083,8e-05,-0.72529
128.3,ETH-27MAR20,1584097140619,open,0.76,2196.0,0.665,0.7735,0.721846,160.93,0.84,0.0,ETH-27MAR20-220-P,133.49,0.0,0.298,5.0,0.7805,5.0,290.17,0.02948,-0.17096,-0.08109,0.00293,-0.94082
128.3,ETH-27MAR20,1584097140621,open,0.92,1727.0,0.8165,0.9315,0.87444,162.14,1.3395,0.0,ETH-27MAR20-240-P,133.49,0.0,0.4415,5.0,1.242,5.0,500.0,0.01895,-0.11069,-0.08976,0.00187,-0.96585
129.92,ETH-26JUN20,1584097140621,open,0.41,0.0,0.396,0.471,0.433705,107.69,None,0.0,ETH-26JUN20-80-C,133.49,102.11,0.4275,12.0,0.4815,12.0,146.79,0.14695,-0.07545,0.16305,0.00281,0.87047
128.3,ETH-27MAR20,1584097140622,open,1.87,6.0,1.7245,1.8925,1.805829,0.0,1.8335,0.0,ETH-27MAR20-360-P,133.49,0.0,1.336,5.0,2.1365,5.0,500.0,0.0,0.0,-0.13686,0.0,-1.0
128.81,SYN.ETH-24APR20,1584097140623,open,0.24,673.0,0.1455,0.255,0.198981,108.17,0.2185,0.0,ETH-24APR20-140-P,133.49,103.36,0.1925,8.0,0.2745,8.0,164.18,0.17388,-0.22457,-0.1059,0.00845,-0.51766
128.3,ETH-27MAR20,1584097140623,open,1.23,1342.0,1.119,1.2505,1.183454,163.03,1.686,0.0,ETH-27MAR20-280-P,133.49,0.0,0.735,5.0,1.5355,5.0,500.0,0.00715,-0.042,-0.10597,0.0007,-0.98917
128.31,ETH-27MAR20,1584097140625,open,1.71,0.0,1.573,1.7315,1.650259,178.54,None,0.0,ETH-27MAR20-340-P,133.49,0.0,1.185,5.0,1.9855,5.0,500.0,0.00318,-0.02046,-0.12906,0.00028,-0.99567
128.81,SYN.ETH-24APR20,1584097140626,open,0.18,3.0,0.0985,0.1975,0.146795,105.24,0.249,0.0,ETH-24APR20-130-P,133.49,103.14,0.144,9.0,0.221,9.0,161.34,0.17204,-0.21618,-0.08663,0.00859,-0.43946
128.31,ETH-27MAR20,1584097140627,open,3.14,0.0,2.935,3.178,3.052686,168.98,None,0.0,ETH-27MAR20-520-P,133.49,0.0,2.5495,5.0,3.35,5.0,500.0,2e-05,-0.00015,-0.19768,0.0,-0.99998
128.81,SYN.ETH-24APR20,1584097140628,open,2.18,0.0,2.0155,2.205,2.106162,122.75,None,0.0,ETH-24APR20-400-P,133.49,0.0,1.5935,5.0,2.594,5.0,500.0,0.00732,-0.01073,-0.45814,0.00031,-0.99409
128.81,SYN.ETH-24APR20,1584097140629,open,0.14,200.0,0.065,0.1535,0.107293,106.98,0.202,0.0,ETH-24APR20-120-P,133.49,107.15,0.1075,11.0,0.175,11.0,160.95,0.16214,-0.20711,-0.06806,0.00796,-0.35324
129.92,ETH-26JUN20,1584097140631,open,0.1,719.0,0.059,0.146,0.100057,104.36,0.11,0.0,ETH-26JUN20-100-P,133.49,106.18,0.103,13.0,0.1655,13.0,144.29,0.21009,-0.10453,-0.12222,0.00415,-0.22735
128.81,SYN.ETH-24APR20,1584097140632,open,2.5,0.0,2.317,2.526,2.417883,146.01,None,0.0,ETH-24APR20-440-P,133.49,0.0,1.8995,5.0,2.9,5.0,500.0,0.01427,-0.02487,-0.50321,0.00051,-0.98735
5544.04,SYN.BTC-20MAR20,1584097140632,open,0.3,179.4,0.199,0.2795,0.2417575,159.6,0.31,0.0,BTC-20MAR20-6750-P,5657.59,0.0,0.179,0.7,0.31,1.4,300.9,2.22368,-25.80811,-1.07226,0.00024,-0.78494
131.53,SYN.ETH-25SEP20,1584097140634,open,0.03,1030.0,0.012,0.0815,0.038678,113.73,0.1,0.0,ETH-25SEP20-480-C,133.49,102.11,0.023,24.0,0.072,24.0,132.31,0.20132,-0.05844,0.06284,0.00191,0.1277
128.81,SYN.ETH-24APR20,1584097140634,open,1.87,0.0,1.714,1.886,1.79609,119.46,None,0.0,ETH-24APR20-360-P,133.49,0.0,1.288,5.0,2.2885,5.0,500.0,0.01132,-0.01615,-0.41176,0.0005,-0.9903
128.81,SYN.ETH-24APR20,1584097140636,open,0.63,1277.0,0.522,0.6515,0.583643,114.89,1.438,0.0,ETH-24APR20-200-P,133.49,0.0,0.11,5.0,1.1105,5.0,500.0,0.1123,-0.15405,-0.20822,0.00514,-0.8254
128.81,SYN.ETH-24APR20,1584097140638,open,0.93,27.0,0.813,0.9475,0.876056,116.03,0.9095,0.0,ETH-24APR20-240-P,133.49,0.0,0.391,5.0,1.3915,5.0,500.0,0.06652,-0.09216,-0.26501,0.00301,-0.91728
130.93,SYN.ETH-20MAR20,1584097140651,open,0.01,316.0,0.0005,0.0195,0.003942,153.71,0.006,0.0,ETH-20MAR20-190-C,133.49,150.4,0.0035,20.0,0.025,20.0,238.83,0.01809,-0.20216,0.0011,0.00364,0.04849
128.31,ETH-27MAR20,1584097140653,open,0.13,1030.0,0.0595,0.152,0.109438,131.55,0.155,0.0,ETH-27MAR20-130-P,133.49,130.99,0.109,9.0,0.175,9.0,216.6,0.09951,-0.47171,-0.02823,0.01209,-0.46922
128.3,ETH-27MAR20,1584097140655,open,0.09,1510.0,0.029,0.1065,0.072789,135.81,0.12,0.0,ETH-27MAR20-120-P,133.49,135.41,0.0725,11.0,0.128,11.0,211.82,0.09267,-0.4535,-0.02063,0.0109,-0.35013
128.81,SYN.ETH-24APR20,1584097140658,open,0.19,0.0,0.13,0.2195,0.175561,106.91,None,0.0,ETH-24APR20-120-C,133.49,108.05,0.177,12.0,0.242,12.0,159.85,0.16214,-0.20696,0.06963,0.00797,0.64677
129.91,ETH-26JUN20,1584097140660,open,0.03,1294.0,0.0135,0.084,0.041784,125.01,0.026,0.0,ETH-26JUN20-320-C,133.49,109.9,0.0245,19.0,0.071,19.0,145.23,0.16677,-0.0994,0.0427,0.00275,0.15619
131.53,SYN.ETH-25SEP20,1584097140662,open,0.11,530.0,0.0685,0.1865,0.124099,105.22,0.124,0.0,ETH-25SEP20-240-C,133.49,101.27,0.1135,19.0,0.184,19.0,126.61,0.35558,-0.09551,0.15698,0.00364,0.3465
131.53,SYN.ETH-25SEP20,1584097140667,open,0.08,1409.0,0.048,0.157,0.097769,107.22,0.081,0.0,ETH-25SEP20-280-C,133.49,103.23,0.088,20.0,0.11,100.0,112.06,0.3269,-0.08947,0.13187,0.00328,0.28459
128.31,ETH-27MAR20,1584097140671,open,0.18,54.0,0.138,0.2175,0.193834,150.05,0.264,0.0,ETH-27MAR20-110-C,133.49,131.44,0.1825,10.0,0.2255,1.0,199.56,0.0796,-0.43041,0.0271,0.00848,0.74939
129.91,ETH-26JUN20,1584097140673,open,0.16,608.0,0.1165,0.2275,0.170649,101.72,0.2775,0.0,ETH-26JUN20-120-P,133.49,104.2,0.1755,10.0,0.2525,10.0,144.1,0.25455,-0.12344,-0.18983,0.00516,-0.33792
128.81,SYN.ETH-24APR20,1584097140675,open,0.12,45.0,0.0685,0.1565,0.111959,108.08,0.125,0.0,ETH-24APR20-140-C,133.49,110.71,0.1155,13.0,0.177,13.0,156.29,0.17388,-0.2244,0.05471,0.00845,0.48221
131.53,SYN.ETH-25SEP20,1584097140677,open,0.11,530.0,0.0685,0.1865,0.124099,105.22,0.124,0.0,ETH-25SEP20-240-C,133.49,101.64,0.1145,19.0,0.184,19.0,126.61,0.35558,-0.09551,0.15698,0.00364,0.3465
131.53,SYN.ETH-25SEP20,1584097140679,open,0.16,1096.0,0.132,0.2635,0.19774,104.98,0.176,0.0,ETH-25SEP20-180-C,133.49,99.59,0.182,18.0,0.2605,18.0,126.51,0.38429,-0.10298,0.20676,0.00394,0.49066
128.31,ETH-27MAR20,1584097140683,open,0.37,36.0,0.3575,0.4005,0.387817,180.0,0.637,0.0,ETH-27MAR20-80-C,133.49,0.0,0.372,10.0,0.409,10.0,247.64,0.03136,-0.20342,0.02674,0.00278,0.93594
128.31,ETH-27MAR20,1584097140685,open,0.45,75.0,0.438,0.472,0.458837,180.0,0.739,0.0,ETH-27MAR20-70-C,133.49,0.0,0.447,11.0,0.479,11.0,273.48,0.01635,-0.10606,0.025,0.00145,0.97142
5544.04,SYN.BTC-20MAR20,1584097140687,open,0.01,34.0,0.0005,0.025,0.0139291,175.33,0.0155,0.0,BTC-20MAR20-7500-C,5657.59,168.43,0.012,10.0,0.02,25.0,194.87,1.5934,-20.31641,0.11925,0.00016,0.12811
5458.75,BTC-26JUN20,1584097140691,open,0.03,830.5,0.0165,0.086,0.04121758,114.25,0.05,0.0,BTC-26JUN20-12000-C,5657.59,110.59,0.0365,11.0,0.0465,19.4,118.14,7.22192,-3.93373,1.9187,7e-05,0.16355
129.92,ETH-26JUN20,1584097140695,open,0.41,0.0,0.396,0.471,0.433705,107.69,None,0.0,ETH-26JUN20-80-C,133.49,102.11,0.4275,12.0,0.4805,12.0,146.01,0.14695,-0.07545,0.16305,0.00281,0.87047
128.81,SYN.ETH-24APR20,1584097140697,open,0.24,673.0,0.1455,0.255,0.198981,108.17,0.2185,0.0,ETH-24APR20-140-P,133.49,103.36,0.1925,8.0,0.2735,8.0,163.44,0.17388,-0.22457,-0.1059,0.00845,-0.51766
128.81,SYN.ETH-24APR20,1584097140701,open,0.18,3.0,0.0985,0.1975,0.146795,105.24,0.249,0.0,ETH-24APR20-130-P,133.49,103.14,0.144,9.0,0.22,9.0,160.58,0.17204,-0.21618,-0.08663,0.00859,-0.43946
128.81,SYN.ETH-24APR20,1584097140704,open,0.14,200.0,0.065,0.1535,0.107293,106.98,0.202,0.0,ETH-24APR20-120-P,133.49,107.15,0.1075,11.0,0.174,11.0,160.14,0.16214,-0.20711,-0.06806,0.00796,-0.35324
129.92,ETH-26JUN20,1584097140706,open,0.1,719.0,0.059,0.146,0.100057,104.36,0.11,0.0,ETH-26JUN20-100-P,133.49,106.8,0.104,13.0,0.1655,13.0,144.29,0.21009,-0.10453,-0.12222,0.00415,-0.22735
129.91,ETH-26JUN20,1584097140709,open,0.16,608.0,0.1165,0.2275,0.170649,101.72,0.2775,0.0,ETH-26JUN20-120-P,133.49,104.2,0.1755,10.0,0.253,10.0,144.36,0.25455,-0.12344,-0.18983,0.00516,-0.33792
131.53,SYN.ETH-25SEP20,1584097140708,open,0.03,1030.0,0.012,0.0815,0.038678,113.73,0.1,0.0,ETH-25SEP20-480-C,133.49,102.11,0.023,24.0,0.071,24.0,131.82,0.20132,-0.05844,0.06284,0.00191,0.1277
128.81,SYN.ETH-24APR20,1584097140714,open,0.12,45.0,0.0685,0.1565,0.111959,108.08,0.125,0.0,ETH-24APR20-140-C,133.49,110.71,0.1155,13.0,0.1775,13.0,156.67,0.17388,-0.2244,0.05471,0.00845,0.48221
128.81,SYN.ETH-24APR20,1584097140716,open,0.24,673.0,0.1455,0.255,0.198981,108.17,0.2185,0.0,ETH-24APR20-140-P,133.49,102.99,0.192,8.0,0.2735,8.0,163.44,0.17388,-0.22457,-0.1059,0.00845,-0.51766
128.81,SYN.ETH-24APR20,1584097140720,open,0.14,200.0,0.065,0.1535,0.107293,106.98,0.202,0.0,ETH-24APR20-120-P,133.49,106.75,0.107,11.0,0.174,11.0,160.14,0.16214,-0.20711,-0.06806,0.00796,-0.35324
129.92,ETH-26JUN20,1584097140733,open,0.1,719.0,0.059,0.146,0.100057,104.36,0.11,0.0,ETH-26JUN20-100-P,133.49,106.8,0.104,13.0,0.166,13.0,144.6,0.21009,-0.10453,-0.12222,0.00415,-0.22735
131.53,SYN.ETH-25SEP20,1584097140735,open,0.16,1096.0,0.132,0.2635,0.19774,104.98,0.176,0.0,ETH-25SEP20-180-C,133.49,99.59,0.182,18.0,0.261,18.0,126.68,0.38429,-0.10298,0.20676,0.00394,0.49066
5437.05,SYN.BTC-24APR20,1584097140842,open,2.12,0.0,1.885,2.0105,1.94488381,133.2,None,0.0,BTC-24APR20-16000-P,5657.59,0.0,1.4055,1.0,2.406,1.0,500.0,0.70237,-1.11703,-18.27529,2e-05,-0.98488
5544.04,SYN.BTC-20MAR20,1584097140855,open,0.11,11.1,0.0985,0.171,0.14453268,167.03,0.151,0.0,BTC-20MAR20-5000-C,5657.59,120.42,0.1235,5.0,0.162,5.0,203.99,2.58755,-31.42944,0.59482,0.00027,0.71402
5524.37,BTC-25SEP20,1584097140859,open,0.27,41.5,0.2775,0.395,0.33135798,103.6,0.311,0.0,BTC-25SEP20-5000-C,5657.59,95.68,0.311,24.8,0.35,7.0,110.89,14.16971,-3.74733,10.78765,8e-05,0.69528
5427.4,BTC-27MAR20,1584097140960,open,0.14,955.8,0.07,0.156,0.108768,130.48,0.1285,0.0,BTC-27MAR20-5500-P,5657.59,132.13,0.11,5.0,0.1375,5.0,167.66,4.20981,-19.79308,-1.1943,0.00029,-0.47012
5427.4,BTC-27MAR20,1584097140974,open,0.14,955.8,0.07,0.156,0.108768,130.48,0.1285,0.0,BTC-27MAR20-5500-P,5657.59,132.13,0.11,5.0,0.138,5.0,168.31,4.20981,-19.79308,-1.1943,0.00029,-0.47012
5544.04,SYN.BTC-20MAR20,1584097141029,open,0.05,55.0,0.0045,0.0515,0.03181149,167.68,0.0445,0.0,BTC-20MAR20-4750-P,5657.59,166.92,0.0315,18.0,0.041,0.4,189.98,2.22763,-27.16296,-0.2585,0.00023,-0.21572
5437.05,SYN.BTC-24APR20,1584097141074,open,2.89,0.0,2.606,2.756,2.67916458,137.99,2.4195,0.0,BTC-24APR20-20000-P,5657.59,0.0,2.1285,1.0,3.129,1.0,500.0,0.28225,-0.46502,-22.91663,1e-05,-0.99466
128.81,SYN.ETH-24APR20,1584097141132,open,0.36,1857.0,0.2565,0.3785,0.316084,112.04,0.48,0.0,ETH-24APR20-160-P,133.49,108.29,0.3115,11.0,0.3935,6.0,170.86,0.16182,-0.21647,-0.14258,0.00759,-0.64867
128.31,ETH-27MAR20,1584097141385,open,0.19,1968.0,0.1035,0.205,0.163659,138.59,0.25,0.0,ETH-27MAR20-140-P,133.49,133.11,0.1595,8.0,0.231,8.0,225.52,0.09806,-0.48975,-0.036,0.01131,-0.57439
128.29,ETH-27MAR20,1584097141398,open,0.0,1063.0,0.0005,0.0105,0.000697,166.9,0.0005,0.0,ETH-27MAR20-300-C,133.49,0.0,0.0,0.0,0.0135,23.0,255.73,0.00499,-0.03,0.00032,0.00048,0.00719
128.3,ETH-27MAR20,1584097141401,open,0.23,1027.0,0.204,0.2735,0.263719,180.08,0.144,0.0,ETH-27MAR20-100-C,133.49,125.82,0.238,10.0,0.291,10.0,229.38,0.06744,-0.43763,0.02674,0.00598,0.812
128.81,SYN.ETH-24APR20,1584097141404,open,0.1,11.0,0.05,0.134,0.09067,109.96,0.077,0.0,ETH-24APR20-150-C,133.49,109.87,0.0905,13.0,0.151,13.0,155.03,0.16979,-0.22292,0.04747,0.00811,0.41185
131.53,SYN.ETH-25SEP20,1584097141407,open,0.35,4.0,0.341,0.4495,0.396735,103.8,0.625,0.0,ETH-25SEP20-100-C,133.49,97.77,0.383,16.0,0.4475,16.0,126.93,0.29219,-0.07742,0.26409,0.00303,0.77054
131.53,SYN.ETH-25SEP20,1584097141411,open,0.44,2.0,0.4355,0.524,0.480375,104.01,0.62,0.0,ETH-25SEP20-80-C,133.49,97.76,0.4695,16.0,0.5295,16.0,132.16,0.22533,-0.05982,0.26062,0.00233,0.84932
5544.04,SYN.BTC-20MAR20,1584097141412,open,0.14,227.3,0.06,0.1445,0.10806374,158.31,0.1355,0.0,BTC-20MAR20-5750-P,5657.59,166.67,0.1125,0.4,0.1245,0.3,188.6,3.0303,-34.88626,-0.65956,0.00033,-0.52362
5544.04,SYN.BTC-20MAR20,1584097141413,open,0.03,187.9,0.0095,0.07,0.04230344,158.7,0.044,0.0,BTC-20MAR20-6250-C,5657.59,155.41,0.0405,18.4,0.054,12.5,182.16,2.75389,-31.78184,0.30009,0.0003,0.32947
5544.04,SYN.BTC-20MAR20,1584097141416,open,0.03,187.9,0.0095,0.07,0.04230344,158.7,0.044,0.0,BTC-20MAR20-6250-C,5657.59,155.41,0.0405,28.4,0.054,12.5,182.16,2.75389,-31.78184,0.30009,0.0003,0.32947
129.91,ETH-26JUN20,1584097141423,open,0.17,493.0,0.1395,0.2525,0.196776,106.68,0.195,0.0,ETH-26JUN20-140-C,133.49,103.65,0.1905,13.0,0.262,13.0,137.83,0.27449,-0.1396,0.13614,0.00531,0.56163
5544.04,SYN.BTC-20MAR20,1584097141434,open,0.01,152.5,0.001,0.031,0.01815772,175.06,0.021,0.0,BTC-20MAR20-7250-C,5657.59,165.23,0.015,10.4,0.0235,24.5,190.31,1.84777,-23.523,0.14763,0.00018,0.15952
5544.04,SYN.BTC-20MAR20,1584097141434,open,0.03,187.9,0.0095,0.07,0.04230344,158.7,0.044,0.0,BTC-20MAR20-6250-C,5657.59,155.41,0.0405,28.4,0.054,22.5,182.16,2.75389,-31.78184,0.30009,0.0003,0.32947
131.53,SYN.ETH-25SEP20,1584097141436,open,0.05,991.0,0.029,0.125,0.070026,112.9,0.045,0.0,ETH-25SEP20-360-C,133.49,101.5,0.0475,22.0,0.105,22.0,128.25,0.27827,-0.0802,0.09941,0.00265,0.21075
131.53,SYN.ETH-25SEP20,1584097141439,open,0.24,372.0,0.211,0.3405,0.277102,104.6,0.217,0.0,ETH-25SEP20-140-C,133.49,97.03,0.2555,16.0,0.334,16.0,125.41,0.3673,-0.09807,0.24126,0.00378,0.61855
5544.04,SYN.BTC-20MAR20,1584097141439,open,0.03,187.9,0.0095,0.07,0.04230344,158.7,0.044,0.0,BTC-20MAR20-6250-C,5657.59,155.41,0.0405,28.4,0.054,12.5,182.16,2.75389,-31.78184,0.30009,0.0003,0.32947
5427.4,BTC-27MAR20,1584097141443,open,0.14,955.8,0.07,0.156,0.1087924,130.48,0.1285,0.0,BTC-27MAR20-5500-P,5657.59,132.13,0.11,5.0,0.1375,1.0,167.66,4.20981,-19.79308,-1.1943,0.00029,-0.47012
5544.04,SYN.BTC-20MAR20,1584097141443,open,0.03,179.5,0.0055,0.0575,0.03215825,158.95,0.0345,0.0,BTC-20MAR20-6500-C,5657.59,156.72,0.031,18.4,0.043,12.9,182.49,2.50465,-28.9509,0.24604,0.00027,0.26759
130.93,SYN.ETH-20MAR20,1584097141445,open,0.23,1.0,0.2155,0.282,0.251235,179.81,0.119,0.0,ETH-20MAR20-100-C,133.49,0.0,0.232,9.0,0.275,14.0,256.05,0.03426,-0.44793,0.0157,0.0059,0.88788
128.3,ETH-27MAR20,1584097141447,open,0.0,2193.0,0.0005,0.0105,1e-06,169.16,0.0065,0.0,ETH-27MAR20-560-C,133.49,0.0,0.0,0.0,0.0085,24.0,356.69,1e-05,-6e-05,0.0,0.0,1e-05
5544.04,SYN.BTC-20MAR20,1584097141448,open,0.03,179.5,0.0055,0.0575,0.03215825,158.95,0.0345,0.0,BTC-20MAR20-6500-C,5657.59,156.72,0.031,28.4,0.043,12.9,182.49,2.50465,-28.9509,0.24604,0.00027,0.26759
5544.04,SYN.BTC-20MAR20,1584097141451,open,0.03,179.5,0.0055,0.0575,0.03215825,158.95,0.0345,0.0,BTC-20MAR20-6500-C,5657.59,156.72,0.031,28.4,0.043,22.9,182.49,2.50465,-28.9509,0.24604,0.00027,0.26759
5427.4,BTC-27MAR20,1584097141454,open,0.14,955.8,0.07,0.156,0.1087924,130.48,0.1285,0.0,BTC-27MAR20-5500-P,5657.59,132.77,0.1105,1.0,0.1375,1.0,167.66,4.20981,-19.79308,-1.1943,0.00029,-0.47012
5544.04,SYN.BTC-20MAR20,1584097141460,open,0.03,179.5,0.0055,0.0575,0.03215825,158.95,0.0345,0.0,BTC-20MAR20-6500-C,5657.59,156.72,0.031,28.4,0.043,12.9,182.49,2.50465,-28.9509,0.24604,0.00027,0.26759
128.3,ETH-27MAR20,1584097141461,open,0.1,97.0,0.0495,0.133,0.096184,131.54,0.0205,0.0,ETH-27MAR20-130-C,133.49,131.25,0.096,12.0,0.1575,12.0,210.98,0.0995,-0.47163,0.02119,0.01209,0.53065
5544.04,SYN.BTC-20MAR20,1584097141462,open,0.03,11.6,0.002,0.0365,0.02158129,171.0,0.029,0.0,BTC-20MAR20-4500-P,5657.59,172.28,0.022,9.0,0.0315,0.4,199.45,1.82954,-22.75085,-0.18663,0.00018,-0.15713
129.92,ETH-26JUN20,1584097141463,open,0.05,1793.0,0.023,0.108,0.05937,125.01,0.0495,0.0,ETH-26JUN20-280-C,133.49,109.17,0.037,18.0,0.0535,48.0,121.14,0.19999,-0.11919,0.05576,0.0033,0.20872
5544.04,SYN.BTC-20MAR20,1584097141467,open,0.03,11.6,0.002,0.0365,0.02158129,171.0,0.029,0.0,BTC-20MAR20-4500-P,5657.59,172.28,0.022,9.0,0.031,10.0,198.07,1.82954,-22.75085,-0.18663,0.00018,-0.15713
5544.04,SYN.BTC-20MAR20,1584097141470,open,0.1,362.9,0.0375,0.1165,0.08175421,157.48,0.087,0.0,BTC-20MAR20-5500-P,5657.59,156.92,0.0815,10.0,0.098,0.3,187.4,3.00389,-34.39969,-0.54742,0.00033,-0.44237
129.92,ETH-26JUN20,1584097141471,open,0.11,2664.0,0.0705,0.187,0.126263,124.84,0.1,0.0,ETH-26JUN20-200-C,133.49,106.84,0.0905,15.0,0.13,10.0,126.7,0.26479,-0.15759,0.09409,0.00437,0.37824
129.92,ETH-26JUN20,1584097141477,open,0.07,1585.0,0.04,0.141,0.085848,125.0,0.073,0.0,ETH-26JUN20-240-C,133.49,107.16,0.0555,17.0,0.077,196.0,120.05,0.23469,-0.13986,0.07273,0.00387,0.28065
5543.53,SYN.BTC-20MAR20,1584097141485,open,0.08,58.1,0.0215,0.0915,0.06421662,165.63,0.066,0.0,BTC-20MAR20-5250-P,5657.59,167.33,0.065,0.1,0.0755,0.4,187.69,2.85203,-34.35245,-0.44504,0.0003,-0.36205
5544.04,SYN.BTC-20MAR20,1584097141486,open,0.06,45.9,0.045,0.122,0.08969711,157.34,0.1115,0.0,BTC-20MAR20-5500-C,5657.59,149.64,0.0855,6.3,0.1035,0.3,182.88,3.00392,-34.3704,0.48869,0.00033,0.55761
5427.35,BTC-27MAR20,1584097141487,open,0.0,362.9,0.0005,0.012,0.00227748,173.8,0.003,0.0,BTC-27MAR20-11500-C,5657.59,156.6,0.001,13.0,0.005,1.1,195.3,0.52011,-3.25737,0.0373,3e-05,0.02036
5544.04,SYN.BTC-20MAR20,1584097141488,open,0.06,45.9,0.045,0.122,0.08969711,157.34,0.1115,0.0,BTC-20MAR20-5500-C,5657.59,149.64,0.0855,6.3,0.104,1.6,183.81,3.00392,-34.3704,0.48869,0.00033,0.55761
128.31,ETH-27MAR20,1584097141488,open,0.31,4003.0,0.223,0.329,0.294051,157.41,0.342,0.0,ETH-27MAR20-160-P,133.49,120.73,0.2715,6.0,0.356,6.0,243.29,0.08505,-0.48241,-0.04918,0.00863,-0.7142
130.93,SYN.ETH-20MAR20,1584097141491,open,0.01,316.0,0.0005,0.0195,0.003941,153.71,0.006,0.0,ETH-20MAR20-190-C,133.49,150.4,0.0035,20.0,0.0255,20.0,240.29,0.01809,-0.20216,0.0011,0.00364,0.04849
5544.04,SYN.BTC-20MAR20,1584097141491,open,0.05,55.0,0.0045,0.0515,0.0318355,167.68,0.0445,0.0,BTC-20MAR20-4750-P,5657.59,166.92,0.0315,18.0,0.0415,0.4,191.17,2.22763,-27.16296,-0.2585,0.00023,-0.21572
128.29,ETH-27MAR20,1584097141492,open,0.0,1063.0,0.0005,0.0105,0.000697,166.9,0.0005,0.0,ETH-27MAR20-300-C,133.49,0.0,0.0,0.0,0.19,1.0,500.0,0.00499,-0.03,0.00032,0.00048,0.00719
5544.04,SYN.BTC-20MAR20,1584097141496,open,0.05,77.0,0.0105,0.07,0.04643532,167.17,0.0505,0.0,BTC-20MAR20-5000-P,5657.59,166.33,0.046,1.7,0.057,0.4,189.64,2.58797,-31.46146,-0.34722,0.00027,-0.28608
128.81,SYN.ETH-24APR20,1584097141497,open,0.1,11.0,0.05,0.134,0.09067,109.96,0.077,0.0,ETH-24APR20-150-C,133.49,109.87,0.0905,13.0,0.15,13.0,154.29,0.16979,-0.22292,0.04747,0.00811,0.41185
5544.04,SYN.BTC-20MAR20,1584097141499,open,0.06,45.9,0.045,0.122,0.08969711,157.34,0.1115,0.0,BTC-20MAR20-5500-C,5657.59,149.64,0.0855,6.3,0.1035,1.3,182.88,3.00392,-34.3704,0.48869,0.00033,0.55761
131.53,SYN.ETH-25SEP20,1584097141499,open,0.35,4.0,0.341,0.4495,0.396735,103.8,0.625,0.0,ETH-25SEP20-100-C,133.49,98.22,0.384,16.0,0.4475,16.0,126.93,0.29219,-0.07742,0.26409,0.00303,0.77054
5544.04,SYN.BTC-20MAR20,1584097141501,open,0.3,179.4,0.199,0.28,0.24181404,159.6,0.31,0.0,BTC-20MAR20-6750-P,5657.59,0.0,0.1785,0.7,0.31,1.4,300.9,2.22368,-25.80811,-1.07226,0.00024,-0.78494
129.92,ETH-26JUN20,1584097141502,open,0.21,559.0,0.193,0.2985,0.247023,101.68,0.21,0.0,ETH-26JUN20-120-C,133.49,101.99,0.2475,12.0,0.319,12.0,138.94,0.25456,-0.1234,0.155,0.00516,0.66212
131.53,SYN.ETH-25SEP20,1584097141505,open,0.44,2.0,0.4355,0.524,0.480375,104.01,0.62,0.0,ETH-25SEP20-80-C,133.49,98.35,0.4705,16.0,0.5295,16.0,132.16,0.22533,-0.05982,0.26062,0.00233,0.84932
129.91,ETH-26JUN20,1584097141508,open,0.17,493.0,0.1395,0.2525,0.196776,106.68,0.195,0.0,ETH-26JUN20-140-C,133.49,103.65,0.1905,13.0,0.261,13.0,137.35,0.27449,-0.1396,0.13614,0.00531,0.56163
131.53,SYN.ETH-25SEP20,1584097141515,open,0.04,2014.0,0.0215,0.1075,0.056953,113.23,0.171,0.0,ETH-25SEP20-400-C,133.49,102.14,0.0375,23.0,0.0905,23.0,129.24,0.25035,-0.07236,0.08496,0.00238,0.17721
5544.04,SYN.BTC-20MAR20,1584097141519,open,0.05,55.0,0.0045,0.0515,0.0318355,167.68,0.0445,0.0,BTC-20MAR20-4750-P,5657.59,166.92,0.0315,18.0,0.0425,0.4,193.53,2.22763,-27.16296,-0.2585,0.00023,-0.21572
131.53,SYN.ETH-25SEP20,1584097141520,open,0.05,991.0,0.029,0.125,0.070026,112.9,0.045,0.0,ETH-25SEP20-360-C,133.49,101.5,0.0475,22.0,0.104,22.0,127.84,0.27827,-0.0802,0.09941,0.00265,0.21075
131.53,SYN.ETH-25SEP20,1584097141523,open,0.24,372.0,0.211,0.3405,0.277102,104.6,0.217,0.0,ETH-25SEP20-140-C,133.49,97.38,0.2565,16.0,0.334,16.0,125.41,0.3673,-0.09807,0.24126,0.00378,0.61855
5544.04,SYN.BTC-20MAR20,1584097141524,open,0.05,77.0,0.0105,0.07,0.04643532,167.17,0.0505,0.0,BTC-20MAR20-5000-P,5657.59,166.33,0.046,1.7,0.057,10.4,189.64,2.58797,-31.46146,-0.34722,0.00027,-0.28608
5427.4,BTC-27MAR20,1584097141525,open,0.14,955.8,0.07,0.156,0.1087924,130.48,0.1285,0.0,BTC-27MAR20-5500-P,5657.59,132.77,0.1105,1.0,0.137,5.0,167.01,4.20981,-19.79308,-1.1943,0.00029,-0.47012
5544.04,SYN.BTC-20MAR20,1584097141526,open,0.05,55.0,0.0045,0.0515,0.0318355,167.68,0.0445,0.0,BTC-20MAR20-4750-P,5657.59,166.92,0.0315,18.0,0.042,10.0,192.35,2.22763,-27.16296,-0.2585,0.00023,-0.21572
128.29,ETH-27MAR20,1584097141526,open,0.0,1063.0,0.0005,0.0105,0.000697,166.9,0.0005,0.0,ETH-27MAR20-300-C,133.49,0.0,0.0,0.0,0.0125,23.0,251.95,0.00499,-0.03,0.00032,0.00048,0.00719
5524.37,BTC-25SEP20,1584097141546,open,1.21,261.2,1.0185,1.1965,1.09791794,105.59,1.09,0.0,BTC-25SEP20-11000-P,5657.59,0.0,0.931,3.8,1.24,28.5,156.21,14.22212,-3.83342,-53.08203,8e-05,-0.69273
5458.75,BTC-26JUN20,1584097141547,open,0.82,684.3,0.669,0.815,0.73404368,112.05,0.8,0.0,BTC-26JUN20-9000-P,5657.59,0.0,0.6055,2.6,0.867,2.6,177.13,10.13216,-5.41271,-22.53282,0.00011,-0.70269
5524.37,BTC-25SEP20,1584097141549,open,1.02,255.5,0.8585,1.034,0.93719104,105.6,0.95,0.0,BTC-25SEP20-10000-P,5657.59,0.0,0.7725,2.9,1.108,2.9,165.04,15.0187,-4.04847,-46.9955,9e-05,-0.64814
5544.04,SYN.BTC-20MAR20,1584097141551,open,0.06,45.9,0.045,0.122,0.08969711,157.34,0.1115,0.0,BTC-20MAR20-5500-C,5657.59,149.64,0.0855,6.3,0.104,1.6,183.81,3.00392,-34.3704,0.48869,0.00033,0.55761
5544.04,SYN.BTC-20MAR20,1584097141552,open,0.3,179.4,0.199,0.28,0.24181404,159.6,0.31,0.0,BTC-20MAR20-6750-P,5657.59,0.0,0.178,0.7,0.31,1.4,300.9,2.22368,-25.80811,-1.07226,0.00024,-0.78494
5427.4,BTC-27MAR20,1584097141553,open,0.14,955.8,0.07,0.156,0.1087924,130.48,0.1285,0.0,BTC-27MAR20-5500-P,5657.59,133.42,0.111,5.0,0.137,5.0,167.01,4.20981,-19.79308,-1.1943,0.00029,-0.47012
5524.37,BTC-25SEP20,1584097141555,open,1.39,247.2,1.185,1.367,1.26569693,106.93,1.41,0.0,BTC-25SEP20-12000-P,5657.59,100.39,1.25,1.0,1.449,3.5,172.79,13.49657,-3.68401,-59.02083,8e-05,-0.72529
5458.75,BTC-26JUN20,1584097141556,open,0.82,684.3,0.669,0.815,0.73404368,112.05,0.8,0.0,BTC-26JUN20-9000-P,5657.59,0.0,0.6055,2.6,0.8675,2.6,177.36,10.13216,-5.41271,-22.53282,0.00011,-0.70269
5524.37,BTC-25SEP20,1584097141558,open,1.02,255.5,0.8585,1.034,0.93719104,105.6,0.95,0.0,BTC-25SEP20-10000-P,5657.59,0.0,0.7725,2.9,1.1085,2.9,165.21,15.0187,-4.04847,-46.9955,9e-05,-0.64814
5524.37,BTC-25SEP20,1584097141559,open,1.21,261.2,1.0185,1.1965,1.09791794,105.59,1.09,0.0,BTC-25SEP20-11000-P,5657.59,0.0,0.9305,3.8,1.24,28.5,156.21,14.22212,-3.83342,-53.08203,8e-05,-0.69273
5458.75,BTC-26JUN20,1584097141561,open,0.82,684.3,0.669,0.815,0.73404368,112.05,0.8,0.0,BTC-26JUN20-9000-P,5657.59,0.0,0.605,2.6,0.8675,2.6,177.36,10.13216,-5.41271,-22.53282,0.00011,-0.70269
5524.37,BTC-25SEP20,1584097141563,open,1.02,255.5,0.8585,1.034,0.93719104,105.6,0.95,0.0,BTC-25SEP20-10000-P,5657.59,0.0,0.772,2.9,1.1085,2.9,165.21,15.0187,-4.04847,-46.9955,9e-05,-0.64814
5544.04,SYN.BTC-20MAR20,1584097141565,open,0.3,179.4,0.199,0.28,0.24181404,159.6,0.31,0.0,BTC-20MAR20-6750-P,5657.59,0.0,0.1775,0.7,0.31,1.4,300.9,2.22368,-25.80811,-1.07226,0.00024,-0.78494
5524.37,BTC-25SEP20,1584097141568,open,1.39,247.2,1.185,1.367,1.26569693,106.93,1.41,0.0,BTC-25SEP20-12000-P,5657.59,100.39,1.25,1.0,1.4495,3.5,172.96,13.49657,-3.68401,-59.02083,8e-05,-0.72529
5524.37,BTC-25SEP20,1584097141570,open,1.21,261.2,1.0185,1.1965,1.09791794,105.59,1.09,0.0,BTC-25SEP20-11000-P,5657.59,0.0,0.93,3.8,1.24,28.5,156.21,14.22212,-3.83342,-53.08203,8e-05,-0.69273
5458.75,BTC-26JUN20,1584097141576,open,0.82,684.3,0.669,0.815,0.73404368,112.05,0.8,0.0,BTC-26JUN20-9000-P,5657.59,0.0,0.605,2.6,0.868,2.6,177.6,10.13216,-5.41271,-22.53282,0.00011,-0.70269
128.79,SYN.ETH-24APR20,1584097141577,open,0.19,0.0,0.13,0.2195,0.175636,107.01,None,0.0,ETH-24APR20-120-C,133.49,108.09,0.177,12.0,0.2425,12.0,160.29,0.16214,-0.20716,0.0696,0.00796,0.64665
5524.37,BTC-25SEP20,1584097141577,open,1.02,255.5,0.8585,1.034,0.93719104,105.6,0.95,0.0,BTC-25SEP20-10000-P,5657.59,0.0,0.772,2.9,1.109,2.9,165.39,15.0187,-4.04847,-46.9955,9e-05,-0.64814
5458.75,BTC-26JUN20,1584097141579,open,0.82,684.3,0.669,0.815,0.73404368,112.05,0.8,0.0,BTC-26JUN20-9000-P,5657.59,0.0,0.6045,2.6,0.868,2.6,177.6,10.13216,-5.41271,-22.53282,0.00011,-0.70269
5524.37,BTC-25SEP20,1584097141581,open,1.02,255.5,0.8585,1.034,0.93719104,105.6,0.95,0.0,BTC-25SEP20-10000-P,5657.59,0.0,0.7715,2.9,1.109,2.9,165.39,15.0187,-4.04847,-46.9955,9e-05,-0.64814
131.53,SYN.ETH-25SEP20,1584097141594,open,0.03,1030.0,0.0125,0.0815,0.038796,113.73,0.1,0.0,ETH-25SEP20-480-C,133.49,101.68,0.0225,24.0,0.071,24.0,131.82,0.20132,-0.05844,0.06284,0.00191,0.1277
131.53,SYN.ETH-25SEP20,1584097141600,open,0.05,991.0,0.029,0.125,0.070026,112.9,0.045,0.0,ETH-25SEP20-360-C,133.49,101.22,0.047,22.0,0.104,22.0,127.84,0.27827,-0.0802,0.09941,0.00265,0.21075
5427.4,BTC-27MAR20,1584097141602,open,0.14,955.8,0.07,0.156,0.1087924,130.48,0.1285,0.0,BTC-27MAR20-5500-P,5657.59,141.8,0.1175,1.0,0.137,5.0,167.01,4.20981,-19.79308,-1.1943,0.00029,-0.47012
131.53,SYN.ETH-25SEP20,1584097141603,open,0.04,2014.0,0.0215,0.1075,0.056953,113.23,0.171,0.0,ETH-25SEP20-400-C,133.49,101.82,0.037,23.0,0.0905,23.0,129.24,0.25035,-0.07236,0.08496,0.00238,0.17721
5427.4,BTC-27MAR20,1584097141604,open,0.14,955.8,0.07,0.156,0.1087924,130.48,0.1285,0.0,BTC-27MAR20-5500-P,5657.59,141.8,0.1175,1.0,0.13,1.0,157.95,4.20981,-19.79308,-1.1943,0.00029,-0.47012
128.31,ETH-27MAR20,1584097141609,open,0.31,4003.0,0.223,0.329,0.294051,157.41,0.342,0.0,ETH-27MAR20-160-P,133.49,120.73,0.2715,6.0,0.3565,6.0,243.95,0.08505,-0.48241,-0.04918,0.00863,-0.7142
128.31,ETH-27MAR20,1584097141611,open,0.19,1968.0,0.1035,0.205,0.163659,138.59,0.25,0.0,ETH-27MAR20-140-P,133.49,132.45,0.159,8.0,0.231,8.0,225.52,0.09806,-0.48975,-0.036,0.01131,-0.57439
128.3,ETH-27MAR20,1584097141613,open,0.23,1027.0,0.204,0.2735,0.263719,180.08,0.144,0.0,ETH-27MAR20-100-C,133.49,125.82,0.238,10.0,0.2915,10.0,230.25,0.06744,-0.43763,0.02674,0.00598,0.812
128.79,SYN.ETH-24APR20,1584097141615,open,0.1,11.0,0.05,0.134,0.09067,110.02,0.077,0.0,ETH-24APR20-150-C,133.49,109.52,0.09,13.0,0.15,13.0,154.31,0.16977,-0.22303,0.04746,0.00811,0.41188
5427.35,BTC-27MAR20,1584097141618,open,4.45,0.0,4.0585,4.2645,4.15900819,0.0,None,0.0,BTC-27MAR20-28000-P,5657.59,0.0,0.0005,1.0,0.0,0.0,0.0,0.0,0.0,-10.64437,0.0,-1.0
129.92,ETH-26JUN20,1584097141619,open,0.21,559.0,0.193,0.2985,0.247023,101.68,0.21,0.0,ETH-26JUN20-120-C,133.49,101.99,0.2475,12.0,0.3195,12.0,139.2,0.25456,-0.1234,0.155,0.00516,0.66212
131.53,SYN.ETH-25SEP20,1584097141622,open,0.04,520.0,0.016,0.0935,0.046798,113.51,0.142,0.0,ETH-25SEP20-440-C,133.49,101.22,0.028,23.0,0.0795,23.0,130.45,0.22467,-0.0651,0.07293,0.00213,0.15001
131.53,SYN.ETH-25SEP20,1584097141624,open,0.03,1030.0,0.0125,0.0815,0.038796,113.73,0.1,0.0,ETH-25SEP20-480-C,133.49,101.68,0.0225,24.0,0.2,5.0,183.71,0.20132,-0.05844,0.06284,0.00191,0.1277
131.53,SYN.ETH-25SEP20,1584097141628,open,0.04,520.0,0.016,0.0935,0.046798,113.51,0.142,0.0,ETH-25SEP20-440-C,133.49,101.22,0.028,23.0,0.08,23.0,130.69,0.22467,-0.0651,0.07293,0.00213,0.15001
5544.04,SYN.BTC-20MAR20,1584097141682,open,0.3,179.4,0.199,0.28,0.24181404,159.6,0.31,0.0,BTC-20MAR20-6750-P,5657.59,0.0,0.177,0.7,0.31,1.4,300.9,2.22368,-25.80811,-1.07226,0.00024,-0.78494
5524.37,BTC-25SEP20,1584097141684,open,1.39,247.2,1.185,1.367,1.26569693,106.93,1.41,0.0,BTC-25SEP20-12000-P,5657.59,100.39,1.25,1.0,1.45,3.5,173.13,13.49657,-3.68401,-59.02083,8e-05,-0.72529
5524.37,BTC-25SEP20,1584097141686,open,1.21,261.2,1.0185,1.1965,1.09791794,105.59,1.09,0.0,BTC-25SEP20-11000-P,5657.59,0.0,0.9295,3.8,1.24,28.5,156.21,14.22212,-3.83342,-53.08203,8e-05,-0.69273
5458.75,BTC-26JUN20,1584097141688,open,0.82,684.3,0.669,0.815,0.73404368,112.05,0.8,0.0,BTC-26JUN20-9000-P,5657.59,0.0,0.604,2.6,0.868,2.6,177.6,10.13216,-5.41271,-22.53282,0.00011,-0.70269
5524.37,BTC-25SEP20,1584097141689,open,1.02,255.5,0.8585,1.034,0.93719104,105.6,0.95,0.0,BTC-25SEP20-10000-P,5657.59,0.0,0.771,2.9,1.109,2.9,165.39,15.0187,-4.04847,-46.9955,9e-05,-0.64814
5458.75,BTC-26JUN20,1584097141692,open,0.82,684.3,0.669,0.815,0.73404368,112.05,0.8,0.0,BTC-26JUN20-9000-P,5657.59,0.0,0.604,2.6,0.8685,2.6,177.83,10.13216,-5.41271,-22.53282,0.00011,-0.70269
5524.37,BTC-25SEP20,1584097141693,open,1.02,255.5,0.8585,1.034,0.93719104,105.6,0.95,0.0,BTC-25SEP20-10000-P,5657.59,0.0,0.771,2.9,1.1095,2.9,165.56,15.0187,-4.04847,-46.9955,9e-05,-0.64814
5544.04,SYN.BTC-20MAR20,1584097141706,open,0.3,179.4,0.199,0.28,0.24181404,159.6,0.31,0.0,BTC-20MAR20-6750-P,5657.59,0.0,0.1765,0.7,0.31,1.4,300.9,2.22368,-25.80811,-1.07226,0.00024,-0.78494
5524.37,BTC-25SEP20,1584097141708,open,1.39,247.2,1.185,1.367,1.26569693,106.93,1.41,0.0,BTC-25SEP20-12000-P,5657.59,100.39,1.25,1.0,1.4505,3.5,173.3,13.49657,-3.68401,-59.02083,8e-05,-0.72529
5524.37,BTC-25SEP20,1584097141709,open,1.21,261.2,1.0185,1.1965,1.09791794,105.59,1.09,0.0,BTC-25SEP20-11000-P,5657.59,0.0,0.929,3.8,1.24,28.5,156.21,14.22212,-3.83342,-53.08203,8e-05,-0.69273
5458.75,BTC-26JUN20,1584097141712,open,0.82,684.3,0.669,0.815,0.73404368,112.05,0.8,0.0,BTC-26JUN20-9000-P,5657.59,0.0,0.6035,2.6,0.8685,2.6,177.83,10.13216,-5.41271,-22.53282,0.00011,-0.70269
5524.37,BTC-25SEP20,1584097141713,open,1.02,255.5,0.8585,1.034,0.93719104,105.6,0.95,0.0,BTC-25SEP20-10000-P,5657.59,0.0,0.7705,2.9,1.1095,2.9,165.56,15.0187,-4.04847,-46.9955,9e-05,-0.64814
5458.75,BTC-26JUN20,1584097141715,open,0.82,684.3,0.669,0.815,0.73404368,112.05,0.8,0.0,BTC-26JUN20-9000-P,5657.59,0.0,0.6035,2.6,0.869,2.6,178.07,10.13216,-5.41271,-22.53282,0.00011,-0.70269
5524.37,BTC-25SEP20,1584097141717,open,1.02,255.5,0.8585,1.034,0.93719104,105.6,0.95,0.0,BTC-25SEP20-10000-P,5657.59,0.0,0.7705,2.9,1.11,2.9,165.73,15.0187,-4.04847,-46.9955,9e-05,-0.64814
5544.04,SYN.BTC-20MAR20,1584097141742,open,0.04,94.7,0.017,0.085,0.0550749,158.43,0.056,0.0,BTC-20MAR20-6000-C,5657.59,154.88,0.053,7.0,0.067,12.2,181.13,2.9387,-33.85717,0.35986,0.00032,0.39946
5458.75,BTC-26JUN20,1584097141744,open,0.02,933.5,0.01,0.0695,0.02962434,118.23,0.031,0.0,BTC-26JUN20-14000-C,5657.59,112.25,0.0235,11.0,0.0365,28.5,124.29,5.89309,-3.32183,1.43591,6e-05,0.12116
5437.53,SYN.BTC-24APR20,1584097141746,open,0.01,453.5,0.0035,0.0405,0.01477293,130.91,0.014,0.0,BTC-24APR20-11000-C,5657.59,122.12,0.0105,44.0,0.0195,24.7,139.18,2.88528,-4.50984,0.44288,6e-05,0.08577
5544.04,SYN.BTC-20MAR20,1584097141751,open,0.99,0.0,0.857,0.9335,0.89444566,184.83,None,0.0,BTC-20MAR20-10500-P,5657.59,0.0,0.1145,0.5,1.0455,1.9,500.0,0.17425,-2.34205,-1.96985,2e-05,-0.99159
5427.35,BTC-27MAR20,1584097141753,open,1.24,0.1,1.0775,1.164,1.12096839,171.57,0.6,0.0,BTC-27MAR20-11500-P,5657.59,0.0,0.6975,1.0,1.4985,1.0,500.0,0.48796,-3.01683,-4.33711,3e-05,-0.98112
5427.4,BTC-27MAR20,1584097141755,open,2.51,0.0,2.252,2.384,2.31655112,0.0,1.23,0.0,BTC-27MAR20-18000-P,5657.59,0.0,1.8765,1.0,2.6775,1.0,500.0,0.0,0.0,-6.84281,0.0,-1.0
5524.37,BTC-25SEP20,1584097141756,open,0.51,223.8,0.4165,0.574,0.48779574,104.9,0.495,0.0,BTC-25SEP20-7000-P,5657.59,95.37,0.46,3.0,0.5375,3.0,122.05,16.0982,-4.31062,-28.38524,9e-05,-0.46965
5427.4,BTC-27MAR20,1584097141756,open,2.12,21.1,1.8905,2.008,1.94815783,171.62,2.255,0.0,BTC-27MAR20-16000-P,5657.59,0.0,1.513,1.0,2.314,1.0,500.0,0.03867,-0.23912,-6.08043,0.0,-0.99891
5437.53,SYN.BTC-24APR20,1584097141759,open,4.45,0.4,4.048,4.2545,4.14990749,172.19,4.0495,0.0,BTC-24APR20-28000-P,5657.59,0.0,3.2365,0.5,4.3755,1.6,464.91,0.30826,-0.63377,-32.09291,1e-05,-0.99411
5459.23,BTC-26JUN20,1584097141762,open,1.37,124.1,1.1745,1.3225,1.23934357,114.28,1.25,0.0,BTC-26JUN20-12000-P,5657.59,0.0,0.7205,1.0,1.7215,1.0,359.35,7.22637,-3.93713,-32.55948,7e-05,-0.83632
5437.53,SYN.BTC-24APR20,1584097141764,open,0.03,448.8,0.022,0.0915,0.04896862,124.26,0.053,0.0,BTC-24APR20-8000-C,5657.59,118.46,0.043,17.5,0.0535,15.5,128.49,5.72301,-8.49112,1.19038,0.00014,0.2398
5544.04,SYN.BTC-20MAR20,1584097141768,open,0.99,0.0,0.857,0.9335,0.89444566,184.83,None,0.0,BTC-20MAR20-10500-P,5657.59,0.0,0.1145,0.5,1.045,1.9,500.0,0.17425,-2.34205,-1.96985,2e-05,-0.99159
5643.55,SYN.BTC-14MAR20,1584097141772,open,0.02,52.1,0.012,0.069,0.04883506,179.38,0.054,0.0,BTC-14MAR20-5500-C,5657.59,133.83,0.0405,1.0,0.0635,2.9,258.07,1.04185,-93.44194,0.07897,0.00076,0.63201
5643.55,SYN.BTC-14MAR20,1584097141776,open,0.01,199.7,0.0005,0.022,0.00986324,180.11,0.035,0.0,BTC-14MAR20-5250-P,5657.59,184.69,0.0105,11.7,0.0265,10.0,288.84,0.75962,-55.75082,-0.0276,0.00055,-0.19394
5643.06,SYN.BTC-14MAR20,1584097141779,open,0.01,14.6,0.003,0.0555,0.03556406,174.14,0.027,0.0,BTC-14MAR20-5625-C,5657.59,183.96,0.0375,10.0,0.0515,3.6,255.86,1.09915,-95.70161,0.0672,0.00083,0.53197
5427.35,BTC-27MAR20,1584097141781,open,4.84,0.0,4.42,4.6405,4.52750864,0.0,None,0.0,BTC-27MAR20-30000-P,5657.59,0.0,0.0005,1.0,0.0,0.0,0.0,0.0,0.0,-11.40468,0.0,-1.0
5643.06,SYN.BTC-14MAR20,1584097141781,open,0.01,5.9,0.0005,0.0445,0.0264825,178.39,0.025,0.0,BTC-14MAR20-5750-C,5657.59,188.71,0.0285,10.0,0.0425,12.8,260.86,1.08666,-96.92326,0.0549,0.0008,0.43205
5427.35,BTC-27MAR20,1584097141781,open,1.24,0.1,1.0775,1.164,1.12096839,171.57,0.6,0.0,BTC-27MAR20-11500-P,5657.59,0.0,0.6975,1.0,1.498,1.0,500.0,0.48796,-3.01683,-4.33711,3e-05,-0.98112
5427.4,BTC-27MAR20,1584097141783,open,2.51,0.0,2.252,2.384,2.31655112,0.0,1.23,0.0,BTC-27MAR20-18000-P,5657.59,0.0,1.8765,1.0,2.677,1.0,500.0,0.0,0.0,-6.84281,0.0,-1.0
5427.4,BTC-27MAR20,1584097141785,open,2.12,21.1,1.8905,2.008,1.94815783,171.62,2.255,0.0,BTC-27MAR20-16000-P,5657.59,0.0,1.513,1.0,2.3135,1.0,500.0,0.03867,-0.23912,-6.08043,0.0,-0.99891
5643.55,SYN.BTC-14MAR20,1584097141787,open,0.01,0.0,0.0005,0.0155,0.00583967,180.1,None,0.0,BTC-14MAR20-5125-P,5657.59,190.95,0.007,11.8,0.0185,10.0,279.57,0.57799,-33.01359,-0.0181,0.00042,-0.12783
5437.53,SYN.BTC-24APR20,1584097141790,open,1.15,0.1,0.988,1.0995,1.03774998,131.22,0.93,0.0,BTC-24APR20-11000-P,5657.59,0.0,0.71,0.1,1.262,1.9,333.38,2.90249,-4.54769,-12.17397,7e-05,-0.91355
5459.23,BTC-26JUN20,1584097141804,open,1.37,124.1,1.1745,1.3225,1.23934357,114.28,1.25,0.0,BTC-26JUN20-12000-P,5657.59,0.0,0.7205,1.0,1.721,1.0,359.08,7.22637,-3.93713,-32.55948,7e-05,-0.83632
5643.06,SYN.BTC-14MAR20,1584097141813,open,0.01,20.3,0.0005,0.0345,0.01887465,179.37,0.002,0.0,BTC-14MAR20-5875-C,5657.59,179.93,0.019,10.0,0.034,12.4,260.89,1.01191,-90.7548,0.04337,0.00074,0.33925
5543.53,SYN.BTC-20MAR20,1584097141814,open,0.08,72.5,0.0685,0.145,0.11716597,165.8,0.114,0.0,BTC-20MAR20-5250-C,5657.59,123.35,0.0955,6.0,0.1335,10.4,197.45,2.85215,-34.3891,0.54378,0.0003,0.6379
5544.04,SYN.BTC-20MAR20,1584097141824,open,0.03,11.6,0.002,0.0365,0.02158129,171.0,0.029,0.0,BTC-20MAR20-4500-P,5657.59,172.28,0.022,12.5,0.031,10.0,198.07,1.82954,-22.75085,-0.18663,0.00018,-0.15713
5544.04,SYN.BTC-20MAR20,1584097141825,open,0.04,94.7,0.017,0.085,0.0550749,158.43,0.056,0.0,BTC-20MAR20-6000-C,5657.59,154.88,0.053,7.0,0.067,15.2,181.13,2.9387,-33.85717,0.35986,0.00032,0.39946
5544.04,SYN.BTC-20MAR20,1584097141834,open,0.01,31.5,0.0005,0.019,0.00908051,180.03,0.014,0.0,BTC-20MAR20-4000-P,5657.59,184.66,0.01,15.7,0.0175,17.0,217.51,1.06923,-13.99805,-0.08707,0.0001,-0.07428
