underlying_price,underlying_index,timestamp,state,settlement_price,open_interest,min_price,max_price,mark_price,mark_iv,last_price,interest_rate,instrument_name,index_price,bid_iv,best_bid_price,best_bid_amount,best_ask_price,best_ask_amount,ask_iv,vega,theta,rho,gamma,delta
9759.97,SYN.BTC-21FEB20,1581937139980,open,0.0,960.2,0.0005,0.014,0.00246666,58.95,0.002,0.0,BTC-21FEB20-9000-P,9737.47,55.93,0.002,58.1,0.003,70.0,62.1,1.58096,-12.02419,-0.09185,0.00027,-0.08616
9759.97,SYN.BTC-21FEB20,1581937139980,open,0.21,0.1,0.19,0.2215,0.20595591,71.43,0.2215,0.0,BTC-21FEB20-7750-C,9737.47,0.0,0.201,7.0,0.218,7.0,199.82,0.02641,-0.24342,0.82211,0.0,0.99924
9759.97,SYN.BTC-21FEB20,1581937139980,open,0.0,199.6,0.0005,0.0105,0.00022469,70.1,0.0005,0.0,BTC-21FEB20-8250-P,9737.47,0.0,0.0,0.0,0.001,55.0,87.43,0.24607,-2.193,-0.00963,3e-05,-0.00907
9759.97,SYN.BTC-21FEB20,1581937139980,open,0.0,238.6,0.0005,0.0105,5.878e-05,70.16,0.0005,0.0,BTC-21FEB20-8000-P,9737.47,0.0,0.0,0.0,0.0005,53.0,90.53,0.08269,-0.57368,-0.00282,1e-05,-0.00266
9759.97,SYN.BTC-21FEB20,1581937139980,open,0.0,158.9,0.0005,0.0105,1.261e-05,70.25,0.0005,0.0,BTC-21FEB20-7750-P,9737.47,0.0,0.0,0.0,0.0005,23.0,103.03,0.02237,-0.12304,-0.00067,0.0,-0.00064
9759.97,SYN.BTC-21FEB20,1581937139980,open,0.16,0.0,0.1375,0.173,0.15493853,70.23,None,0.0,BTC-21FEB20-8250-C,9737.47,0.0,0.1495,7.0,0.1685,7.0,167.19,0.24842,-2.25067,0.86628,3e-05,0.99083
9759.97,SYN.BTC-21FEB20,1581937139980,open,0.18,0.3,0.164,0.197,0.18038735,70.52,0.189,0.0,BTC-21FEB20-8000-C,9737.47,0.0,0.175,7.0,0.1935,7.0,184.88,0.08586,-0.78109,0.84652,1e-05,0.99722
9759.97,SYN.BTC-21FEB20,1581937139980,open,0.0,1158.9,0.0005,0.0225,0.00423344,51.59,0.004,0.0,BTC-21FEB20-9250-P,9737.47,50.61,0.004,0.2,0.0045,0.2,52.69,2.34577,-15.61241,-0.15992,0.00045,-0.15008
9759.97,SYN.BTC-21FEB20,1581937139983,open,0.08,80.2,0.06,0.102,0.0803363,58.98,0.1115,0.0,BTC-21FEB20-9000-C,9737.47,0.0,0.0675,7.0,0.0935,7.0,111.6,1.58196,-12.03612,0.86372,0.00027,0.91377
9759.97,SYN.BTC-21FEB20,1581937139985,open,0.0,332.8,0.0005,0.0105,0.00071011,69.95,0.001,0.0,BTC-21FEB20-8500-P,9737.47,66.13,0.0005,30.0,0.001,10.4,74.22,0.59521,-5.37162,-0.02704,8e-05,-0.02538
9759.97,SYN.BTC-21FEB20,1581937139985,open,0.0,361.6,0.0005,0.011,0.00143562,65.64,0.0015,0.0,BTC-21FEB20-8750-P,9737.47,61.1,0.001,30.0,0.002,71.1,70.51,1.03035,-8.72453,-0.05287,0.00016,-0.04958
9759.97,SYN.BTC-21FEB20,1581937139987,open,0.13,0.1,0.1115,0.1495,0.12980922,70.01,0.168,0.0,BTC-21FEB20-8500-C,9737.47,0.0,0.124,7.0,0.143,7.0,147.21,0.59686,-5.39059,0.87543,8e-05,0.97454
9759.97,SYN.BTC-21FEB20,1581937139987,open,0.11,0.6,0.0855,0.1255,0.10492,65.67,0.1425,0.0,BTC-21FEB20-8750-C,9737.47,0.0,0.099,6.0,0.1185,6.0,130.73,1.03163,-8.73963,0.87615,0.00016,0.95034
9759.97,SYN.BTC-21FEB20,1581937139987,open,0.2,0.0,0.1805,0.231,0.20425861,79.43,None,0.0,BTC-21FEB20-11750-P,9737.47,0.0,0.0,0.0,0.0,0.0,0.0,0.33672,-3.45062,-1.23455,4e-05,-0.987
9759.97,SYN.BTC-21FEB20,1581937139987,open,0.0,231.6,0.0005,0.0105,0.00017939,80.0,0.0005,0.0,BTC-21FEB20-12000-C,9737.47,0.0,0.0,0.0,0.001,51.0,100.71,0.19214,-1.75082,0.00691,2e-05,0.00684
9759.97,SYN.BTC-21FEB20,1581937139987,open,0.18,0.0,0.1555,0.206,0.17900783,79.11,None,0.0,BTC-21FEB20-11500-P,9737.47,0.0,0.0005,1.0,0.0,0.0,0.0,0.57421,-5.85995,-1.19666,7e-05,-0.97569
9759.97,SYN.BTC-21FEB20,1581937139989,open,0.0,211.4,0.0005,0.0105,0.0003662,79.56,0.0005,0.0,BTC-21FEB20-11750-C,9737.47,0.0,0.0,0.0,0.0005,0.9,83.01,0.33953,-3.48504,0.01323,4e-05,0.01313
9759.97,SYN.BTC-21FEB20,1581937139989,open,0.13,0.7,0.1055,0.156,0.12879876,71.73,0.1175,0.0,BTC-21FEB20-11000-P,9737.47,0.0,0.109,5.0,0.1345,5.0,103.54,1.14946,-10.63707,-1.11084,0.00016,-0.94308
9759.97,SYN.BTC-21FEB20,1581937139989,open,0.04,559.9,0.0175,0.065,0.03624351,52.33,0.0355,0.0,BTC-21FEB20-10000-P,9737.47,47.64,0.0345,0.2,0.036,0.1,51.68,3.66795,-24.76238,-0.72577,0.00069,-0.66407
9759.97,SYN.BTC-21FEB20,1581937139989,open,0.23,0.1,0.2055,0.2565,0.22968653,79.76,0.195,0.0,BTC-21FEB20-12000-P,9737.47,0.0,0.0005,10.0,0.0,0.0,0.0,0.18864,-1.94106,-1.26743,2e-05,-0.9933
9759.97,SYN.BTC-21FEB20,1581937139989,open,0.06,374.0,0.0345,0.0845,0.05670468,55.94,0.0535,0.0,BTC-21FEB20-10250-P,9737.47,33.81,0.0515,3.0,0.0595,7.0,65.0,2.86429,-20.67121,-0.88181,0.00051,-0.79418
9759.97,SYN.BTC-21FEB20,1581937139989,open,0.01,406.1,0.0005,0.0245,0.00650066,55.95,0.007,0.0,BTC-21FEB20-10250-C,9737.47,54.23,0.006,0.1,0.007,24.0,57.64,2.86478,-20.67966,0.20663,0.00051,0.20588
9759.97,SYN.BTC-21FEB20,1581937139991,open,0.01,359.4,0.002,0.035,0.01165423,52.34,0.0125,0.0,BTC-21FEB20-10000-C,9737.47,50.59,0.011,1.1,0.0125,24.0,54.58,3.66809,-24.76812,0.3361,0.00069,0.33596
9759.97,SYN.BTC-21FEB20,1581937139991,open,0.0,257.0,0.0005,0.0105,0.00073015,79.18,0.002,0.0,BTC-21FEB20-11500-C,9737.47,74.8,0.0005,5.5,0.001,30.0,83.31,0.57638,-5.88769,0.02455,7e-05,0.02442
9759.97,SYN.BTC-21FEB20,1581937139993,open,0.0,212.7,0.0005,0.011,0.00123655,76.91,0.003,0.0,BTC-21FEB20-11250-C,9737.47,74.07,0.001,4.2,0.0015,50.0,79.73,0.86309,-8.56399,0.03996,0.00011,0.0398
9759.97,SYN.BTC-21FEB20,1581937139993,open,0.0,765.4,0.0005,0.012,0.00175055,71.77,0.002,0.0,BTC-21FEB20-11000-C,9737.47,69.55,0.0015,256.6,0.002,30.0,73.81,1.15094,-10.65606,0.05727,0.00016,0.05701
9759.97,SYN.BTC-21FEB20,1581937139993,open,0.08,94.0,0.056,0.106,0.07957207,60.09,0.0725,0.0,BTC-21FEB20-10500-P,9737.47,0.0,0.072,9.0,0.083,6.0,74.2,2.07255,-16.06616,-0.98907,0.00034,-0.87481
9759.97,SYN.BTC-21FEB20,1581937139993,open,0.1,10.6,0.0805,0.1295,0.10349453,63.05,0.1,0.0,BTC-21FEB20-10750-P,9737.47,0.0,0.0985,3.0,0.1105,5.0,96.11,1.3929,-11.32974,-1.06807,0.00022,-0.92711
9759.97,SYN.BTC-21FEB20,1581937139993,open,0.06,121.8,0.0365,0.082,0.05648835,51.6,0.0565,0.0,BTC-21FEB20-9250-C,9737.47,47.3,0.0555,0.1,0.0665,7.0,85.51,2.34645,-15.62136,0.8222,0.00045,0.84985
9759.97,SYN.BTC-21FEB20,1581937139995,open,0.02,1253.8,0.0065,0.048,0.01944418,48.56,0.0195,0.0,BTC-21FEB20-9750-P,9737.47,47.48,0.019,0.2,0.0195,0.2,48.7,4.0081,-25.11019,-0.51954,0.00082,-0.48187
9759.97,SYN.BTC-21FEB20,1581937139995,open,0.15,0.0,0.1305,0.1815,0.15389949,76.86,None,0.0,BTC-21FEB20-11250-P,9737.47,0.0,0.0005,1.0,0.0,0.0,0.0,0.86135,-8.5413,-1.1547,0.00011,-0.9603
248.58,SYN.ETH-21FEB20,1581937140018,open,0.28,0.0,0.25,0.333,0.288691,125.07,None,0.0,ETH-21FEB20-320-P,248.01,0.0,0.0,0.0,0.0,0.0,0.0,0.01696,-0.27369,-0.03325,0.00207,-0.97097
248.58,SYN.ETH-21FEB20,1581937140018,open,0.0,859.0,0.001,0.011,0.001375,125.0,0.002,0.0,ETH-21FEB20-320-C,248.01,118.93,0.001,347.0,0.002,354.0,133.14,0.01692,-0.27289,0.00073,0.00206,0.02895
248.58,SYN.ETH-21FEB20,1581937140018,open,0.36,0.0,0.328,0.413,0.368145,125.21,None,0.0,ETH-21FEB20-340-P,248.01,0.0,0.0,0.0,0.0,0.0,0.0,0.00627,-0.10127,-0.03587,0.00076,-0.99093
248.58,SYN.ETH-21FEB20,1581937140018,open,0.0,814.0,0.001,0.011,0.000372,125.0,0.001,0.0,ETH-21FEB20-340-C,248.01,0.0,0.0,0.0,0.001,365.0,142.26,0.00621,-0.09246,0.00023,0.00076,0.00897
9742.57,SYN.BTC-18FEB20,1581937140018,open,0.07,0.0,0.0445,0.082,0.06342812,51.97,None,0.0,BTC-18FEB20-9125-C,9737.47,0.0,0.0565,6.0,0.0775,6.0,198.92,0.06731,-1.74891,0.21778,6e-05,0.99514
248.58,SYN.ETH-21FEB20,1581937140020,open,0.24,1.0,0.211,0.293,0.249179,120.61,0.131,0.0,ETH-21FEB20-310-P,248.01,0.0,0.01,1.0,0.0,0.0,0.0,0.0235,-0.36562,-0.03183,0.00297,-0.95679
248.58,SYN.ETH-21FEB20,1581937140020,open,0.32,0.0,0.289,0.373,0.328269,125.12,None,0.0,ETH-21FEB20-330-P,248.01,0.0,0.0,0.0,0.0,0.0,0.0,0.01051,-0.16959,-0.03463,0.00128,-0.98354
248.58,SYN.ETH-21FEB20,1581937140020,open,0.0,422.0,0.001,0.014,0.002092,120.55,0.002,0.0,ETH-21FEB20-310-C,248.01,106.4,0.001,344.0,0.003,34.0,129.19,0.02347,-0.36495,0.00108,0.00297,0.04314
248.58,SYN.ETH-21FEB20,1581937140020,open,0.0,716.0,0.001,0.011,0.000186,125.0,0.001,0.0,ETH-21FEB20-350-C,248.01,0.0,0.0,0.0,0.001,504.0,153.17,0.00355,-0.04632,0.00012,0.00043,0.00477
248.58,SYN.ETH-21FEB20,1581937140020,open,0.13,392.0,0.096,0.179,0.136052,112.21,0.096,0.0,ETH-21FEB20-280-P,248.01,0.0,0.104,12.0,0.157,12.0,179.06,0.06374,-0.9228,-0.02561,0.00866,-0.83436
248.58,SYN.ETH-21FEB20,1581937140020,open,0.4,0.0,0.367,0.454,0.408188,125.39,None,0.0,ETH-21FEB20-350-P,248.01,0.0,0.0,0.0,0.0,0.0,0.0,0.00363,-0.05872,-0.03704,0.00044,-0.99511
248.58,SYN.ETH-21FEB20,1581937140020,open,0.1,1037.0,0.062,0.143,0.101091,106.55,0.085,0.0,ETH-21FEB20-270-P,248.01,0.0,0.07,14.0,0.13,14.0,186.04,0.0801,-1.10103,-0.02266,0.01146,-0.75739
9742.57,SYN.BTC-18FEB20,1581937140020,open,0.08,0.0,0.0575,0.0945,0.07622708,53.06,None,0.0,BTC-18FEB20-9000-C,9737.47,0.0,0.0695,6.0,0.09,6.0,219.08,0.01746,-0.46329,0.21567,1e-05,0.99891
248.58,SYN.ETH-21FEB20,1581937140020,open,0.0,606.0,0.001,0.011,0.000725,125.0,0.001,0.0,ETH-21FEB20-330-C,248.01,0.0,0.0,0.0,0.002,105.0,146.04,0.01046,-0.1686,0.00041,0.00127,0.01637
248.58,SYN.ETH-21FEB20,1581937140020,open,0.02,1749.0,0.001,0.041,0.014918,106.54,0.012,0.0,ETH-21FEB20-270-C,248.01,100.48,0.013,524.0,0.017,100.0,112.89,0.08009,-1.10081,0.00601,0.01146,0.24258
9759.97,SYN.BTC-21FEB20,1581937140038,open,0.28,0.0,0.256,0.3075,0.28077469,79.58,None,0.0,BTC-21FEB20-12500-P,9737.47,0.0,0.0,0.0,0.0,0.0,0.0,0.04785,-0.49127,-1.32582,1e-05,-0.99854
9759.97,SYN.BTC-21FEB20,1581937140038,open,0.0,114.0,0.0005,0.0105,3.809e-05,80.5,0.0005,0.0,BTC-21FEB20-12500-C,9737.47,0.0,0.0,0.0,0.0005,30.0,106.0,0.05306,-0.37172,0.00165,1e-05,0.00163
9759.97,SYN.BTC-21FEB20,1581937140050,open,0.0,208.7,0.0005,0.0105,8.451e-05,80.32,0.0005,0.0,BTC-21FEB20-12250-C,9737.47,0.0,0.0,0.0,0.0005,30.0,98.58,0.10359,-0.82484,0.00346,1e-05,0.00342
9759.97,SYN.BTC-21FEB20,1581937140050,open,0.25,0.0,0.231,0.282,0.25520639,79.87,None,0.0,BTC-21FEB20-12250-P,9737.47,0.0,0.0,0.0,0.0,0.0,0.0,0.0993,-1.02312,-1.29745,1e-05,-0.99674
271.19,SYN.ETH-25SEP20,1581937140321,open,0.06,12.0,0.024,0.108,0.059549,99.68,0.057,0.0,ETH-25SEP20-720-C,248.01,97.5,0.055,497.0,0.064,497.0,101.74,0.57564,-0.12989,0.2169,0.0013,0.19172
271.19,SYN.ETH-25SEP20,1581937140321,open,1.56,0.0,1.468,1.69,1.573354,98.96,None,0.0,ETH-25SEP20-680-P,248.01,0.0,0.0,0.0,0.0,0.0,0.0,0.60663,-0.1359,-3.87972,0.00138,-0.7908
271.19,SYN.ETH-25SEP20,1581937140321,open,0.07,6.0,0.028,0.116,0.066056,99.05,0.074,0.0,ETH-25SEP20-680-C,248.01,96.76,0.061,495.0,0.071,495.0,101.23,0.6073,-0.13617,0.23556,0.00138,0.20959
271.19,SYN.ETH-25SEP20,1581937140321,open,1.7,0.0,1.607,1.835,1.714335,99.58,None,0.0,ETH-25SEP20-720-P,248.01,0.0,0.0,0.0,0.0,0.0,0.0,0.57485,-0.12959,-4.14048,0.0013,-0.80871
10484.22,SYN.BTC-25SEP20,1581937140344,open,0.04,66.9,0.015,0.0745,0.03601906,78.46,0.0425,0.0,BTC-25SEP20-24000-C,9737.47,77.89,0.035,5.0,0.037,16.0,79.01,18.71594,-3.32431,7.00796,4e-05,0.14648
9800.58,SYN.BTC-28FEB20,1581937140419,open,0.0,493.6,0.0005,0.0155,0.00374813,75.58,0.0035,0.0,BTC-28FEB20-12000-C,9737.47,74.47,0.0035,35.1,0.004,51.0,76.66,2.23491,-7.76527,0.18921,0.0001,0.06854
10223.57,BTC-26JUN20,1581937140446,open,0.28,229.8,0.244,0.312,0.27536664,67.11,0.286,0.0,BTC-26JUN20-8000-C,9737.47,65.13,0.272,16.4,0.278,16.4,68.64,17.48479,-4.5171,18.78836,7e-05,0.79184
253.73,ETH-27MAR20,1581937140456,open,0.15,4850.0,0.106,0.188,0.147555,93.97,0.16,0.0,ETH-27MAR20-240-C,248.01,89.45,0.142,448.0,0.152,200.0,97.58,0.31235,-0.3775,0.13067,0.00485,0.63109
263.3,ETH-26JUN20,1581937140456,open,0.07,1061.0,0.035,0.119,0.073124,96.09,0.097,0.0,ETH-26JUN20-440-C,248.01,93.99,0.069,609.0,0.077,320.0,98.04,0.52044,-0.19252,0.18555,0.0022,0.27118
263.3,ETH-26JUN20,1581937140456,open,0.04,1415.0,0.016,0.081,0.042545,100.79,0.047,0.0,ETH-26JUN20-560-C,248.01,98.4,0.039,618.0,0.046,618.0,103.04,0.3973,-0.15416,0.11932,0.0016,0.1699
263.3,ETH-26JUN20,1581937140456,open,0.43,395.0,0.399,0.467,0.433163,91.53,0.47,0.0,ETH-26JUN20-160-C,248.01,78.74,0.419,23.0,0.459,23.0,112.01,0.31036,-0.10936,0.42057,0.00137,0.88206
253.73,ETH-27MAR20,1581937140456,open,0.01,8226.0,0.001,0.026,0.010869,104.39,0.008,0.0,ETH-27MAR20-160-P,248.01,99.6,0.009,940.0,0.013,540.0,109.4,0.10345,-0.13889,-0.02017,0.00145,-0.06377
253.73,ETH-27MAR20,1581937140456,open,0.0,12111.0,0.001,0.015,0.003885,125.0,0.005,0.0,ETH-27MAR20-600-C,248.01,125.54,0.004,880.0,0.007,640.0,137.05,0.05374,-0.0864,0.00661,0.00063,0.02834
253.73,ETH-27MAR20,1581937140456,open,0.05,8687.0,0.023,0.089,0.053009,101.78,0.056,0.0,ETH-27MAR20-320-C,248.01,99.1,0.05,644.0,0.056,835.0,104.41,0.28668,-0.37527,0.06599,0.00411,0.29718
249.61,SYN.ETH-28FEB20,1581937140456,open,0.0,930.0,0.001,0.011,1.3e-05,125.0,0.001,0.0,ETH-28FEB20-120-P,248.01,0.0,0.0,0.0,0.002,349.0,210.1,0.00037,-0.00214,-2e-05,2e-05,-0.00023
249.61,SYN.ETH-28FEB20,1581937140472,open,0.44,113.0,0.422,0.456,0.439301,124.55,0.48,0.0,ETH-28FEB20-140-C,248.01,0.0,0.431,20.0,0.45,20.0,237.7,0.00344,-0.01969,0.04151,0.00015,0.99742
249.61,SYN.ETH-28FEB20,1581937140476,open,0.0,1849.0,0.001,0.011,0.00051,125.0,0.001,0.0,ETH-28FEB20-150-P,248.01,0.0,0.0,0.0,0.002,300.0,151.92,0.00818,-0.04699,-0.00054,0.00035,-0.00679
249.61,SYN.ETH-28FEB20,1581937140487,open,0.25,1759.0,0.217,0.273,0.244762,111.72,0.356,0.0,ETH-28FEB20-190-C,248.01,0.0,0.225,17.0,0.262,17.0,167.43,0.05486,-0.28176,0.05131,0.00264,0.93466
271.19,SYN.ETH-25SEP20,1581937140489,open,1.29,0.0,1.194,1.405,1.294427,97.48,None,0.0,ETH-25SEP20-600-P,248.01,0.0,0.0,0.0,0.0,0.0,0.0,0.67324,-0.14856,-3.35171,0.00155,-0.74798
271.19,SYN.ETH-25SEP20,1581937140489,open,0.63,0.0,0.548,0.725,0.635114,93.55,None,0.0,ETH-25SEP20-400-P,248.01,0.0,0.0,0.0,0.0,0.0,0.0,0.8295,-0.17566,-1.97369,0.00199,-0.56758
253.73,ETH-27MAR20,1581937140492,open,0.69,20.0,0.675,0.694,0.684809,120.51,0.625,0.0,ETH-27MAR20-80-C,248.01,0.0,0.68,29.0,0.69,29.0,199.01,0.00245,-0.0038,0.08494,3e-05,0.99913
263.3,ETH-26JUN20,1581937140502,open,0.38,2716.0,0.338,0.418,0.378333,90.48,0.378,0.0,ETH-26JUN20-180-C,248.01,72.4,0.353,23.0,0.408,23.0,109.82,0.38971,-0.13574,0.42795,0.00175,0.83511
263.3,ETH-26JUN20,1581937140502,open,0.25,651.0,0.198,0.299,0.249608,90.08,0.321,0.0,ETH-26JUN20-240-C,248.01,85.63,0.24,577.0,0.254,577.0,92.11,0.5685,-0.19714,0.39426,0.00256,0.67043
253.73,ETH-27MAR20,1581937140502,open,0.61,1148.0,0.594,0.619,0.606602,120.36,0.653,0.0,ETH-27MAR20-100-C,248.01,0.0,0.598,26.0,0.614,26.0,177.8,0.01226,-0.01898,0.10493,0.00015,0.99487
249.61,SYN.ETH-28FEB20,1581937140502,open,0.32,1113.0,0.299,0.346,0.321591,124.94,0.333,0.0,ETH-28FEB20-170-C,248.01,0.0,0.311,18.0,0.336,18.0,193.84,0.02887,-0.16585,0.04827,0.00124,0.97055
253.73,ETH-27MAR20,1581937140505,open,0.0,2324.0,0.001,0.011,0.000104,120.51,0.001,0.0,ETH-27MAR20-80-P,248.01,0.0,0.0,0.0,0.002,349.0,169.22,0.00245,-0.0038,-0.00026,3e-05,-0.00087
263.3,ETH-26JUN20,1581937140509,open,0.49,528.0,0.466,0.523,0.494157,93.92,0.565,0.0,ETH-26JUN20-140-C,248.01,66.43,0.475,24.0,0.515,24.0,115.08,0.23269,-0.08414,0.39931,0.001,0.92037
263.3,ETH-26JUN20,1581937140520,open,0.12,37.0,0.078,0.171,0.122623,90.07,0.115,0.0,ETH-26JUN20-220-P,248.01,86.73,0.116,567.0,0.128,567.0,92.78,0.52241,-0.18114,-0.37088,0.00235,-0.27324
271.19,SYN.ETH-25SEP20,1581937140520,open,0.03,483.0,0.013,0.051,0.028847,91.89,0.02,0.0,ETH-25SEP20-120-P,248.01,86.93,0.024,550.0,0.031,250.0,93.99,0.27404,-0.057,-0.1574,0.00067,-0.06706
249.61,SYN.ETH-28FEB20,1581937140520,open,0.56,46.0,0.546,0.572,0.55931,0.0,0.428,0.0,ETH-28FEB20-110-C,248.01,0.0,0.553,24.0,0.567,24.0,296.48,0.0,0.0,0.03278,0.0,1.0
249.61,SYN.ETH-28FEB20,1581937140520,open,0.64,20.0,0.629,0.65,0.639434,0.0,0.328,0.0,ETH-28FEB20-90-C,248.01,0.0,0.635,27.0,0.645,27.0,338.62,0.0,0.0,0.02682,0.0,1.0
271.19,SYN.ETH-25SEP20,1581937140522,open,0.59,0.0,0.56,0.614,0.586383,91.92,0.359,0.0,ETH-25SEP20-120-C,248.01,75.81,0.572,27.0,0.606,27.0,109.6,0.27416,-0.05705,0.56866,0.00067,0.9329
271.19,SYN.ETH-25SEP20,1581937140525,open,0.21,157.0,0.15,0.271,0.2093,91.88,0.195,0.0,ETH-25SEP20-240-P,248.01,85.49,0.192,504.0,0.211,254.0,92.51,0.73198,-0.15225,-0.83357,0.00179,-0.29864
249.61,SYN.ETH-28FEB20,1581937140525,open,0.01,4091.0,0.001,0.027,0.00922,106.88,0.01,0.0,ETH-28FEB20-200-P,248.01,102.67,0.008,300.0,0.011,600.0,112.63,0.07449,-0.36602,-0.00797,0.00375,-0.09796
253.73,ETH-27MAR20,1581937140527,open,0.49,112.0,0.473,0.512,0.491979,116.95,0.548,0.0,ETH-27MAR20-130-C,248.01,0.0,0.483,22.0,0.503,22.0,154.93,0.05002,-0.07524,0.13026,0.00062,0.97399
263.3,ETH-26JUN20,1581937140527,open,0.29,931.0,0.238,0.334,0.287123,90.09,0.36,0.0,ETH-26JUN20-220-C,248.01,83.47,0.274,254.0,0.295,254.0,94.06,0.52241,-0.18119,0.41188,0.00235,0.72675
263.3,ETH-26JUN20,1581937140531,open,0.03,3812.0,0.01,0.068,0.032534,104.46,0.034,0.0,ETH-26JUN20-640-C,248.01,102.44,0.03,120.0,0.035,610.0,106.35,0.33696,-0.13551,0.09382,0.00131,0.13267
253.73,ETH-27MAR20,1581937140531,open,0.45,7.0,0.396,0.515,0.452793,106.74,1.702,0.0,ETH-27MAR20-360-P,248.01,0.0,0.01,30.0,0.9,1.0,472.65,0.23407,-0.32134,-0.33768,0.0032,-0.79675
249.61,SYN.ETH-28FEB20,1581937140531,open,0.28,1799.0,0.258,0.309,0.282781,117.68,0.374,0.0,ETH-28FEB20-180-C,248.01,0.0,0.271,17.0,0.299,17.0,181.19,0.03977,-0.21515,0.05011,0.00182,0.95646
249.61,SYN.ETH-28FEB20,1581937140533,open,0.02,1331.0,0.005,0.048,0.021545,99.29,0.023,0.0,ETH-28FEB20-220-P,248.01,94.02,0.019,530.0,0.024,530.0,104.22,0.12256,-0.55945,-0.01688,0.00665,-0.2054
271.19,SYN.ETH-25SEP20,1581937140533,open,0.3,483.0,0.231,0.371,0.300234,91.88,0.272,0.0,ETH-25SEP20-280-P,248.01,88.09,0.289,250.0,0.304,193.0,93.15,0.80147,-0.16669,-1.11185,0.00196,-0.37729
263.3,ETH-26JUN20,1581937140535,open,0.33,2282.0,0.284,0.373,0.329728,90.1,0.338,0.0,ETH-26JUN20-200-C,248.01,83.95,0.319,252.0,0.338,252.0,94.79,0.46211,-0.1603,0.42411,0.00208,0.78241
263.3,ETH-26JUN20,1581937140535,open,0.09,4558.0,0.048,0.14,0.091154,94.88,0.106,0.0,ETH-26JUN20-400-C,248.01,92.46,0.086,604.0,0.096,604.0,97.13,0.56474,-0.20628,0.21837,0.00241,0.32424
253.73,ETH-27MAR20,1581937140535,open,0.01,4603.0,0.001,0.027,0.009094,125.0,0.013,0.0,ETH-27MAR20-520-C,248.01,122.08,0.008,340.0,0.011,880.0,129.64,0.09861,-0.15853,0.01375,0.00115,0.05998
263.3,ETH-26JUN20,1581937140535,open,0.16,207.0,0.11,0.215,0.161063,90.05,0.155,0.0,ETH-26JUN20-240-P,248.01,86.32,0.153,575.0,0.167,575.0,92.8,0.5685,-0.19709,-0.45968,0.00256,-0.32958
263.3,ETH-26JUN20,1581937140535,open,0.04,1941.0,0.012,0.073,0.036517,102.32,0.041,0.0,ETH-26JUN20-600-C,248.01,99.71,0.033,610.0,0.04,610.0,104.79,0.36322,-0.14308,0.10461,0.00144,0.14818
263.3,ETH-26JUN20,1581937140535,open,0.6,0.0,0.534,0.691,0.610276,94.85,None,0.0,ETH-26JUN20-400-P,248.01,0.0,0.01,50.0,0.0,0.0,0.0,0.56467,-0.2062,-1.20497,0.00241,-0.67587
253.73,ETH-27MAR20,1581937140535,open,0.31,2570.0,0.279,0.341,0.309948,98.08,0.351,0.0,ETH-27MAR20-180-C,248.01,53.83,0.292,20.0,0.333,19.0,130.92,0.15455,-0.19495,0.15706,0.0023,0.89114
249.61,SYN.ETH-28FEB20,1581937140535,open,0.17,1428.0,0.14,0.206,0.173094,103.28,0.211,0.0,ETH-28FEB20-210-C,248.01,0.0,0.157,17.0,0.195,17.0,151.25,0.09818,-0.46619,0.05072,0.00512,0.85505
271.19,SYN.ETH-25SEP20,1581937140537,open,0.08,195.0,0.039,0.136,0.082105,97.54,0.102,0.0,ETH-25SEP20-600-C,248.01,95.47,0.077,492.0,0.087,492.0,99.5,0.67369,-0.14876,0.27936,0.00155,0.25234
249.61,SYN.ETH-28FEB20,1581937140537,open,0.0,1867.0,0.001,0.011,0.001238,125.0,0.001,0.0,ETH-28FEB20-160-P,248.01,121.12,0.001,300.0,0.003,648.0,144.88,0.01636,-0.094,-0.00121,0.0007,-0.01504
271.19,SYN.ETH-25SEP20,1581937140537,open,0.05,403.0,0.024,0.077,0.047358,91.89,0.031,0.0,ETH-25SEP20-140-P,248.01,86.36,0.04,548.0,0.049,548.0,93.09,0.36984,-0.07693,-0.24159,0.0009,-0.09986
271.19,SYN.ETH-25SEP20,1581937140537,open,0.13,324.0,0.085,0.182,0.131875,91.88,0.122,0.0,ETH-25SEP20-200-P,248.01,86.23,0.119,240.0,0.133,274.0,92.38,0.61922,-0.1288,-0.57203,0.00151,-0.2167
253.73,ETH-27MAR20,1581937140540,open,0.31,48.0,0.259,0.372,0.314192,101.78,0.185,0.0,ETH-27MAR20-320-P,248.01,0.0,0.15,5.0,0.798,1.0,500.0,0.28668,-0.37527,-0.27484,0.00411,-0.70282
253.73,ETH-27MAR20,1581937140540,open,0.06,1221.0,0.03,0.095,0.059521,94.2,0.054,0.0,ETH-27MAR20-220-P,248.01,91.85,0.057,676.0,0.062,192.0,96.5,0.27298,-0.33074,-0.08862,0.00423,-0.26839
253.73,ETH-27MAR20,1581937140540,open,0.0,690.0,0.001,0.011,0.001521,120.32,0.001,0.0,ETH-27MAR20-110-P,248.01,113.5,0.001,48.0,0.003,300.0,133.74,0.02215,-0.03427,-0.00312,0.00027,-0.01004
271.19,SYN.ETH-25SEP20,1581937140540,open,1.15,0.0,1.059,1.264,1.156956,96.59,None,0.0,ETH-25SEP20-560-P,248.01,0.0,0.0,0.0,0.0,0.0,0.0,0.70745,-0.15469,-3.08377,0.00165,-0.72218
249.61,SYN.ETH-28FEB20,1581937140540,open,0.11,925.0,0.074,0.147,0.11117,97.53,0.15,0.0,ETH-28FEB20-230-C,248.01,93.8,0.109,60.0,0.118,60.0,109.05,0.1461,-0.65506,0.04496,0.00807,0.71573
263.3,ETH-26JUN20,1581937140542,open,0.12,2200.0,0.068,0.169,0.116731,94.34,0.122,0.0,ETH-26JUN20-360-C,248.01,91.4,0.11,799.0,0.123,279.0,97.07,0.60342,-0.21917,0.25777,0.00259,0.39187
263.3,ETH-26JUN20,1581937140542,open,0.01,994.0,0.005,0.031,0.014887,96.41,0.013,0.0,ETH-26JUN20-120-P,248.01,93.2,0.013,500.0,0.017,200.0,99.79,0.15959,-0.05923,-0.05992,0.00067,-0.04907
253.73,ETH-27MAR20,1581937140542,open,0.03,2615.0,0.014,0.063,0.035112,95.39,0.033,0.0,ETH-27MAR20-200-P,248.01,92.89,0.033,691.0,0.037,192.0,97.59,0.21636,-0.26543,-0.0578,0.00331,-0.17878
271.19,SYN.ETH-25SEP20,1581937140542,open,0.48,168.0,0.441,0.52,0.480905,91.91,0.546,0.0,ETH-25SEP20-160-C,248.01,80.46,0.462,26.0,0.507,26.0,106.82,0.46187,-0.0961,0.6276,0.00113,0.86334
253.73,ETH-27MAR20,1581937140545,open,0.53,159.0,0.514,0.548,0.52994,120.28,0.583,0.0,ETH-27MAR20-120-C,248.01,0.0,0.522,23.0,0.54,23.0,163.24,0.03613,-0.0559,0.12225,0.00044,0.9823
263.3,ETH-26JUN20,1581937140545,open,0.48,1.0,0.41,0.561,0.48393,94.32,1.827,0.0,ETH-26JUN20-360-P,248.01,0.0,0.015,2.0,1.3,1.0,500.0,0.60338,-0.21909,-1.02322,0.00259,-0.60822
253.73,ETH-27MAR20,1581937140545,open,1.2,0.0,1.144,1.291,1.212998,125.0,None,0.0,ETH-27MAR20-560-P,248.01,0.0,0.02,50.0,0.0,0.0,0.0,0.07313,-0.11756,-0.58691,0.00085,-0.95877
263.3,ETH-26JUN20,1581937140545,open,0.0,1844.0,0.001,0.011,0.000882,105.06,0.001,0.0,ETH-26JUN20-60-P,248.01,0.0,0.0,0.0,0.002,1.0,117.46,0.01759,-0.00711,-0.00434,7e-05,-0.00376
263.3,ETH-26JUN20,1581937140545,open,0.35,243.0,0.292,0.43,0.360015,91.29,0.34,0.0,ETH-26JUN20-320-P,248.01,82.82,0.34,320.0,0.375,320.0,97.6,0.62428,-0.21939,-0.8378,0.00277,-0.53422
263.3,ETH-26JUN20,1581937140545,open,0.25,279.0,0.19,0.315,0.25156,90.05,0.243,0.0,ETH-26JUN20-280-P,248.01,87.26,0.245,503.0,0.261,503.0,94.07,0.61919,-0.21465,-0.64676,0.00279,-0.43877
271.19,SYN.ETH-25SEP20,1581937140545,open,0.4,244.0,0.326,0.482,0.403207,92.25,0.354,0.0,ETH-25SEP20-320-P,248.01,80.53,0.367,250.0,1.158,1.0,500.0,0.83472,-0.17431,-1.39854,0.00203,-0.44901
271.19,SYN.ETH-25SEP20,1581937140545,open,0.88,0.0,0.798,0.992,0.892046,96.0,None,0.0,ETH-25SEP20-480-P,248.01,0.0,0.0,0.0,0.0,0.0,0.0,0.77963,-0.16943,-2.53412,0.00182,-0.65215
271.19,SYN.ETH-25SEP20,1581937140545,open,0.75,0.0,0.67,0.855,0.760075,94.28,None,0.0,ETH-25SEP20-440-P,248.01,0.0,0.0,0.0,0.0,0.0,0.0,0.80621,-0.17207,-2.25707,0.00192,-0.6153
253.73,ETH-27MAR20,1581937140547,open,0.09,1989.0,0.055,0.135,0.093442,93.97,0.091,0.0,ETH-27MAR20-240-P,248.01,91.17,0.09,658.0,0.097,192.0,96.86,0.31235,-0.3775,-0.12495,0.00485,-0.36891
263.3,ETH-26JUN20,1581937140547,open,0.19,999.0,0.135,0.24,0.188215,90.08,0.196,0.0,ETH-26JUN20-280-C,248.01,87.44,0.182,585.0,0.194,585.0,92.54,0.61918,-0.21473,0.34952,0.00279,0.56128
253.73,ETH-27MAR20,1581937140547,open,0.0,1855.0,0.001,0.011,0.000722,120.36,0.002,0.0,ETH-27MAR20-100-P,248.01,0.0,0.0,0.0,0.002,359.0,138.42,0.01226,-0.01898,-0.00158,0.00015,-0.00513
253.73,ETH-27MAR20,1581937140547,open,0.01,2284.0,0.001,0.015,0.005362,110.03,0.002,0.0,ETH-27MAR20-140-P,248.01,103.93,0.004,940.0,0.007,700.0,116.33,0.06129,-0.08674,-0.01043,0.00081,-0.03322
271.19,SYN.ETH-25SEP20,1581937140547,open,0.1,1065.0,0.06,0.143,0.099135,91.88,0.079,0.0,ETH-25SEP20-180-P,248.01,86.31,0.088,240.0,0.099,283.0,91.82,0.54573,-0.11351,-0.45148,0.00133,-0.17598
253.73,ETH-27MAR20,1581937140549,open,0.0,1277.0,0.001,0.011,0.000299,120.43,0.001,0.0,ETH-27MAR20-90-P,248.01,0.0,0.0,0.0,0.001,100.0,138.77,0.00596,-0.00924,-0.0007,7e-05,-0.0023
263.3,ETH-26JUN20,1581937140549,open,0.06,802.0,0.026,0.104,0.060089,97.64,0.05,0.0,ETH-26JUN20-480-C,248.01,95.36,0.056,612.0,0.064,320.0,99.78,0.47658,-0.17915,0.15892,0.00198,0.22972
271.19,SYN.ETH-25SEP20,1581937140549,open,0.12,634.0,0.069,0.182,0.122188,96.05,0.12,0.0,ETH-25SEP20-480-C,248.01,94.59,0.118,95.0,0.126,285.0,97.37,0.7798,-0.16955,0.37067,0.00182,0.34806
271.19,SYN.ETH-25SEP20,1581937140549,open,1.42,0.0,1.33,1.547,1.433402,98.3,None,0.0,ETH-25SEP20-640-P,248.01,0.0,0.0,0.0,0.0,0.0,0.0,0.63977,-0.14236,-3.61677,0.00146,-0.77052
263.3,ETH-26JUN20,1581937140551,open,0.09,573.0,0.052,0.132,0.089277,90.08,0.068,0.0,ETH-26JUN20-200-P,248.01,87.06,0.084,579.0,0.094,579.0,92.76,0.46209,-0.16025,-0.28748,0.00208,-0.21757
271.19,SYN.ETH-25SEP20,1581937140551,open,0.44,176.0,0.389,0.48,0.435438,91.91,0.397,0.0,ETH-25SEP20-180-C,248.01,87.19,0.426,120.0,0.454,145.0,101.06,0.54576,-0.11355,0.63766,0.00133,0.824
271.19,SYN.ETH-25SEP20,1581937140551,open,0.51,0.0,0.433,0.601,0.515658,92.87,None,0.0,ETH-25SEP20-360-P,248.01,0.0,0.0,0.0,0.0,0.0,0.0,0.8412,-0.17685,-1.68699,0.00204,-0.51233
253.73,ETH-27MAR20,1581937140553,open,0.03,3696.0,0.012,0.065,0.033962,106.74,0.038,0.0,ETH-27MAR20-360-C,248.01,104.59,0.032,1.0,0.036,846.0,108.93,0.23407,-0.32134,0.04575,0.0032,0.20325
253.73,ETH-27MAR20,1581937140553,open,0.0,275.0,0.001,0.011,2.9e-05,120.61,0.003,0.0,ETH-27MAR20-70-P,248.01,0.0,0.0,0.0,0.002,349.0,187.8,0.00081,-0.00125,-8e-05,1e-05,-0.00026
253.73,ETH-27MAR20,1581937140553,open,0.02,3582.0,0.006,0.049,0.022405,110.95,0.024,0.0,ETH-27MAR20-400-C,248.01,107.57,0.02,660.0,0.025,900.0,114.42,0.18515,-0.2642,0.03203,0.00243,0.14094
263.3,ETH-26JUN20,1581937140553,open,0.7,0.0,0.688,0.713,0.69984,105.1,None,0.0,ETH-26JUN20-80-C,248.01,0.0,0.692,30.0,0.708,30.0,132.41,0.05406,-0.02187,0.26864,0.00021,0.98657
253.73,ETH-27MAR20,1581937140553,open,0.0,6967.0,0.001,0.012,0.002561,125.0,0.004,0.0,ETH-27MAR20-640-C,248.01,127.69,0.003,880.0,0.006,300.0,141.35,0.03926,-0.06312,0.00458,0.00046,0.01951
253.73,ETH-27MAR20,1581937140553,open,0.2,2595.0,0.152,0.231,0.192458,94.2,0.188,0.0,ETH-27MAR20-220-C,248.01,88.16,0.186,422.0,0.198,422.0,99.33,0.27298,-0.33074,0.1457,0.00423,0.73161
253.73,ETH-27MAR20,1581937140553,open,0.65,0.0,0.635,0.657,0.645592,120.43,None,0.0,ETH-27MAR20-90-C,248.01,0.0,0.64,27.0,0.652,27.0,188.48,0.00596,-0.00924,0.09515,7e-05,0.9977
263.3,ETH-26JUN20,1581937140553,open,0.77,2.0,0.764,0.783,0.773022,105.32,0.749,0.0,ETH-26JUN20-60-C,248.01,0.0,0.767,33.0,0.78,33.0,149.04,0.01782,-0.00723,0.20908,7e-05,0.99619
249.61,SYN.ETH-28FEB20,1581937140553,open,0.4,672.0,0.381,0.418,0.399567,124.8,0.439,0.0,ETH-28FEB20-150-C,248.01,0.0,0.391,19.0,0.411,19.0,219.13,0.0081,-0.04648,0.04416,0.00035,0.99328
249.61,SYN.ETH-28FEB20,1581937140553,open,0.0,838.0,0.001,0.011,2e-06,125.0,0.001,0.0,ETH-28FEB20-110-P,248.01,0.0,0.0,0.0,0.006,49.0,281.83,8e-05,-0.00048,0.0,0.0,-5e-05
271.19,SYN.ETH-25SEP20,1581937140553,open,0.19,442.0,0.127,0.25,0.188265,92.9,0.203,0.0,ETH-25SEP20-360-C,248.01,90.88,0.182,210.0,0.194,275.0,94.75,0.84121,-0.17691,0.49152,0.00203,0.48778
249.61,SYN.ETH-28FEB20,1581937140553,open,0.14,1306.0,0.104,0.174,0.140161,99.27,0.235,0.0,ETH-28FEB20-220-C,248.01,0.0,0.114,18.0,0.165,18.0,145.72,0.12255,-0.55928,0.04868,0.00665,0.79463
271.19,SYN.ETH-25SEP20,1581937140553,open,0.27,907.0,0.206,0.327,0.267817,91.9,0.27,0.0,ETH-25SEP20-280-C,248.01,89.94,0.262,224.0,0.273,266.0,93.66,0.80144,-0.16674,0.58248,0.00196,0.62276
271.19,SYN.ETH-25SEP20,1581937140553,open,0.07,233.0,0.039,0.108,0.070858,91.89,0.058,0.0,ETH-25SEP20-160-P,248.01,87.22,0.063,250.0,0.071,291.0,91.97,0.46182,-0.09606,-0.34051,0.00113,-0.13663
249.61,SYN.ETH-28FEB20,1581937140553,open,0.36,534.0,0.34,0.381,0.360231,124.89,0.368,0.0,ETH-28FEB20-160-C,248.01,0.0,0.346,19.0,0.373,19.0,205.08,0.0163,-0.09357,0.04647,0.0007,0.98502
271.19,SYN.ETH-25SEP20,1581937140553,open,0.01,618.0,0.001,0.017,0.007393,93.88,0.004,0.0,ETH-25SEP20-80-P,248.01,90.1,0.006,550.0,0.009,250.0,97.78,0.10575,-0.02247,-0.04633,0.00025,-0.02084
263.3,ETH-26JUN20,1581937140555,open,0.15,1737.0,0.094,0.197,0.144763,91.32,0.141,0.0,ETH-26JUN20-320-C,248.01,88.89,0.139,592.0,0.15,320.0,93.53,0.62429,-0.21949,0.30085,0.00277,0.46588
271.19,SYN.ETH-25SEP20,1581937140555,open,0.23,413.0,0.161,0.284,0.223302,92.28,0.249,0.0,ETH-25SEP20-320-C,248.01,90.23,0.217,220.0,0.229,271.0,94.13,0.8347,-0.17436,0.53788,0.00203,0.55107
249.61,SYN.ETH-28FEB20,1581937140555,open,0.6,21.0,0.588,0.611,0.599371,0.0,0.267,0.0,ETH-28FEB20-100-C,248.01,0.0,0.594,25.0,0.606,25.0,317.26,0.0,0.0,0.0298,0.0,1.0
249.61,SYN.ETH-28FEB20,1581937140555,open,0.0,1339.0,0.001,0.011,0.0,125.0,0.002,0.0,ETH-28FEB20-80-P,248.01,0.0,0.0,0.0,0.001,40.0,286.6,0.0,0.0,0.0,0.0,0.0
249.61,SYN.ETH-28FEB20,1581937140555,open,0.0,830.0,0.001,0.011,0.0,125.0,0.001,0.0,ETH-28FEB20-90-P,248.01,0.0,0.0,0.0,0.006,49.0,343.58,0.0,-1e-05,0.0,0.0,0.0
271.19,SYN.ETH-25SEP20,1581937140555,open,0.11,341.0,0.055,0.163,0.105153,96.12,0.12,0.0,ETH-25SEP20-520-C,248.01,94.23,0.1,497.0,0.11,497.0,97.88,0.74389,-0.16186,0.3356,0.00174,0.30966
253.73,ETH-27MAR20,1581937140557,open,0.0,672.0,0.001,0.014,0.004334,116.95,0.002,0.0,ETH-27MAR20-130-P,248.01,109.45,0.003,240.0,0.006,300.0,124.63,0.05002,-0.07524,-0.0082,0.00062,-0.02601
253.73,ETH-27MAR20,1581937140557,open,0.0,1405.0,0.001,0.012,0.002883,120.28,0.001,0.0,ETH-27MAR20-120-P,248.01,113.37,0.002,240.0,0.004,300.0,127.37,0.03613,-0.0559,-0.00556,0.00044,-0.0177
263.3,ETH-26JUN20,1581937140557,open,0.0,2429.0,0.001,0.013,0.003664,105.04,0.003,0.0,ETH-26JUN20-80-P,248.01,95.39,0.002,348.0,0.006,300.0,114.83,0.05396,-0.02182,-0.01598,0.00021,-0.0134
253.73,ETH-27MAR20,1581937140557,open,0.01,1355.0,0.001,0.02,0.005928,125.0,0.013,0.0,ETH-27MAR20-560-C,248.01,121.61,0.005,880.0,0.009,640.0,134.34,0.07313,-0.11756,0.00954,0.00085,0.04123
253.73,ETH-27MAR20,1581937140557,open,0.25,3400.0,0.211,0.282,0.246872,95.39,0.252,0.0,ETH-27MAR20-200-C,248.01,88.34,0.241,200.0,0.264,220.0,114.56,0.21636,-0.26543,0.15522,0.00331,0.82122
271.19,SYN.ETH-25SEP20,1581937140557,open,0.78,2.0,0.773,0.793,0.782434,101.14,0.811,0.0,ETH-25SEP20-60-C,248.01,0.0,0.778,35.0,0.791,34.0,128.3,0.05831,-0.01335,0.33993,0.00013,0.98957
271.19,SYN.ETH-25SEP20,1581937140557,open,0.02,416.0,0.006,0.031,0.015437,92.0,0.009,0.0,ETH-25SEP20-100-P,248.01,88.22,0.013,550.0,0.018,250.0,95.7,0.18144,-0.03779,-0.09082,0.00044,-0.03991
253.73,ETH-27MAR20,1581937140559,open,0.01,3844.0,0.003,0.033,0.012491,121.96,0.013,0.0,ETH-27MAR20-480-C,248.01,118.8,0.011,85.0,0.014,880.0,124.97,0.12353,-0.19376,0.01834,0.00148,0.08036
253.73,ETH-27MAR20,1581937140559,open,0.02,2442.0,0.006,0.04,0.019364,98.08,0.021,0.0,ETH-27MAR20-180-P,248.01,94.1,0.017,940.0,0.022,540.0,102.31,0.15455,-0.19495,-0.03465,0.0023,-0.10886
253.73,ETH-27MAR20,1581937140559,open,0.02,2323.0,0.004,0.039,0.015988,115.98,0.017,0.0,ETH-27MAR20-440-C,248.01,112.47,0.014,660.0,0.018,900.0,119.32,0.14839,-0.22135,0.02349,0.00187,0.10291
271.19,SYN.ETH-25SEP20,1581937140559,open,0.0,814.0,0.001,0.013,0.003666,101.06,0.003,0.0,ETH-25SEP20-60-P,248.01,91.83,0.002,550.0,0.006,300.0,110.41,0.05815,-0.0133,-0.02307,0.00013,-0.01039
249.61,SYN.ETH-28FEB20,1581937140559,open,0.05,452.0,0.019,0.083,0.047865,96.84,0.05,0.0,ETH-28FEB20-240-P,248.01,90.92,0.044,504.0,0.051,240.0,101.62,0.16339,-0.72743,-0.03146,0.00909,-0.37507
249.61,SYN.ETH-28FEB20,1581937140559,open,0.0,2926.0,0.001,0.015,0.003914,117.73,0.003,0.0,ETH-28FEB20-180-P,248.01,111.59,0.003,300.0,0.005,600.0,124.1,0.03981,-0.21548,-0.00353,0.00182,-0.0436
271.19,SYN.ETH-25SEP20,1581937140559,open,1.02,0.0,0.927,1.126,1.022499,96.07,None,0.0,ETH-25SEP20-520-P,248.01,0.0,0.0,0.0,0.0,0.0,0.0,0.74363,-0.16171,-2.81128,0.00174,-0.69059
253.73,ETH-27MAR20,1581937140561,open,0.09,13350.0,0.049,0.127,0.087214,97.32,0.085,0.0,ETH-27MAR20-280-C,248.01,94.04,0.083,669.0,0.09,402.0,99.48,0.32659,-0.40877,0.09529,0.00489,0.43983
263.3,ETH-26JUN20,1581937140561,open,0.01,842.0,0.001,0.018,0.00739,98.81,0.006,0.0,ETH-26JUN20-100-P,248.01,94.78,0.006,510.0,0.009,200.0,103.0,0.09595,-0.0365,-0.03162,0.00039,-0.02636
249.61,SYN.ETH-28FEB20,1581937140561,open,0.52,101.0,0.505,0.533,0.519258,120.59,0.397,0.0,ETH-28FEB20-120-C,248.01,0.0,0.513,22.0,0.528,22.0,276.31,0.00024,-0.00135,0.03574,1e-05,0.99985
249.61,SYN.ETH-28FEB20,1581937140561,open,0.01,1454.0,0.003,0.036,0.014415,103.31,0.013,0.0,ETH-28FEB20-210-P,248.01,99.65,0.013,1.0,0.016,599.0,107.27,0.0982,-0.4664,-0.01186,0.00512,-0.14499
271.19,SYN.ETH-25SEP20,1581937140561,open,0.53,17.0,0.498,0.565,0.531149,91.92,0.49,0.0,ETH-25SEP20-140-C,248.01,75.94,0.511,26.0,0.554,26.0,107.82,0.36992,-0.07697,0.60549,0.0009,0.90011
249.61,SYN.ETH-28FEB20,1581937140561,open,0.48,38.0,0.464,0.494,0.479237,123.81,0.537,0.0,ETH-28FEB20-130-C,248.01,0.0,0.472,21.0,0.489,21.0,256.74,0.00117,-0.00666,0.03867,5e-05,0.99921
249.61,SYN.ETH-28FEB20,1581937140561,open,0.0,1678.0,0.001,0.011,0.000182,125.0,0.001,0.0,ETH-28FEB20-140-P,248.01,0.0,0.0,0.0,0.002,349.0,169.98,0.00353,-0.02028,-0.00021,0.00015,-0.00265
249.61,SYN.ETH-28FEB20,1581937140563,open,0.01,2972.0,0.001,0.02,0.005958,111.76,0.004,0.0,ETH-28FEB20-190-P,248.01,107.22,0.005,300.0,0.007,600.0,116.32,0.05489,-0.28205,-0.00531,0.00265,-0.0654
263.3,ETH-26JUN20,1581937140566,open,0.04,1191.0,0.019,0.069,0.040806,91.5,0.038,0.0,ETH-26JUN20-160-P,248.01,88.23,0.037,497.0,0.045,497.0,95.01,0.3103,-0.10931,-0.14869,0.00137,-0.1179
263.3,ETH-26JUN20,1581937140566,open,0.05,451.0,0.02,0.091,0.050064,99.14,0.07,0.0,ETH-26JUN20-520-C,248.01,96.64,0.046,615.0,0.054,615.0,101.49,0.43473,-0.16593,0.13697,0.00178,0.19626
249.61,SYN.ETH-28FEB20,1581937140566,open,0.68,1.0,0.67,0.689,0.679497,0.0,0.522,0.0,ETH-28FEB20-80-C,248.01,0.0,0.675,28.0,0.685,28.0,373.89,0.0,0.0,0.02384,0.0,1.0
263.3,ETH-26JUN20,1581937140568,open,0.56,308.0,0.537,0.583,0.559165,96.47,0.63,0.0,ETH-26JUN20-120-C,248.01,0.0,0.544,25.0,0.576,25.0,119.77,0.15974,-0.05933,0.36698,0.00067,0.95087
10223.57,BTC-26JUN20,1581937140568,open,1.93,0.0,1.8785,2.0125,1.94039756,86.99,None,0.0,BTC-26JUN20-30000-P,9737.47,0.0,0.0,0.0,0.0,0.0,0.0,4.68401,-1.56859,-105.70155,1e-05,-0.96526
263.3,ETH-26JUN20,1581937140568,open,0.02,855.0,0.01,0.048,0.025845,93.9,0.027,0.0,ETH-26JUN20-140-P,248.01,90.61,0.023,500.0,0.029,500.0,97.39,0.2326,-0.08408,-0.09879,0.001,-0.0796
271.19,SYN.ETH-25SEP20,1581937140568,open,0.07,1787.0,0.033,0.126,0.073592,98.38,0.075,0.0,ETH-25SEP20-640-C,248.01,96.41,0.069,551.0,0.078,494.0,100.22,0.64032,-0.1426,0.25641,0.00146,0.22984
249.61,SYN.ETH-28FEB20,1581937140568,open,0.0,900.0,0.001,0.011,5.5e-05,125.0,0.001,0.0,ETH-28FEB20-130-P,248.01,0.0,0.0,0.0,0.002,349.0,189.3,0.00128,-0.00734,-7e-05,6e-05,-0.00087
249.61,SYN.ETH-28FEB20,1581937140568,open,0.07,2196.0,0.031,0.1,0.06513,95.74,0.084,0.0,ETH-28FEB20-250-C,248.01,94.1,0.064,433.0,0.072,180.0,105.75,0.17143,-0.75458,0.03451,0.00965,0.52917
271.19,SYN.ETH-25SEP20,1581937140568,open,0.65,0.0,0.627,0.668,0.646717,92.05,None,0.0,ETH-25SEP20-100-C,248.01,74.09,0.637,29.0,0.663,29.0,112.65,0.18159,-0.03784,0.5142,0.00044,0.96005
271.19,SYN.ETH-25SEP20,1581937140568,open,0.17,656.0,0.115,0.225,0.168721,91.88,0.152,0.0,ETH-25SEP20-220-P,248.01,85.63,0.153,504.0,0.169,264.0,91.99,0.68132,-0.14171,-0.7,0.00167,-0.25783
249.61,SYN.ETH-28FEB20,1581937140568,open,0.0,404.0,0.001,0.011,0.0,125.0,0.001,0.0,ETH-28FEB20-100-P,248.01,0.0,0.0,0.0,0.006,49.0,311.1,1e-05,-8e-05,0.0,0.0,-1e-05
249.61,SYN.ETH-28FEB20,1581937140568,open,0.0,1084.0,0.001,0.012,0.00266,125.0,0.004,0.0,ETH-28FEB20-170-P,248.01,118.82,0.002,300.0,0.004,647.0,135.24,0.02892,-0.16621,-0.00239,0.00125,-0.02951
253.73,ETH-27MAR20,1581937140570,open,0.57,22.0,0.554,0.583,0.56799,120.32,0.606,0.0,ETH-27MAR20-110-C,248.01,0.0,0.561,24.0,0.577,24.0,171.02,0.02215,-0.03427,0.11404,0.00027,0.98996
253.73,ETH-27MAR20,1581937140570,open,0.73,0.0,0.715,0.734,0.724145,120.61,None,0.0,ETH-27MAR20-70-C,248.01,0.0,0.72,30.0,0.73,30.0,225.08,0.00081,-0.00125,0.07448,1e-05,0.99974
263.3,ETH-26JUN20,1581937140572,open,0.63,1.0,0.612,0.645,0.627624,98.89,0.38,0.0,ETH-26JUN20-100-C,248.01,0.0,0.617,27.0,0.64,27.0,124.63,0.09616,-0.03661,0.32412,0.00039,0.97357
10223.57,BTC-26JUN20,1581937140637,open,0.43,72.7,0.409,0.4515,0.42785576,69.55,0.44,0.0,BTC-26JUN20-6000-C,9737.47,45.3,0.415,7.0,0.445,7.0,88.04,7.99438,-2.14069,18.3449,3e-05,0.93214
9800.58,SYN.BTC-28FEB20,1581937140644,open,0.09,241.9,0.0615,0.117,0.08736243,59.61,0.082,0.0,BTC-28FEB20-10500-P,9737.47,52.62,0.0835,3.0,0.0895,10.0,63.32,5.57427,-15.27705,-2.39232,0.00033,-0.73186
10484.22,SYN.BTC-25SEP20,1581937140646,open,0.02,256.6,0.006,0.047,0.01825524,82.78,0.0205,0.0,BTC-25SEP20-32000-C,9737.47,82.11,0.0175,1.6,0.019,6.0,83.42,12.02619,-2.25358,3.86284,2e-05,0.07914
10223.57,BTC-26JUN20,1581937140649,open,0.01,452.0,0.0005,0.017,0.00634694,73.14,0.0065,0.0,BTC-26JUN20-5000-P,9737.47,71.07,0.0055,37.0,0.0075,37.5,75.74,4.3344,-1.22055,-1.38124,2e-05,-0.03162
9962.92,BTC-27MAR20,1581937140651,open,0.23,191.1,0.1985,0.271,0.23162611,67.91,0.2205,0.0,BTC-27MAR20-12000-P,9737.47,63.15,0.227,6.0,0.233,3.0,69.27,9.94739,-8.68805,-10.59555,0.00014,-0.76688
10223.57,BTC-26JUN20,1581937140653,open,0.05,325.0,0.0215,0.082,0.04496111,74.52,0.0465,0.0,BTC-26JUN20-16000-C,9737.47,73.68,0.0435,19.0,0.0465,17.9,75.4,17.87427,-5.12822,6.22746,6e-05,0.21615
10223.57,BTC-26JUN20,1581937140667,open,0.11,526.3,0.0705,0.1505,0.10580079,70.04,0.1065,0.0,BTC-26JUN20-12000-C,9737.47,69.27,0.104,14.2,0.1075,10.1,70.76,23.96131,-6.46066,11.81905,9e-05,0.4307
10484.22,SYN.BTC-25SEP20,1581937140725,open,0.03,249.7,0.0145,0.0535,0.02944182,68.09,0.0295,0.0,BTC-25SEP20-6000-P,9737.47,66.19,0.027,24.0,0.0295,16.0,68.14,13.64254,-2.10296,-7.81096,3e-05,-0.09367
9800.58,SYN.BTC-28FEB20,1581937140756,open,0.13,17.5,0.105,0.162,0.13158084,64.62,0.1095,0.0,BTC-28FEB20-11000-P,9737.47,45.53,0.125,9.0,0.135,6.0,72.2,4.17855,-12.41441,-2.82632,0.00023,-0.83627
9962.92,BTC-27MAR20,1581937140783,open,0.08,1594.8,0.053,0.109,0.07873928,61.89,0.0785,0.0,BTC-27MAR20-10000-C,9737.47,60.93,0.0775,18.4,0.08,2.6,62.86,12.92731,-10.28941,4.81939,0.0002,0.53291
9962.92,BTC-27MAR20,1581937140800,open,3.0,1.4,2.9365,3.0965,3.0148586,0.0,3.051,0.0,BTC-27MAR20-40000-P,9737.47,0.0,0.0005,1.0,0.0,0.0,0.0,0.0,0.0,-42.6035,0.0,-1.0
9962.92,BTC-27MAR20,1581937140806,open,0.04,895.3,0.0195,0.0635,0.03774124,61.94,0.037,0.0,BTC-27MAR20-9000-P,9737.47,60.8,0.0365,19.3,0.0385,30.9,62.64,10.80944,-8.61191,-3.297,0.00017,-0.27296
9800.58,SYN.BTC-28FEB20,1581937140819,open,0.03,1552.6,0.0115,0.052,0.02847988,54.34,0.0295,0.0,BTC-28FEB20-10000-C,9737.47,55.84,0.0295,18.0,0.0325,50.0,60.25,6.65465,-16.6244,1.1823,0.00043,0.43335
10223.5,BTC-26JUN20,1581937140899,open,1.74,0.0,1.6875,1.816,1.74627746,85.56,None,0.0,BTC-26JUN20-28000-P,9737.4,0.0,0.0,0.0,0.0,0.0,0.0,5.55216,-1.82874,-98.34591,2e-05,-0.95719
10223.5,BTC-26JUN20,1581937140899,open,2.13,0.0,2.07,2.211,2.13525829,89.16,None,0.0,BTC-26JUN20-32000-P,9737.4,0.0,0.0,0.0,0.0,0.0,0.0,4.15977,-1.42787,-112.95873,1e-05,-0.96991
9962.85,BTC-27MAR20,1581937140899,open,0.21,1026.9,0.189,0.236,0.21128676,64.25,0.2345,0.0,BTC-27MAR20-8000-C,9737.4,52.92,0.2045,8.0,0.2315,8.0,90.0,6.68635,-5.52551,7.04481,0.0001,0.87518
9962.85,BTC-27MAR20,1581937140899,open,0.31,584.5,0.285,0.3215,0.30215005,69.15,0.3545,0.0,BTC-27MAR20-7000-C,9737.4,0.0,0.29,8.0,0.316,8.0,98.84,3.17954,-2.82763,6.9087,4e-05,0.95322
10223.5,BTC-26JUN20,1581937140900,open,0.01,485.4,0.0005,0.029,0.0096265,84.21,0.01,0.0,BTC-26JUN20-26000-C,9737.4,83.23,0.009,15.0,0.01,6.0,84.77,6.68817,-2.16823,1.61492,2e-05,0.05402
9962.85,BTC-27MAR20,1581937140900,open,1.6,0.0,1.559,1.6675,1.61054999,112.97,None,0.0,BTC-27MAR20-26000-P,9737.4,0.0,0.001,1.0,0.0,0.0,0.0,0.69838,-1.01475,-27.61839,1e-05,-0.99218
10223.5,BTC-26JUN20,1581937140900,open,1.54,0.0,1.4965,1.6205,1.5527595,84.17,None,0.0,BTC-26JUN20-26000-P,9737.4,0.0,0.0,0.0,0.0,0.0,0.0,6.67689,-2.16349,-90.90247,2e-05,-0.9461
9962.85,BTC-27MAR20,1581937140900,open,0.08,741.3,0.0555,0.1155,0.08245,61.87,0.0845,0.0,BTC-27MAR20-10000-P,9737.4,61.14,0.0815,14.4,0.0835,1.0,62.68,12.92728,-10.28747,-5.83156,0.0002,-0.46711
10223.5,BTC-26JUN20,1581937140900,open,0.17,787.5,0.131,0.2115,0.16806757,67.11,0.171,0.0,BTC-26JUN20-10000-C,9737.4,66.64,0.167,10.8,0.169,3.5,67.51,23.54868,-6.08375,15.74106,9e-05,0.60078
9962.85,BTC-27MAR20,1581937140900,open,2.4,0.0,2.346,2.482,2.41261434,0.0,None,0.0,BTC-27MAR20-34000-P,9737.4,0.0,0.0005,1.0,0.0,0.0,0.0,0.0,0.0,-36.21298,0.0,-1.0
9962.85,BTC-27MAR20,1581937140900,open,2.2,0.0,2.149,2.2785,2.21202324,109.43,None,0.0,BTC-27MAR20-32000-P,9737.4,0.0,0.0005,1.0,0.0,0.0,0.0,0.11,-0.15482,-34.0731,0.0,-0.99899
9962.85,BTC-27MAR20,1581937140901,open,1.8,0.0,1.7555,1.8705,1.81080891,110.63,None,0.0,BTC-27MAR20-28000-P,9737.4,0.0,0.0005,1.0,0.0,0.0,0.0,0.35602,-0.50656,-29.78748,0.0,-0.99634
9962.85,BTC-27MAR20,1581937140901,open,2.0,0.0,1.9525,2.0745,2.01140066,111.49,None,0.0,BTC-27MAR20-30000-P,9737.4,0.0,0.0005,1.0,0.0,0.0,0.0,0.22491,-0.3225,-31.93154,0.0,-0.9978
9962.85,BTC-27MAR20,1581937140901,open,2.6,0.0,2.543,2.687,2.61340593,0.0,None,0.0,BTC-27MAR20-36000-P,9737.4,0.0,0.0005,1.0,0.0,0.0,0.0,0.0,0.0,-38.34315,0.0,-1.0
10484.22,SYN.BTC-25SEP20,1581937140899,open,0.31,245.9,0.2565,0.371,0.3083003,69.7,0.302,0.0,BTC-25SEP20-12000-P,9737.4,67.67,0.302,3.6,0.31,4.3,70.25,32.52882,-5.13227,-50.72423,7e-05,-0.49121
9800.58,SYN.BTC-28FEB20,1581937140899,open,0.05,489.5,0.027,0.076,0.04882113,54.33,0.048,0.0,BTC-28FEB20-10000-P,9737.4,53.12,0.048,18.0,0.05,2.0,56.06,6.6546,-16.62122,-1.79738,0.00043,-0.56667
10484.22,SYN.BTC-25SEP20,1581937140901,open,0.18,257.5,0.138,0.236,0.18175607,68.09,0.1725,0.0,BTC-25SEP20-10000-P,9737.4,66.12,0.176,12.2,0.1825,7.2,68.35,30.55926,-4.71059,-34.47421,7e-05,-0.36162
9759.97,SYN.BTC-21FEB20,1581937140898,open,0.0,799.5,0.0005,0.017,0.00375332,60.11,0.004,0.0,BTC-21FEB20-10500-C,9737.4,58.9,0.0035,2.9,0.004,30.1,61.25,2.07345,-16.07817,0.12594,0.00034,0.12527
9742.57,SYN.BTC-18FEB20,1581937140899,open,0.02,11.4,0.001,0.036,0.01582187,43.52,0.016,0.0,BTC-18FEB20-9625-C,9737.4,41.56,0.0155,6.0,0.018,6.0,56.24,1.60886,-35.01065,0.16439,0.00162,0.71911
10484.22,SYN.BTC-25SEP20,1581937140899,open,0.24,308.7,0.1935,0.301,0.24178389,68.85,0.24,0.0,BTC-25SEP20-11000-P,9737.4,66.96,0.236,4.9,0.243,5.8,69.25,32.02458,-4.99129,-42.57694,7e-05,-0.42931
9759.97,SYN.BTC-21FEB20,1581937140898,open,0.0,323.4,0.0005,0.0125,0.00206105,63.08,0.0025,0.0,BTC-21FEB20-10750-C,9737.4,58.83,0.0015,70.0,0.0025,30.0,66.0,1.3943,-11.34624,0.0735,0.00022,0.07298
249.61,SYN.ETH-28FEB20,1581937141121,open,0.25,1.0,0.212,0.31,0.258934,118.75,0.162,0.0,ETH-28FEB20-310-P,248.01,0.0,0.001,1.0,0.0,0.0,0.0,0.109,-0.59509,-0.081,0.00494,-0.83008
249.61,SYN.ETH-28FEB20,1581937141121,open,0.02,1820.0,0.004,0.048,0.020899,115.29,0.018,0.0,ETH-28FEB20-300-C,248.01,111.35,0.019,240.0,0.023,568.0,119.51,0.12236,-0.64851,0.01368,0.00572,0.20482
249.61,SYN.ETH-28FEB20,1581937141121,open,0.02,4389.0,0.003,0.043,0.016984,118.72,0.019,0.0,ETH-28FEB20-310-C,248.01,116.44,0.016,240.0,0.018,297.0,121.03,0.10897,-0.59476,0.01137,0.00494,0.16984
249.61,SYN.ETH-28FEB20,1581937141121,open,0.22,103.0,0.176,0.273,0.222786,115.31,0.109,0.0,ETH-28FEB20-300-P,248.01,0.0,0.001,1.0,0.0,0.0,0.0,0.12238,-0.6488,-0.07571,0.00572,-0.79511
249.61,SYN.ETH-28FEB20,1581937141548,open,0.09,527.0,0.054,0.137,0.093855,101.3,0.086,0.0,ETH-28FEB20-260-P,248.01,92.69,0.088,180.0,0.096,180.0,104.45,0.17007,-0.7921,-0.04848,0.00904,-0.55795
249.61,SYN.ETH-28FEB20,1581937141548,open,0.03,830.0,0.006,0.055,0.02548,110.93,0.025,0.0,ETH-28FEB20-290-C,248.01,106.3,0.023,240.0,0.028,527.0,115.51,0.13571,-0.69206,0.01639,0.00659,0.24587
249.61,SYN.ETH-28FEB20,1581937141548,open,0.15,237.0,0.108,0.2,0.152933,106.04,0.086,0.0,ETH-28FEB20-280-P,248.01,0.0,0.115,14.0,0.172,14.0,136.66,0.14888,-0.72584,-0.06374,0.00756,-0.70406
249.61,SYN.ETH-28FEB20,1581937141548,open,0.03,3713.0,0.008,0.062,0.031172,106.02,0.039,0.0,ETH-28FEB20-280-C,248.01,102.36,0.029,520.0,0.033,40.0,109.07,0.14887,-0.72564,0.01969,0.00756,0.29589
249.61,SYN.ETH-28FEB20,1581937141548,open,0.04,443.0,0.013,0.073,0.040156,103.34,0.043,0.0,ETH-28FEB20-270-C,248.01,98.44,0.037,512.0,0.043,100.0,107.71,0.16162,-0.76782,0.024,0.00842,0.36279
249.61,SYN.ETH-28FEB20,1581937141548,open,0.18,101.0,0.141,0.236,0.187304,110.95,0.103,0.0,ETH-28FEB20-290-P,248.01,0.0,0.001,1.0,0.0,0.0,0.0,0.13572,-0.6923,-0.07001,0.00659,-0.75407
249.61,SYN.ETH-28FEB20,1581937141548,open,0.05,628.0,0.021,0.087,0.05222,101.29,0.06,0.0,ETH-28FEB20-260-C,248.01,96.56,0.049,443.0,0.055,100.0,105.36,0.17007,-0.79196,0.02899,0.00904,0.44203
249.61,SYN.ETH-28FEB20,1581937141738,open,0.01,4091.0,0.001,0.027,0.00922,106.88,0.01,0.0,ETH-28FEB20-200-P,248.01,99.01,0.007,300.0,0.011,600.0,112.63,0.07449,-0.36602,-0.00797,0.00375,-0.09796
249.61,SYN.ETH-28FEB20,1581937141740,open,0.09,527.0,0.054,0.137,0.093855,101.3,0.086,0.0,ETH-28FEB20-260-P,248.01,91.22,0.087,180.0,0.096,180.0,104.45,0.17007,-0.7921,-0.04848,0.00904,-0.55795
253.73,ETH-27MAR20,1581937141742,open,0.19,1084.0,0.141,0.243,0.190735,97.31,0.179,0.0,ETH-27MAR20-280-P,248.01,93.62,0.186,400.0,0.195,544.0,100.62,0.32658,-0.40873,-0.20293,0.00489,-0.56019
249.61,SYN.ETH-28FEB20,1581937141743,open,0.01,4091.0,0.001,0.027,0.00922,106.88,0.01,0.0,ETH-28FEB20-200-P,248.01,99.01,0.007,600.0,0.011,600.0,112.63,0.07449,-0.36602,-0.00797,0.00375,-0.09796
248.58,SYN.ETH-21FEB20,1581937141744,open,0.04,1345.0,0.014,0.082,0.045245,102.97,0.046,0.0,ETH-21FEB20-250-P,248.01,89.96,0.04,180.0,0.047,180.0,106.98,0.10219,-1.35742,-0.0144,0.01513,-0.50026
249.61,SYN.ETH-28FEB20,1581937141749,open,0.07,2196.0,0.031,0.1,0.06513,95.74,0.084,0.0,ETH-28FEB20-250-C,248.01,94.1,0.064,433.0,0.073,180.0,107.21,0.17143,-0.75458,0.03451,0.00965,0.52917
249.61,SYN.ETH-28FEB20,1581937141753,open,0.09,527.0,0.054,0.137,0.093855,101.3,0.086,0.0,ETH-28FEB20-260-P,248.01,91.22,0.087,377.0,0.096,180.0,104.45,0.17007,-0.7921,-0.04848,0.00904,-0.55795
248.58,SYN.ETH-21FEB20,1581937141806,open,0.0,203.0,0.001,0.015,0.002684,106.25,0.004,0.0,ETH-21FEB20-210-P,248.01,99.84,0.002,300.0,0.004,300.0,116.52,0.02863,-0.39243,-0.00153,0.00411,-0.05533
248.58,SYN.ETH-21FEB20,1581937141806,open,0.01,1128.0,0.001,0.039,0.013799,102.99,0.013,0.0,ETH-21FEB20-230-P,248.01,93.47,0.011,240.0,0.015,240.0,106.92,0.07509,-0.9976,-0.00607,0.01111,-0.2162
248.58,SYN.ETH-21FEB20,1581937141806,open,0.01,884.0,0.001,0.025,0.006329,103.72,0.008,0.0,ETH-21FEB20-220-P,248.01,91.05,0.004,600.0,0.008,300.0,111.65,0.04996,-0.66853,-0.00322,0.00734,-0.1158
248.58,SYN.ETH-21FEB20,1581937141806,open,0.06,403.0,0.026,0.095,0.060997,102.72,0.076,0.0,ETH-21FEB20-240-C,248.01,92.18,0.057,180.0,0.066,180.0,115.74,0.0949,-1.25751,0.01554,0.01408,0.64981
248.58,SYN.ETH-21FEB20,1581937141810,open,0.02,1368.0,0.004,0.058,0.026484,102.73,0.02,0.0,ETH-21FEB20-240-P,248.01,90.9,0.022,511.0,0.028,240.0,106.69,0.0949,-1.25765,-0.00994,0.01408,-0.3502
248.58,SYN.ETH-21FEB20,1581937141810,open,0.07,898.0,0.033,0.11,0.070612,104.38,0.05,0.0,ETH-21FEB20-260-P,248.01,89.59,0.065,180.0,0.073,233.0,110.56,0.09565,-1.28802,-0.01881,0.01397,-0.64199
248.58,SYN.ETH-21FEB20,1581937141812,open,0.09,227.0,0.054,0.122,0.088541,102.97,0.168,0.0,ETH-21FEB20-230-C,248.01,94.36,0.086,60.0,0.094,60.0,120.36,0.07508,-0.99742,0.01835,0.01111,0.78383
10223.5,BTC-26JUN20,1581937141905,open,0.15,697.0,0.108,0.1935,0.14619564,67.1,0.143,0.0,BTC-26JUN20-10000-P,9737.41,66.37,0.1445,14.5,0.15,21.5,68.75,23.54874,-6.08336,-19.84108,9e-05,-0.39922
10223.5,BTC-26JUN20,1581937141906,open,0.03,290.5,0.0145,0.055,0.03026328,67.19,0.029,0.0,BTC-26JUN20-7000-P,9737.41,66.16,0.029,33.7,0.0315,24.2,68.18,12.62428,-3.2655,-5.68473,5e-05,-0.12601
9962.82,BTC-27MAR20,1581937141906,open,0.05,1056.1,0.0245,0.074,0.0456732,64.5,0.0445,0.0,BTC-27MAR20-11000-C,9737.41,63.54,0.0445,36.6,0.047,3.0,65.59,12.13448,-10.06653,3.30862,0.00018,0.35748
9742.57,SYN.BTC-18FEB20,1581937141905,open,0.0,31.2,0.0005,0.0105,0.00018175,51.62,0.0005,0.0,BTC-18FEB20-9250-P,9737.41,0.0,0.0,0.0,0.001,30.0,70.81,0.22592,-1.77071,-0.0046,0.00019,-0.01948
10484.22,SYN.BTC-25SEP20,1581937141905,open,0.19,204.1,0.149,0.2445,0.19259406,68.85,0.2,0.0,BTC-25SEP20-11000-C,9737.41,68.17,0.1905,8.2,0.1945,3.6,69.48,32.02452,-4.99142,23.98821,7e-05,0.57069
9742.57,SYN.BTC-18FEB20,1581937141905,open,0.0,10.2,0.0005,0.0105,0.00010146,55.7,0.0005,0.0,BTC-18FEB20-10375-C,9737.41,0.0,0.0,0.0,0.001,50.0,81.26,0.13776,-0.98848,0.00254,0.00011,0.01096
10484.22,SYN.BTC-25SEP20,1581937141906,open,0.13,572.7,0.0935,0.1795,0.13111004,68.09,0.125,0.0,BTC-25SEP20-9000-P,9737.41,65.8,0.125,0.1,0.13,13.1,67.68,27.923,-4.30424,-26.72475,6e-05,-0.29012
9759.97,SYN.BTC-21FEB20,1581937141905,open,0.02,103.3,0.0075,0.048,0.02046963,48.57,0.02,0.0,BTC-21FEB20-9750-C,9737.41,48.64,0.0205,1.5,0.023,21.0,54.73,4.0081,-25.11485,0.51574,0.00082,0.51813
9800.58,SYN.BTC-28FEB20,1581937141906,open,0.06,390.1,0.0325,0.0795,0.05419463,54.36,0.059,0.0,BTC-28FEB20-9500-C,9737.41,54.06,0.054,18.1,0.058,18.0,60.27,6.28168,-15.70018,1.73288,0.0004,0.6476
9800.58,SYN.BTC-28FEB20,1581937141909,open,0.03,1069.3,0.0085,0.0465,0.02351882,54.35,0.024,0.0,BTC-28FEB20-9500-P,9737.41,52.76,0.0225,24.0,0.024,0.5,55.1,6.28156,-15.69697,-1.0977,0.0004,-0.35238
9759.97,SYN.BTC-21FEB20,1581937141905,open,0.01,1035.8,0.0005,0.0335,0.0091806,48.58,0.0095,0.0,BTC-21FEB20-9500-P,9737.41,46.62,0.0085,0.3,0.0095,0.2,49.49,3.42154,-21.44246,-0.30617,0.0007,-0.28625
9742.57,SYN.BTC-18FEB20,1581937141906,open,0.0,12.4,0.0005,0.0105,2.717e-05,55.95,0.0005,0.0,BTC-18FEB20-10500-C,9737.41,0.0,0.0,0.0,0.0005,30.8,81.84,0.04735,-0.26472,0.00076,4e-05,0.00328
10484.22,SYN.BTC-25SEP20,1581937141908,open,0.09,198.3,0.0575,0.13,0.08842922,68.09,0.078,0.0,BTC-25SEP20-8000-P,9737.41,65.28,0.082,21.8,0.086,4.9,67.04,24.0892,-3.71328,-19.50826,5e-05,-0.21906
9742.57,SYN.BTC-18FEB20,1581937141906,open,0.01,79.3,0.0005,0.0265,0.00784721,42.07,0.007,0.0,BTC-18FEB20-9750-C,9737.41,40.29,0.0075,18.0,0.0085,10.0,45.41,1.90309,-40.02733,0.11255,0.00199,0.48935
10484.22,SYN.BTC-25SEP20,1581937141912,open,0.06,188.2,0.0315,0.0875,0.05442938,68.09,0.05,0.0,BTC-25SEP20-7000-P,9737.41,65.65,0.05,8.0,0.053,15.5,67.31,19.19275,-2.95851,-13.10319,4e-05,-0.1521
9742.57,SYN.BTC-18FEB20,1581937141905,open,0.03,5.5,0.0075,0.05,0.02792851,47.06,0.025,0.0,BTC-18FEB20-10000-P,9737.41,0.0,0.026,6.0,0.0285,6.0,52.2,1.01687,-23.92683,-0.20956,0.00095,-0.86862
263.3,ETH-26JUN20,1581937142264,open,0.03,0.0,0.008,0.06,0.027516,105.0,None,0.0,ETH-26JUN20-680-C,248.01,102.77,0.025,310.0,0.03,610.0,107.1,0.30436,-0.12303,0.08171,0.00118,0.11473
271.19,SYN.ETH-25SEP20,1581937142264,open,0.06,174.0,0.021,0.101,0.054529,100.58,0.075,0.0,ETH-25SEP20-760-C,248.01,98.3,0.05,498.0,0.059,498.0,102.75,0.54821,-0.12482,0.20139,0.00122,0.17725
271.19,SYN.ETH-25SEP20,1581937142266,open,1.85,0.0,1.747,1.981,1.856803,100.47,None,0.0,ETH-25SEP20-760-P,248.01,0.0,0.0,0.0,0.0,0.0,0.0,0.5473,-0.12448,-4.39808,0.00122,-0.82322
271.19,SYN.ETH-25SEP20,1581937142266,open,1.99,0.0,1.886,2.126,1.998972,100.83,None,0.0,ETH-25SEP20-800-P,248.01,0.0,0.0,0.0,0.0,0.0,0.0,0.51709,-0.11803,-4.65595,0.00115,-0.83818
271.19,SYN.ETH-25SEP20,1581937142266,open,0.05,447.0,0.018,0.094,0.04921,100.95,0.051,0.0,ETH-25SEP20-800-C,248.01,95.9,0.04,299.0,0.059,299.0,105.87,0.51814,-0.1184,0.18563,0.00115,0.16232
248.58,SYN.ETH-21FEB20,1581937142857,open,0.01,989.0,0.001,0.024,0.00566,114.19,0.006,0.0,ETH-21FEB20-290-C,248.01,110.58,0.005,300.0,0.007,5.0,120.98,0.04673,-0.68843,0.00263,0.00624,0.10548
9962.81,BTC-27MAR20,1581937142912,open,0.14,1920.3,0.108,0.164,0.13439596,61.95,0.135,0.0,BTC-27MAR20-9000-C,9737.38,57.4,0.1295,20.9,0.1375,20.9,64.8,10.8101,-8.61383,6.28825,0.00017,0.727
9962.81,BTC-27MAR20,1581937142912,open,0.8,0.0,0.772,0.854,0.80995993,90.17,1.23,0.0,BTC-27MAR20-18000-P,9737.38,0.0,0.0125,1.0,0.0,0.0,0.0,2.28735,-2.65262,-18.87455,2e-05,-0.96877
10223.51,BTC-26JUN20,1581937142913,open,0.01,501.1,0.0005,0.0195,0.00524815,89.24,0.005,0.0,BTC-26JUN20-32000-C,9737.38,88.63,0.005,1.9,0.0055,6.0,89.85,4.17711,-1.43514,0.90918,1e-05,0.03024
9962.81,BTC-27MAR20,1581937142913,open,0.01,1360.5,0.0005,0.0145,0.00474859,69.11,0.005,0.0,BTC-27MAR20-7000-P,9737.38,68.32,0.0045,44.1,0.005,0.2,69.89,3.17546,-2.82249,-0.546,4e-05,-0.04671
9962.81,BTC-27MAR20,1581937142913,open,0.61,21.2,0.5765,0.6535,0.61169086,83.53,0.501,0.0,BTC-27MAR20-16000-P,9737.38,0.0,0.05,0.1,0.95,1.1,383.11,3.59788,-3.86525,-16.52235,4e-05,-0.94537
10223.51,BTC-26JUN20,1581937142913,open,0.02,1172.8,0.008,0.051,0.02250691,79.03,0.0245,0.0,BTC-26JUN20-20000-C,9737.38,78.6,0.022,4.5,0.023,6.0,79.45,12.01693,-3.65617,3.45448,4e-05,0.11747
9962.81,BTC-27MAR20,1581937142913,open,0.26,7.3,0.236,0.278,0.25574195,66.82,0.2695,0.0,BTC-27MAR20-7500-C,9737.38,36.57,0.2475,8.0,0.2685,8.0,88.33,4.79287,-4.1192,7.0581,7e-05,0.92089
10223.51,BTC-26JUN20,1581937142913,open,0.0,436.2,0.0005,0.0125,0.00268394,79.87,0.0035,0.0,BTC-26JUN20-4000-P,9737.38,76.28,0.002,38.0,0.0035,21.0,83.48,2.1265,-0.65388,-0.59342,1e-05,-0.01363
9962.81,BTC-27MAR20,1581937142913,open,1.4,0.0,1.362,1.4625,1.40986464,105.64,None,0.0,BTC-27MAR20-24000-P,9737.38,0.0,0.0005,5.0,0.0,0.0,0.0,0.76783,-1.04323,-25.4793,1e-05,-0.99129
10223.51,BTC-26JUN20,1581937142913,open,0.71,34.7,0.6975,0.717,0.70746566,87.95,0.7145,0.0,BTC-26JUN20-3000-C,9737.38,0.0,0.703,10.0,0.7145,10.0,124.73,0.8296,-0.28089,10.47187,0.0,0.99533
9962.81,BTC-27MAR20,1581937142913,open,0.35,0.0,0.3355,0.3685,0.35078828,74.97,None,0.0,BTC-27MAR20-6500-C,9737.38,0.0,0.3445,9.0,0.362,9.0,105.95,2.26708,-2.18602,6.56109,3e-05,0.9691
9962.81,BTC-27MAR20,1581937142913,open,0.01,999.4,0.0005,0.022,0.00854086,66.82,0.008,0.0,BTC-27MAR20-7500-P,9737.38,65.68,0.008,24.0,0.009,20.0,67.76,4.79267,-4.11893,-0.93,7e-05,-0.0791
9962.81,BTC-27MAR20,1581937142913,open,0.03,1902.8,0.0115,0.052,0.02717535,67.93,0.0275,0.0,BTC-27MAR20-12000-C,9737.38,67.25,0.0265,3.0,0.0285,38.1,69.24,9.94872,-8.69147,2.18595,0.00014,0.23318
9962.81,BTC-27MAR20,1581937142913,open,0.0,221.1,0.0005,0.0105,8.349e-05,113.71,0.0005,0.0,BTC-27MAR20-34000-C,9737.38,0.0,0.0,0.0,0.001,28.1,141.3,0.09918,-0.14505,0.00864,0.0,0.0009
10223.51,BTC-26JUN20,1581937142913,open,0.01,230.1,0.0005,0.0245,0.00751789,85.61,0.0095,0.0,BTC-26JUN20-28000-C,9737.38,84.64,0.007,46.0,0.008,6.0,86.48,5.56522,-1.83416,1.28826,2e-05,0.04293
9962.81,BTC-27MAR20,1581937142913,open,0.0,1389.6,0.0005,0.0105,6.052e-05,91.74,0.0005,0.0,BTC-27MAR20-4000-P,9737.38,0.0,0.0,0.0,0.0005,0.5,113.01,0.07807,-0.09211,-0.00799,0.0,-0.00069
10223.51,BTC-26JUN20,1581937142913,open,0.28,132.1,0.2335,0.335,0.27956183,70.04,0.29,0.0,BTC-26JUN20-12000-P,9737.38,60.76,0.258,5.0,0.307,5.0,81.66,23.96107,-6.46051,-30.88004,9e-05,-0.56931
9962.81,BTC-27MAR20,1581937142913,open,0.0,311.8,0.0005,0.011,0.00143956,102.23,0.001,0.0,BTC-27MAR20-22000-C,9737.38,97.86,0.001,79.4,0.002,34.0,106.61,1.13411,-1.49111,0.1294,1e-05,0.01363
10223.51,BTC-26JUN20,1581937142913,open,0.61,12.0,0.6015,0.6235,0.61142886,79.87,0.6205,0.0,BTC-26JUN20-4000-C,9737.38,0.0,0.6085,9.1,0.619,9.0,103.07,2.12649,-0.65388,13.63953,1e-05,0.98637
9962.81,BTC-27MAR20,1581937142913,open,0.0,531.3,0.0005,0.0105,0.00072707,91.16,0.001,0.0,BTC-27MAR20-5000-P,9737.38,87.03,0.0005,3.0,0.001,24.0,95.08,0.62013,-0.72711,-0.08021,1e-05,-0.00683
9962.81,BTC-27MAR20,1581937142913,open,1.2,5.6,1.1655,1.2595,1.20964749,102.19,1.545,0.0,BTC-27MAR20-22000-P,9737.38,0.0,0.0005,1.0,0.0,0.0,0.0,1.13169,-1.48737,-23.30284,1e-05,-0.9864
9962.81,BTC-27MAR20,1581937142913,open,0.0,519.6,0.0005,0.0105,0.00090198,113.63,0.001,0.0,BTC-27MAR20-26000-C,9737.38,106.88,0.0005,47.0,0.0015,44.0,120.4,0.72605,-1.0611,0.07713,1e-05,0.00817
10223.51,BTC-26JUN20,1581937142913,open,0.79,1.0,0.742,0.8535,0.79177915,76.77,0.9,0.0,BTC-26JUN20-18000-P,9737.38,0.0,0.001,2.0,1.0,1.0,175.13,14.6624,-4.3333,-59.46516,5e-05,-0.84288
10223.51,BTC-26JUN20,1581937142913,open,0.35,125.9,0.3205,0.3755,0.34556748,67.19,0.3905,0.0,BTC-26JUN20-7000-C,9737.38,65.5,0.3435,1.0,0.3585,7.0,77.11,12.62435,-3.26555,19.22288,5e-05,0.87399
9962.81,BTC-27MAR20,1581937142913,open,0.0,307.5,0.0005,0.013,0.003214,74.97,0.0035,0.0,BTC-27MAR20-6500-P,9737.38,71.6,0.0025,44.0,0.004,66.0,78.21,2.26682,-2.18568,-0.36193,3e-05,-0.03089
9962.81,BTC-27MAR20,1581937142913,open,0.01,486.3,0.0005,0.023,0.00772782,79.43,0.008,0.0,BTC-27MAR20-15000-C,9737.38,77.79,0.007,65.0,0.0085,44.0,81.08,4.54076,-4.63881,0.69987,5e-05,0.07368
9962.81,BTC-27MAR20,1581937142913,open,0.01,2058.5,0.0005,0.019,0.00571986,83.53,0.0065,0.0,BTC-27MAR20-16000-C,9737.38,81.46,0.005,44.0,0.0065,65.2,85.62,3.59846,-3.86608,0.51915,4e-05,0.05464
10223.51,BTC-26JUN20,1581937142915,open,0.01,569.9,0.005,0.032,0.01473358,69.55,0.0135,0.0,BTC-26JUN20-6000-P,9737.38,68.6,0.014,0.4,0.0155,21.1,70.52,7.99408,-2.14054,-3.00436,3e-05,-0.06785
9962.81,BTC-27MAR20,1581937142915,open,0.17,84.9,0.1455,0.1975,0.17025588,62.48,0.184,0.0,BTC-27MAR20-8500-C,9737.38,46.51,0.1575,8.0,0.193,8.0,86.2,8.80146,-7.07267,6.79658,0.00013,0.81076
9962.81,BTC-27MAR20,1581937142913,open,0.51,2.0,0.479,0.5545,0.51332556,79.43,0.4565,0.0,BTC-27MAR20-15000-P,9737.38,0.0,0.0,0.0,0.0,0.0,0.0,4.54027,-4.63811,-15.27653,5e-05,-0.92633
9962.81,BTC-27MAR20,1581937142913,open,0.45,18.4,0.437,0.462,0.44886348,82.07,0.436,0.0,BTC-27MAR20-5500-C,9737.38,0.0,0.4445,10.0,0.4575,10.0,124.67,0.81583,-0.86111,5.74922,1e-05,0.99067
9962.81,BTC-27MAR20,1581937142915,open,0.02,934.7,0.01,0.045,0.02342712,62.48,0.021,0.0,BTC-27MAR20-8500-P,9737.38,61.42,0.0225,19.3,0.0245,59.4,63.69,8.80129,-7.07232,-2.25658,0.00013,-0.18923
9962.81,BTC-27MAR20,1581937142913,open,0.0,199.0,0.0005,0.0105,0.00090814,105.67,0.0005,0.0,BTC-27MAR20-24000-C,9737.38,99.19,0.0005,132.9,0.0015,24.0,112.02,0.7693,-1.04555,0.08297,1e-05,0.00873
10223.51,BTC-26JUN20,1581937142913,open,0.0,330.6,0.0005,0.0105,0.00090724,87.95,0.001,0.0,BTC-26JUN20-3000-P,9737.38,81.86,0.0005,40.0,0.0015,15.0,94.05,0.82978,-0.28096,-0.20289,0.0,-0.00467
9962.81,BTC-27MAR20,1581937142913,open,0.0,317.4,0.0005,0.0105,4.733e-05,113.72,0.0005,0.0,BTC-27MAR20-36000-C,9737.38,0.0,0.0,0.0,0.0005,40.0,137.16,0.06063,-0.08868,0.00509,0.0,0.00053
10223.48,BTC-26JUN20,1581937142916,open,1.35,0.0,1.306,1.425,1.35977193,82.29,None,0.0,BTC-26JUN20-24000-P,9737.38,0.0,0.0,0.0,0.0,0.0,0.0,7.98137,-2.52855,-83.37947,3e-05,-0.93228
9962.81,BTC-27MAR20,1581937142915,open,0.0,1397.8,0.0005,0.0115,0.00196128,79.8,0.002,0.0,BTC-27MAR20-6000-P,9737.38,76.47,0.0015,44.0,0.0025,67.0,83.11,1.49909,-1.53852,-0.22116,2e-05,-0.01888
10223.48,BTC-26JUN20,1581937142916,open,0.07,829.7,0.038,0.1095,0.06776206,72.31,0.07,0.0,BTC-26JUN20-14000-C,9737.38,71.22,0.0655,28.2,0.07,29.2,73.38,21.32811,-5.93758,8.5913,8e-05,0.30393
9962.81,BTC-27MAR20,1581937142915,open,0.0,898.4,0.0005,0.0105,1.572e-05,113.73,0.0005,0.0,BTC-27MAR20-40000-C,9737.38,0.0,0.0,0.0,0.0005,23.0,146.67,0.023,-0.03364,0.0018,0.0,0.00019
10223.48,BTC-26JUN20,1581937142916,open,1.16,0.0,1.116,1.2315,1.1678928,80.29,None,0.0,BTC-26JUN20-22000-P,9737.38,0.0,0.001,2.0,2.21,1.0,500.0,9.6408,-2.98001,-75.70461,3e-05,-0.91319
9962.81,BTC-27MAR20,1581937142916,open,1.0,5.3,0.969,1.0575,1.00992719,98.78,0.907,0.0,BTC-27MAR20-20000-P,9737.38,0.0,0.0005,1.0,0.0,0.0,0.0,1.7535,-2.22768,-21.08679,2e-05,-0.97728
9962.81,BTC-27MAR20,1581937142916,open,0.41,68.5,0.3825,0.457,0.4164482,75.68,0.3885,0.0,BTC-27MAR20-14000-P,9737.38,0.0,0.0005,90.0,0.0,0.0,0.0,5.91001,-5.75268,-13.91671,7e-05,-0.89506
9962.81,BTC-27MAR20,1581937142916,open,0.55,28.5,0.539,0.5585,0.54855759,91.44,0.5365,0.0,BTC-27MAR20-4500-C,9737.38,0.0,0.545,11.0,0.555,11.0,148.24,0.24852,-0.29228,4.76429,0.0,0.99754
10223.48,BTC-26JUN20,1581937142916,open,0.06,356.1,0.034,0.0915,0.05787077,67.1,0.0555,0.0,BTC-26JUN20-8000-P,9737.38,65.42,0.055,29.2,0.0575,3.5,66.89,17.48475,-4.51695,-9.67749,7e-05,-0.20816
9962.81,BTC-27MAR20,1581937142916,open,0.0,858.9,0.0005,0.013,0.00324258,90.18,0.0035,0.0,BTC-27MAR20-18000-C,9737.38,89.09,0.003,44.0,0.0035,0.2,91.27,2.28817,-2.6538,0.29715,2e-05,0.03125
9962.81,BTC-27MAR20,1581937142916,open,0.5,27.1,0.488,0.511,0.49886164,91.18,0.4665,0.0,BTC-27MAR20-5000-C,9737.38,0.0,0.4945,10.0,0.506,10.0,135.48,0.62072,-0.72793,5.24514,1e-05,0.99316
9962.81,BTC-27MAR20,1581937142916,open,0.01,1919.1,0.0015,0.029,0.01122357,75.68,0.0135,0.0,BTC-27MAR20-14000-C,9737.38,74.45,0.0105,24.0,0.012,64.0,76.97,5.91035,-5.75319,0.99459,7e-05,0.10495
9962.81,BTC-27MAR20,1581937142916,open,0.15,251.9,0.118,0.187,0.1497725,64.5,0.1425,0.0,BTC-27MAR20-11000-P,9737.38,62.21,0.147,3.0,0.1515,3.0,65.91,12.13424,-10.06549,-8.40749,0.00018,-0.64254
9962.81,BTC-27MAR20,1581937142916,open,0.0,37.1,0.0005,0.0105,0.00023648,91.41,0.001,0.0,BTC-27MAR20-4500-P,9737.38,0.0,0.0,0.0,0.0005,0.1,99.3,0.24782,-0.29134,-0.02851,0.0,-0.00245
9962.81,BTC-27MAR20,1581937142916,open,0.02,790.6,0.0055,0.0375,0.01664765,71.3,0.017,0.0,BTC-27MAR20-13000-C,9737.38,70.45,0.016,22.3,0.0175,22.7,72.4,7.65349,-7.01829,1.43797,0.0001,0.15216
9962.81,BTC-27MAR20,1581937142916,open,0.0,842.9,0.0005,0.012,0.00246543,98.8,0.002,0.0,BTC-27MAR20-20000-C,9737.38,95.97,0.002,24.6,0.003,44.1,101.64,1.75537,-2.23058,0.21523,2e-05,0.02275
9962.81,BTC-27MAR20,1581937142916,open,0.0,154.2,0.0005,0.0105,0.00026844,113.69,0.001,0.0,BTC-27MAR20-30000-C,9737.38,0.0,0.0,0.0,0.001,20.1,129.14,0.26799,-0.39186,0.02551,0.0,0.00267
9962.81,BTC-27MAR20,1581937142916,open,0.32,3.0,0.288,0.361,0.32149909,71.3,0.31,0.0,BTC-27MAR20-13000-P,9737.38,0.0,0.0,0.0,0.0,0.0,0.0,7.65326,-7.01791,-12.40823,0.0001,-0.84785
9962.81,BTC-27MAR20,1581937142916,open,0.6,41.5,0.589,0.6085,0.59856817,91.84,0.6085,0.0,BTC-27MAR20-4000-C,9737.38,0.0,0.5955,12.0,0.605,12.0,166.78,0.07888,-0.09317,4.25227,0.0,0.9993
9962.81,BTC-27MAR20,1581937142916,open,0.01,1175.7,0.0045,0.0315,0.01424149,64.21,0.013,0.0,BTC-27MAR20-8000-P,9737.38,63.09,0.0135,24.0,0.015,62.0,65.33,6.68161,-5.51789,-1.47425,0.0001,-0.12469
10223.48,BTC-26JUN20,1581937142917,open,0.97,0.1,0.928,1.0415,0.9787822,79.03,1.85,0.0,BTC-26JUN20-20000-P,9737.38,0.0,0.001,2.0,1.55,1.0,348.43,12.01541,-3.65549,-67.71083,4e-05,-0.88255
10223.48,BTC-26JUN20,1581937142917,open,0.01,567.9,0.0025,0.034,0.01224158,82.3,0.013,0.0,BTC-26JUN20-24000-C,9737.38,81.33,0.0115,15.0,0.013,6.0,83.25,7.9839,-2.52963,2.01901,3e-05,0.06774
10484.19,SYN.BTC-25SEP20,1581937142913,open,0.03,83.9,0.009,0.0575,0.02475117,80.54,0.027,0.0,BTC-25SEP20-28000-C,9737.38,79.64,0.0235,20.0,0.026,16.0,81.41,14.80974,-2.70009,5.07873,3e-05,0.1048
9962.81,BTC-27MAR20,1581937142917,open,0.4,22.0,0.386,0.4155,0.39972276,79.8,0.4455,0.0,BTC-27MAR20-6000-C,9737.38,0.0,0.3895,9.0,0.4095,9.0,115.01,1.49966,-1.53926,6.16927,2e-05,0.98111
10223.48,BTC-26JUN20,1581937142916,open,0.01,142.8,0.0005,0.021,0.00601252,87.01,0.0065,0.0,BTC-26JUN20-30000-C,9737.38,85.86,0.0055,46.0,0.0065,6.0,88.05,4.68926,-1.57078,1.04694,1e-05,0.03479
9962.81,BTC-27MAR20,1581937142917,open,0.0,200.0,0.0005,0.0105,0.000916,82.06,0.001,0.0,BTC-27MAR20-5500-P,9737.38,75.9,0.0005,68.0,0.0015,24.0,88.07,0.81549,-0.86068,-0.10871,1e-05,-0.00933
10484.19,SYN.BTC-25SEP20,1581937142913,open,0.96,0.1,0.902,1.039,0.96316445,76.11,1.21,0.0,BTC-25SEP20-20000-P,9737.38,0.0,0.0005,1.0,1.0,1.0,91.0,23.72484,-4.08773,-111.0139,5e-05,-0.78663
9962.81,BTC-27MAR20,1581937142917,open,0.0,216.8,0.0005,0.0105,0.00048921,113.66,0.0015,0.0,BTC-27MAR20-28000-C,9737.38,0.0,0.0,0.0,0.001,64.0,122.33,0.44132,-0.64514,0.04423,0.0,0.00466
10223.48,BTC-26JUN20,1581937142917,open,0.02,137.9,0.005,0.0405,0.01598998,80.3,0.0175,0.0,BTC-26JUN20-22000-C,9737.38,79.23,0.015,36.0,0.017,6.0,81.35,9.64281,-2.98088,2.57728,3e-05,0.08684
9962.81,BTC-27MAR20,1581937142917,open,0.0,267.1,0.0005,0.0105,0.00014891,113.71,0.0005,0.0,BTC-27MAR20-32000-C,9737.38,0.0,0.0,0.0,0.0005,2.3,126.36,0.16285,-0.23816,0.0148,0.0,0.00154
10223.48,BTC-26JUN20,1581937142917,open,0.43,12.5,0.3885,0.496,0.4371561,72.31,0.415,0.0,BTC-26JUN20-14000-P,9737.38,0.0,0.001,2.0,0.51,1.0,104.84,21.32792,-5.93742,-41.22415,8e-05,-0.69607
10223.48,BTC-26JUN20,1581937142917,open,0.61,1.6,0.561,0.6705,0.60998168,74.52,0.6,0.0,BTC-26JUN20-16000-P,9737.38,0.0,0.001,2.0,0.639,1.0,89.82,17.87348,-5.12788,-50.70473,6e-05,-0.78386
9742.49,SYN.BTC-18FEB20,1581937142912,open,0.0,42.9,0.0005,0.0105,0.00032786,55.3,0.0005,0.0,BTC-18FEB20-10250-C,9737.38,0.0,0.0,0.0,0.001,30.0,68.85,0.33683,-3.19422,0.00725,0.00027,0.03136
10484.19,SYN.BTC-25SEP20,1581937142915,open,0.61,1.9,0.5585,0.6885,0.61688684,73.0,0.6255,0.0,BTC-25SEP20-16000-P,9737.38,0.0,0.0005,1.0,0.65,0.5,84.5,29.26375,-4.83581,-82.11532,6e-05,-0.67741
10484.19,SYN.BTC-25SEP20,1581937142913,open,0.63,700.1,0.6135,0.6395,0.62469246,72.88,0.654,0.0,BTC-25SEP20-4000-C,9737.38,38.0,0.6185,8.0,0.635,8.0,90.75,4.55404,-0.75131,22.30876,1e-05,0.97632
9800.47,SYN.BTC-28FEB20,1581937142913,open,0.0,1336.8,0.0005,0.015,0.00397364,60.94,0.0045,0.0,BTC-28FEB20-8500-P,9737.38,59.04,0.0035,30.0,0.0045,20.0,62.94,2.51189,-7.03751,-0.24483,0.00014,-0.07987
9742.49,SYN.BTC-18FEB20,1581937142912,open,0.0,111.5,0.0005,0.0135,0.00150665,47.08,0.002,0.0,BTC-18FEB20-10000-C,9737.38,41.83,0.001,50.0,0.002,1.0,51.55,1.0171,-14.67852,0.03037,0.00095,0.13142
9742.49,SYN.BTC-18FEB20,1581937142913,open,0.0,35.6,0.0005,0.0105,1.25e-06,56.18,0.0005,0.0,BTC-18FEB20-10750-C,9737.38,0.0,0.0,0.0,0.0005,53.0,102.57,0.00334,-0.01214,4e-05,0.0,0.00018
9800.47,SYN.BTC-28FEB20,1581937142913,open,0.0,278.7,0.0005,0.0105,1.3e-07,76.69,0.001,0.0,BTC-28FEB20-5500-P,9737.38,0.0,0.0,0.0,0.0005,20.1,139.87,0.00037,-0.0013,-1e-05,0.0,0.0
9800.47,SYN.BTC-28FEB20,1581937142916,open,0.1,305.9,0.069,0.1155,0.091492,56.44,0.095,0.0,BTC-28FEB20-9000-C,9737.38,50.66,0.089,18.8,0.0975,18.8,68.91,4.40695,-11.43547,2.13341,0.00027,0.82207
9800.47,SYN.BTC-28FEB20,1581937142913,open,0.32,0.1,0.301,0.3595,0.32789928,82.33,0.3505,0.0,BTC-28FEB20-13000-P,9737.38,0.0,0.0055,0.1,0.0,0.0,0.0,1.07491,-4.0687,-3.79704,5e-05,-0.97237
10484.19,SYN.BTC-25SEP20,1581937142913,open,0.07,143.9,0.038,0.118,0.07000237,74.51,0.07,0.0,BTC-25SEP20-18000-C,9737.38,74.12,0.069,2.0,0.071,0.1,74.91,26.46645,-4.46435,12.06886,5e-05,0.26023
9742.49,SYN.BTC-18FEB20,1581937142913,open,0.0,47.6,0.0005,0.0105,0.00069162,51.59,0.0005,0.0,BTC-18FEB20-9375-P,9737.38,48.14,0.0005,30.0,0.001,0.5,56.24,0.58687,-6.73809,-0.01477,0.0005,-0.0625
9800.47,SYN.BTC-28FEB20,1581937142913,open,0.49,1.6,0.4795,0.4995,0.489826,108.67,0.4915,0.0,BTC-28FEB20-5000-C,9737.38,0.0,0.487,10.0,0.497,10.0,245.96,0.00769,-0.03844,1.48947,0.0,0.99988
9759.88,SYN.BTC-21FEB20,1581937142912,open,0.04,50.5,0.0185,0.0635,0.03581486,48.59,0.0405,0.0,BTC-21FEB20-9500-C,9737.38,47.69,0.0355,6.0,0.0385,6.0,56.1,3.42209,-21.45075,0.70246,0.0007,0.71365
9742.49,SYN.BTC-18FEB20,1581937142912,open,0.0,56.5,0.0005,0.02,0.00375221,43.5,0.004,0.0,BTC-18FEB20-9625-P,9737.38,38.85,0.003,24.0,0.0045,35.0,47.96,1.60889,-34.98982,-0.06654,0.00162,-0.28091
9742.49,SYN.BTC-18FEB20,1581937142913,open,0.1,0.0,0.082,0.1255,0.10340622,0.0,None,0.0,BTC-18FEB20-10750-P,9737.38,0.0,0.0875,5.0,0.1125,5.0,204.73,0.0,0.0,-0.25791,0.0,-1.0
10484.19,SYN.BTC-25SEP20,1581937142913,open,0.78,0.2,0.727,0.8605,0.78686829,74.51,1.02,0.0,BTC-25SEP20-18000-P,9737.38,0.0,0.0005,1.0,0.791,0.1,76.14,26.4659,-4.46414,-96.85649,5e-05,-0.73978
9742.49,SYN.BTC-18FEB20,1581937142913,open,0.0,124.3,0.0005,0.0135,0.00146147,45.91,0.0015,0.0,BTC-18FEB20-9500-P,9737.38,41.08,0.001,30.0,0.002,19.0,50.83,1.0029,-14.23835,-0.03044,0.00096,-0.12878
10484.19,SYN.BTC-25SEP20,1581937142913,open,0.01,446.4,0.004,0.03,0.01396896,69.13,0.0145,0.0,BTC-25SEP20-5000-P,9737.38,67.9,0.013,10.0,0.015,16.0,70.4,8.3997,-1.31452,-4.05288,2e-05,-0.04991
9742.49,SYN.BTC-18FEB20,1581937142912,open,0.01,171.3,0.0005,0.019,0.00346893,43.79,0.0035,0.0,BTC-18FEB20-9875-C,9737.38,40.84,0.003,24.0,0.004,3.0,47.04,1.57173,-33.79598,0.06181,0.00158,0.26792
9742.49,SYN.BTC-18FEB20,1581937142912,open,0.0,101.4,0.0005,0.0105,6.26e-06,56.1,0.0005,0.0,BTC-18FEB20-10625-C,9737.38,0.0,0.0,0.0,0.0005,53.0,92.37,0.01367,-0.06097,0.00019,1e-05,0.00084
10484.19,SYN.BTC-25SEP20,1581937142913,open,0.06,193.3,0.0275,0.1005,0.05553565,76.11,0.0555,0.0,BTC-25SEP20-20000-C,9737.38,75.88,0.055,3.0,0.056,4.9,76.32,23.72566,-4.08799,10.01434,5e-05,0.21338
10484.19,SYN.BTC-25SEP20,1581937142912,open,2.44,0.0,2.371,2.539,2.4474842,84.53,None,0.0,BTC-25SEP20-36000-P,9737.38,0.0,0.0005,1.0,0.0,0.0,0.0,9.82787,-1.88055,-214.85881,2e-05,-0.93911
9742.49,SYN.BTC-18FEB20,1581937142912,open,0.01,46.8,0.0005,0.0285,0.00861173,42.05,0.0075,0.0,BTC-18FEB20-9750-P,9737.38,36.36,0.0075,18.0,0.0095,30.0,46.6,1.90305,-40.01428,-0.12141,0.00199,-0.51082
10484.19,SYN.BTC-25SEP20,1581937142913,open,0.28,123.1,0.233,0.3195,0.2726805,68.1,0.2745,0.0,BTC-25SEP20-9000-C,9737.38,66.15,0.2675,7.8,0.274,7.0,68.59,27.92301,-4.30435,27.73733,6e-05,0.70987
9742.49,SYN.BTC-18FEB20,1581937142912,open,0.08,0.2,0.057,0.1,0.07777153,53.78,0.0675,0.0,BTC-18FEB20-10500-P,9737.38,0.0,0.0615,5.0,0.0865,5.0,170.42,0.03479,-0.93557,-0.25137,3e-05,-0.99767
9800.47,SYN.BTC-28FEB20,1581937142917,open,0.18,0.3,0.1525,0.2095,0.17883192,69.21,0.1175,0.0,BTC-28FEB20-11500-P,9737.38,0.0,0.0,0.0,0.0,0.0,0.0,2.97951,-9.48082,-3.14897,0.00015,-0.89951
9742.49,SYN.BTC-18FEB20,1581937142912,open,0.05,0.0,0.0315,0.07,0.05074058,51.96,None,0.0,BTC-18FEB20-9250-C,9737.38,0.0,0.038,6.0,0.065,6.0,178.06,0.2325,-6.04088,0.21717,0.0002,0.97985
9742.49,SYN.BTC-18FEB20,1581937142912,open,0.04,0.1,0.019,0.063,0.04019111,54.8,0.0355,0.0,BTC-18FEB20-10125-P,9737.38,0.0,0.0255,6.0,0.0475,6.0,113.77,0.69327,-18.99478,-0.22499,0.00056,-0.9224
10484.19,SYN.BTC-25SEP20,1581937142912,open,0.54,1.0,0.5205,0.5585,0.53706176,69.13,0.581,0.0,BTC-25SEP20-5000-C,9737.38,51.41,0.5265,8.0,0.5525,8.0,85.32,8.40007,-1.31461,26.2038,2e-05,0.95008
10484.19,SYN.BTC-25SEP20,1581937142913,open,0.12,433.9,0.0795,0.173,0.1200707,71.26,0.121,0.0,BTC-25SEP20-14000-C,9737.38,70.41,0.1175,8.8,0.1225,4.9,72.07,31.57833,-5.09395,17.9764,7e-05,0.40341
10484.19,SYN.BTC-25SEP20,1581937142913,open,0.09,333.7,0.0545,0.1415,0.0907838,73.0,0.0935,0.0,BTC-25SEP20-16000-C,9737.38,72.54,0.0895,1.0,0.092,0.1,73.44,29.26404,-4.83596,14.70713,6e-05,0.3226
10484.19,SYN.BTC-25SEP20,1581937142913,open,0.46,1.0,0.434,0.486,0.45715437,68.1,0.425,0.0,BTC-25SEP20-6000-C,9737.38,54.41,0.4415,7.0,0.478,7.0,82.72,13.64299,-2.10309,28.49692,3e-05,0.90632
9800.47,SYN.BTC-28FEB20,1581937142913,open,0.0,670.6,0.0005,0.0105,2.802e-05,76.57,0.0005,0.0,BTC-28FEB20-6500-P,9737.38,0.0,0.0,0.0,0.0005,0.5,102.64,0.04398,-0.15482,-0.00229,0.0,-0.00075
9800.47,SYN.BTC-28FEB20,1581937142913,open,0.01,1204.5,0.0005,0.026,0.0098052,56.42,0.0095,0.0,BTC-28FEB20-9000-P,9737.38,54.61,0.009,24.0,0.0105,20.0,57.95,4.40565,-11.42764,-0.54799,0.00027,-0.17785
9800.47,SYN.BTC-28FEB20,1581937142913,open,0.22,18.2,0.2015,0.2595,0.22816526,75.52,0.171,0.0,BTC-28FEB20-12000-P,9737.38,0.0,0.0,0.0,0.2295,5.0,80.93,2.23057,-7.74439,-3.38682,0.0001,-0.93163
9800.47,SYN.BTC-28FEB20,1581937142913,open,0.0,309.6,0.0005,0.0105,2.57e-06,76.62,0.0005,0.0,BTC-28FEB20-6000-P,9737.38,0.0,0.0,0.0,0.0005,43.0,120.55,0.00541,-0.01906,-0.00024,0.0,-8e-05
9800.47,SYN.BTC-28FEB20,1581937142913,open,0.34,15.3,0.3235,0.35,0.33680181,78.02,0.301,0.0,BTC-28FEB20-6500-C,9737.38,0.0,0.3365,0.1,0.3475,8.0,179.23,0.05253,-0.18843,1.93399,0.0,0.99908
9742.49,SYN.BTC-18FEB20,1581937142913,open,0.05,0.3,0.0315,0.075,0.05241168,55.04,0.045,0.0,BTC-18FEB20-10250-P,9737.38,0.0,0.036,5.0,0.061,5.0,136.91,0.33129,-9.1175,-0.2388,0.00026,-0.96926
9800.47,SYN.BTC-28FEB20,1581937142915,open,0.14,358.6,0.1165,0.1585,0.13667783,60.98,0.14,0.0,BTC-28FEB20-8500-C,9737.38,50.86,0.1345,16.3,0.143,16.3,80.59,2.51463,-7.04939,2.2875,0.00014,0.92002
9800.47,SYN.BTC-28FEB20,1581937142913,open,0.0,499.9,0.0005,0.012,0.00223287,78.68,0.002,0.0,BTC-28FEB20-12500-C,9737.38,77.13,0.002,30.0,0.0025,5.0,80.33,1.52806,-5.52706,0.11727,7e-05,0.04239
10484.19,SYN.BTC-25SEP20,1581937142913,open,0.39,5.2,0.3565,0.423,0.38676117,68.1,0.392,0.0,BTC-25SEP20-7000-C,9737.38,64.07,0.3795,7.0,0.406,7.0,78.27,19.19305,-2.95863,29.25605,4e-05,0.84789
10484.19,SYN.BTC-25SEP20,1581937142913,open,0.17,367.7,0.1205,0.217,0.16372804,69.7,0.1665,0.0,BTC-25SEP20-12000-C,9737.38,68.98,0.1615,8.5,0.166,3.6,70.43,32.52872,-5.1324,21.89228,7e-05,0.50879
9742.49,SYN.BTC-18FEB20,1581937142912,open,0.0,16.0,0.0005,0.0105,3.711e-05,51.64,0.0005,0.0,BTC-18FEB20-9125-P,9737.38,0.0,0.0,0.0,0.0005,23.3,74.2,0.06455,-0.36156,-0.00109,5e-05,-0.00464
9800.47,SYN.BTC-28FEB20,1581937142915,open,0.39,1.1,0.3755,0.3995,0.38779377,83.23,0.3535,0.0,BTC-28FEB20-6000-C,9737.38,0.0,0.381,9.0,0.397,9.0,199.3,0.01544,-0.05906,1.78705,0.0,0.99976
9742.49,SYN.BTC-18FEB20,1581937142913,open,0.03,2.2,0.0065,0.0465,0.0263594,45.99,0.0255,0.0,BTC-18FEB20-9500-C,9737.38,42.31,0.026,6.0,0.0285,6.0,63.4,1.00509,-23.10963,0.19738,0.00096,0.87082
9800.47,SYN.BTC-28FEB20,1581937142913,open,0.0,878.4,0.0005,0.011,0.00144687,82.46,0.0015,0.0,BTC-28FEB20-13000-C,9737.38,77.93,0.001,50.0,0.002,35.0,86.98,1.0816,-4.10045,0.07706,5e-05,0.02783
9800.47,SYN.BTC-28FEB20,1581937142912,open,0.0,789.7,0.0005,0.0105,0.0001926,76.53,0.0005,0.0,BTC-28FEB20-7000-P,9737.38,0.0,0.0,0.0,0.001,50.5,94.72,0.22182,-0.78044,-0.01365,1e-05,-0.00448
9800.47,SYN.BTC-28FEB20,1581937142916,open,0.24,97.1,0.2195,0.2535,0.23565208,76.61,0.275,0.0,BTC-28FEB20-7500-C,9737.38,0.0,0.2345,0.1,0.2465,7.0,132.1,0.76099,-2.68011,2.17848,3e-05,0.98166
9800.47,SYN.BTC-28FEB20,1581937142913,open,0.01,504.7,0.0005,0.019,0.00543171,69.25,0.0055,0.0,BTC-28FEB20-11500-C,9737.38,67.81,0.005,0.1,0.006,50.1,71.08,2.9827,-9.49666,0.27801,0.00015,0.10064
10484.19,SYN.BTC-25SEP20,1581937142916,open,0.01,425.6,0.0005,0.016,0.00621822,72.88,0.0065,0.0,BTC-25SEP20-4000-P,9737.38,71.17,0.0055,10.0,0.007,541.3,74.62,4.55361,-0.75121,-1.89656,1e-05,-0.02368
9742.49,SYN.BTC-18FEB20,1581937142913,open,0.09,0.2,0.0695,0.113,0.09058094,0.0,0.0755,0.0,BTC-18FEB20-10625-P,9737.38,0.0,0.0745,5.0,0.0995,5.0,187.84,0.0,0.0,-0.25491,0.0,-1.0
9742.49,SYN.BTC-18FEB20,1581937142912,open,0.04,0.0,0.0185,0.0585,0.03841984,51.73,None,0.0,BTC-18FEB20-9375-C,9737.38,0.0,0.0245,6.0,0.0525,6.0,156.2,0.59041,-15.27044,0.21004,0.0005,0.93702
10484.19,SYN.BTC-25SEP20,1581937142916,open,1.32,7.0,1.262,1.404,1.32517249,78.46,1.35,0.0,BTC-25SEP20-24000-P,9737.38,0.0,0.0005,1.0,1.49,1.0,141.96,18.71407,-3.32381,-138.22624,4e-05,-0.85354
9742.49,SYN.BTC-18FEB20,1581937142912,open,0.06,0.2,0.0445,0.0875,0.06501543,55.04,0.0555,0.0,BTC-18FEB20-10375-P,9737.38,0.0,0.049,5.0,0.0735,5.0,152.38,0.12911,-3.55292,-0.24656,0.0001,-0.98983
10484.19,SYN.BTC-25SEP20,1581937142913,open,0.33,75.4,0.2895,0.3675,0.32538033,68.1,0.33,0.0,BTC-25SEP20-8000-C,9737.38,66.4,0.3215,7.6,0.327,14.6,68.8,24.08935,-3.71339,28.90238,5e-05,0.78094
9800.47,SYN.BTC-28FEB20,1581937142915,open,0.0,903.7,0.0005,0.0105,0.00091308,76.5,0.001,0.0,BTC-28FEB20-7500-P,9737.38,70.09,0.0005,54.0,0.0015,50.5,82.95,0.75668,-2.66123,-0.05587,3e-05,-0.01822
9742.49,SYN.BTC-18FEB20,1581937142913,open,0.02,39.7,0.001,0.0385,0.01706187,43.74,0.015,0.0,BTC-18FEB20-9875-P,9737.38,33.45,0.0155,6.0,0.018,6.0,49.42,1.57098,-34.35649,-0.17516,0.00158,-0.73233
9800.47,SYN.BTC-28FEB20,1581937142913,open,0.0,248.8,0.0005,0.0105,0.0,76.77,0.0005,0.0,BTC-28FEB20-5000-P,9737.38,0.0,0.0,0.0,0.0005,20.6,160.93,1e-05,-3e-05,0.0,0.0,0.0
9800.47,SYN.BTC-28FEB20,1581937142917,open,0.44,4.1,0.4275,0.4495,0.43880873,94.63,0.414,0.0,BTC-28FEB20-5500-C,9737.38,0.0,0.4325,9.0,0.447,9.0,222.22,0.00969,-0.04217,1.63835,0.0,0.99985
10484.19,SYN.BTC-25SEP20,1581937142913,open,0.45,98.5,0.399,0.5235,0.45541086,71.26,0.455,0.0,BTC-25SEP20-14000-P,9737.38,0.0,0.001,1.0,0.4675,1.1,75.25,31.57822,-5.09385,-66.74315,7e-05,-0.59659
10484.19,SYN.BTC-25SEP20,1581937142916,open,1.69,0.0,1.629,1.7775,1.69543149,80.53,None,0.0,BTC-25SEP20-28000-P,9737.38,0.0,0.0005,1.0,0.0,0.0,0.0,14.80739,-2.69948,-164.36114,3e-05,-0.89522
9800.47,SYN.BTC-28FEB20,1581937142916,open,0.02,598.7,0.004,0.036,0.01599743,59.62,0.016,0.0,BTC-28FEB20-10500-C,9737.38,58.74,0.0155,36.0,0.016,9.5,59.62,5.57408,-15.27793,0.73626,0.00033,0.26813
9800.47,SYN.BTC-28FEB20,1581937142913,open,0.19,264.0,0.1675,0.2055,0.1857931,69.91,0.187,0.0,BTC-28FEB20-8000-C,9737.38,0.0,0.182,14.0,0.191,14.0,93.66,1.4792,-4.75448,2.25872,7e-05,0.95928
10484.19,SYN.BTC-25SEP20,1581937142912,open,0.01,123.4,0.004,0.0385,0.01375236,84.54,0.0155,0.0,BTC-25SEP20-36000-C,9737.38,83.72,0.013,24.0,0.0145,6.0,85.32,9.83203,-1.88158,2.99266,2e-05,0.06092
10484.19,SYN.BTC-25SEP20,1581937142913,open,2.06,0.0,1.9995,2.157,2.0704607,82.77,None,0.0,BTC-25SEP20-32000-P,9737.38,0.0,0.0005,1.0,0.0,0.0,0.0,12.02272,-2.25272,-189.78292,2e-05,-0.92089
9742.49,SYN.BTC-18FEB20,1581937142912,open,0.0,62.4,0.0005,0.0115,0.00093758,54.92,0.0005,0.0,BTC-18FEB20-10125-C,9737.38,47.83,0.0005,55.3,0.0015,70.0,61.91,0.69647,-9.13441,0.01803,0.00056,0.07808
9800.47,SYN.BTC-28FEB20,1581937142915,open,0.0,1010.2,0.0005,0.012,0.00207151,69.86,0.0025,0.0,BTC-28FEB20-8000-P,9737.38,69.38,0.002,10.0,0.0025,50.0,72.55,1.47573,-4.73936,-0.12463,7e-05,-0.04061
9800.47,SYN.BTC-28FEB20,1581937142916,open,0.27,7.0,0.251,0.309,0.27766788,78.59,0.254,0.0,BTC-28FEB20-12500-P,9737.38,0.0,0.0,0.0,0.0,0.0,0.0,1.52258,-5.50107,-3.60779,7e-05,-0.9578
9800.47,SYN.BTC-28FEB20,1581937142915,open,0.29,60.7,0.2715,0.301,0.28594899,76.86,0.31,0.0,BTC-28FEB20-7000-C,9737.38,0.0,0.2855,0.1,0.298,8.0,158.99,0.22816,-0.80623,2.07166,1e-05,0.99538
9800.47,SYN.BTC-28FEB20,1581937142915,open,0.01,999.2,0.0005,0.026,0.00920532,64.64,0.0085,0.0,BTC-28FEB20-11000-C,9737.38,64.16,0.009,0.1,0.0095,0.1,65.33,4.17956,-12.42144,0.45144,0.00023,0.1638
9800.47,SYN.BTC-28FEB20,1581937142941,open,0.03,1069.3,0.0085,0.0465,0.02352426,54.36,0.024,0.0,BTC-28FEB20-9500-P,9737.38,52.76,0.0225,24.0,0.0245,2.0,55.88,6.28179,-15.69819,-1.09784,0.0004,-0.35242
9800.47,SYN.BTC-28FEB20,1581937142947,open,0.03,1069.3,0.0085,0.0465,0.02352426,54.36,0.024,0.0,BTC-28FEB20-9500-P,9737.38,52.76,0.0225,24.0,0.0245,22.0,55.88,6.28179,-15.69819,-1.09784,0.0004,-0.35242
10484.19,SYN.BTC-25SEP20,1581937143033,open,0.06,188.2,0.0315,0.0875,0.05443125,68.1,0.05,0.0,BTC-25SEP20-7000-P,9737.38,65.65,0.05,17.5,0.053,15.5,67.31,19.1929,-2.95856,-13.10343,4e-05,-0.1521
248.58,SYN.ETH-21FEB20,1581937143148,open,0.09,227.0,0.054,0.122,0.088527,102.97,0.168,0.0,ETH-21FEB20-230-C,248.01,94.36,0.086,60.0,0.093,60.0,117.27,0.07508,-0.99742,0.01835,0.01111,0.78383
249.61,SYN.ETH-28FEB20,1581937143150,open,0.01,4091.0,0.001,0.027,0.009213,106.88,0.01,0.0,ETH-28FEB20-200-P,248.01,102.67,0.008,300.0,0.011,600.0,112.63,0.07449,-0.36602,-0.00797,0.00375,-0.09796
249.61,SYN.ETH-28FEB20,1581937143153,open,0.09,527.0,0.054,0.137,0.093844,101.3,0.086,0.0,ETH-28FEB20-260-P,248.01,92.69,0.088,180.0,0.096,180.0,104.45,0.17007,-0.7921,-0.04848,0.00904,-0.55795
248.58,SYN.ETH-21FEB20,1581937143157,open,0.04,1345.0,0.014,0.082,0.045219,102.72,0.046,0.0,ETH-21FEB20-250-P,248.01,89.96,0.04,180.0,0.048,202.0,109.42,0.10219,-1.35421,-0.0144,0.01516,-0.50035
249.61,SYN.ETH-28FEB20,1581937143157,open,0.09,527.0,0.054,0.137,0.093844,101.3,0.086,0.0,ETH-28FEB20-260-P,248.01,92.69,0.088,377.0,0.096,180.0,104.45,0.17007,-0.7921,-0.04848,0.00904,-0.55795
249.61,SYN.ETH-28FEB20,1581937143161,open,0.07,2196.0,0.031,0.1,0.065141,95.74,0.084,0.0,ETH-28FEB20-250-C,248.01,94.1,0.064,433.0,0.072,180.0,105.75,0.17143,-0.75458,0.03451,0.00965,0.52917
249.61,SYN.ETH-28FEB20,1581937143470,open,0.21,2305.0,0.178,0.239,0.207963,106.86,0.219,0.0,ETH-28FEB20-200-C,248.01,0.0,0.198,18.0,0.225,20.0,152.7,0.07446,-0.36582,0.05162,0.00375,0.90208
253.73,ETH-27MAR20,1581937143480,open,0.9,0.0,0.841,0.976,0.904265,121.96,None,0.0,ETH-27MAR20-480-P,248.01,0.0,0.004,50.0,0.0,0.0,0.0,0.12352,-0.19376,-0.4929,0.00148,-0.91964
263.29,ETH-26JUN20,1581937143480,open,1.45,0.0,1.374,1.565,1.463216,104.39,None,0.0,ETH-26JUN20-640-P,248.01,0.0,0.01,50.0,0.0,0.0,0.0,0.33647,-0.13522,-2.18362,0.00131,-0.8676
263.29,ETH-26JUN20,1581937143488,open,1.02,0.0,0.943,1.116,1.024984,99.09,None,0.0,ETH-26JUN20-520-P,248.01,0.0,0.01,50.0,0.0,0.0,0.0,0.43442,-0.16573,-1.71344,0.00178,-0.80396
263.29,ETH-26JUN20,1581937143492,open,0.87,0.0,0.803,0.971,0.883095,97.6,None,0.0,ETH-26JUN20-480-P,248.01,0.0,0.01,50.0,0.0,0.0,0.0,0.47635,-0.17899,-1.54914,0.00198,-0.77047
263.29,ETH-26JUN20,1581937143501,open,1.16,0.0,1.085,1.264,1.169385,100.73,None,0.0,ETH-26JUN20-560-P,248.01,0.0,0.01,50.0,0.0,0.0,0.0,0.39692,-0.15393,-1.87344,0.0016,-0.83034
253.73,ETH-27MAR20,1581937143528,open,0.46,653.0,0.433,0.475,0.453595,110.03,0.507,0.0,ETH-27MAR20-140-C,248.01,0.0,0.448,53.0,0.467,21.0,148.59,0.0613,-0.08675,0.13869,0.00081,0.96678
253.73,ETH-27MAR20,1581937143533,open,0.74,0.0,0.69,0.818,0.750114,115.98,None,0.0,ETH-27MAR20-440-P,248.01,0.0,0.003,50.0,1.101,1.0,416.33,0.14838,-0.22134,-0.44515,0.00187,-0.8971
271.18,SYN.ETH-25SEP20,1581937143537,open,0.36,498.0,0.302,0.41,0.357502,91.9,0.383,0.0,ETH-25SEP20-220-C,248.01,88.12,0.348,120.0,0.361,261.0,93.29,0.68131,-0.14174,0.63121,0.00167,0.74215
253.73,ETH-27MAR20,1581937143542,open,1.05,0.0,0.992,1.134,1.058516,125.0,None,0.0,ETH-27MAR20-520-P,248.01,0.0,0.006,50.0,0.0,0.0,0.0,0.09861,-0.15853,-0.5401,0.00115,-0.94002
263.29,ETH-26JUN20,1581937143551,open,0.06,1358.0,0.032,0.097,0.06193,90.45,0.061,0.0,ETH-26JUN20-180-P,248.01,87.78,0.058,589.0,0.066,589.0,93.18,0.38967,-0.13569,-0.21248,0.00175,-0.16487
253.73,ETH-27MAR20,1581937143553,open,0.38,2437.0,0.355,0.407,0.380278,104.39,0.4,0.0,ETH-27MAR20-160-C,248.01,0.0,0.369,21.0,0.396,20.0,135.6,0.10346,-0.1389,0.15024,0.00145,0.93622
271.18,SYN.ETH-25SEP20,1581937143553,open,0.14,242.0,0.082,0.198,0.137682,94.32,0.156,0.0,ETH-25SEP20-440-C,248.01,92.4,0.132,492.0,0.143,282.0,96.1,0.80626,-0.17215,0.40558,0.00192,0.38484
253.73,ETH-27MAR20,1581937143555,open,1.36,0.0,1.297,1.449,1.368603,125.0,None,0.0,ETH-27MAR20-600-P,248.01,0.0,0.03,50.0,0.0,0.0,0.0,0.05374,-0.0864,-0.63244,0.00063,-0.97166
249.61,SYN.ETH-28FEB20,1581937143555,open,0.03,391.0,0.01,0.063,0.032611,97.53,0.03,0.0,ETH-28FEB20-230-P,248.01,93.05,0.03,240.0,0.035,240.0,101.6,0.1461,-0.65512,-0.02357,0.00807,-0.28428
263.29,ETH-26JUN20,1581937143561,open,1.3,0.0,1.229,1.413,1.315277,102.25,None,0.0,ETH-26JUN20-600-P,248.01,0.0,0.01,50.0,0.0,0.0,0.0,0.36277,-0.14281,-2.03049,0.00144,-0.85209
253.73,ETH-27MAR20,1581937143561,open,0.59,6.0,0.54,0.664,0.598885,110.95,0.6,0.0,ETH-27MAR20-400-P,248.01,0.0,0.5,1.0,1.0,1.0,443.95,0.18515,-0.26421,-0.394,0.00243,-0.85905
253.73,ETH-27MAR20,1581937143561,open,1.51,0.0,1.45,1.609,1.524927,125.0,None,0.0,ETH-27MAR20-640-P,248.01,0.0,0.01,50.0,0.0,0.0,0.0,0.03926,-0.06312,-0.67708,0.00046,-0.98049
271.18,SYN.ETH-25SEP20,1581937143561,open,0.33,171.0,0.266,0.38,0.324338,91.9,0.357,0.0,ETH-25SEP20-240-C,248.01,88.81,0.316,220.0,0.328,262.0,93.26,0.73196,-0.15227,0.61868,0.00179,0.70135
271.18,SYN.ETH-25SEP20,1581937143561,open,0.16,451.0,0.101,0.222,0.160207,93.58,0.171,0.0,ETH-25SEP20-400-C,248.01,91.55,0.154,489.0,0.166,279.0,95.47,0.8295,-0.17572,0.44687,0.00199,0.43252
249.61,SYN.ETH-28FEB20,1581937143563,open,0.06,1645.0,0.032,0.105,0.066703,95.76,0.061,0.0,ETH-28FEB20-250-P,248.01,91.82,0.064,424.0,0.07,1.0,100.56,0.17143,-0.7547,-0.03998,0.00964,-0.47082
263.29,ETH-26JUN20,1581937143566,open,0.74,0.0,0.666,0.828,0.744211,96.05,None,0.0,ETH-26JUN20-440-P,248.01,0.0,0.01,50.0,0.0,0.0,0.0,0.52027,-0.19239,-1.38016,0.0022,-0.72898
271.18,SYN.ETH-25SEP20,1581937143566,open,0.4,270.0,0.343,0.443,0.394401,91.9,0.42,0.0,ETH-25SEP20-200-C,248.01,88.22,0.386,120.0,0.398,260.0,93.48,0.61923,-0.12882,0.63815,0.00151,0.78328
10223.71,BTC-26JUN20,1581937143920,open,0.52,0.0,0.5035,0.5345,0.51728068,73.13,None,0.0,BTC-26JUN20-5000-C,9737.61,39.74,0.511,8.0,0.529,8.0,93.66,4.33182,-1.21956,16.41104,2e-05,0.9684
10223.71,BTC-26JUN20,1581937143921,open,0.1,754.1,0.065,0.138,0.09668544,67.11,0.0925,0.0,BTC-26JUN20-9000-P,9737.61,65.58,0.0935,16.5,0.098,8.4,67.74,21.26817,-5.4947,-14.50397,9e-05,-0.30201
9742.49,SYN.BTC-18FEB20,1581937143920,open,0.0,15.4,0.0005,0.0105,5.74e-06,51.64,0.0005,0.0,BTC-18FEB20-9000-P,9737.61,0.0,0.0,0.0,0.0005,30.3,86.95,0.01348,-0.05595,-0.00019,1e-05,-0.00083
10223.71,BTC-26JUN20,1581937143955,open,0.52,0.0,0.5035,0.5345,0.51728068,73.13,None,0.0,BTC-26JUN20-5000-C,9737.61,39.74,0.511,8.1,0.529,8.0,93.66,4.33182,-1.21956,16.41104,2e-05,0.9684
263.28,ETH-26JUN20,1581937143987,open,1.6,0.0,1.518,1.714,1.610113,104.83,None,0.0,ETH-26JUN20-680-P,248.0,0.0,0.0,0.0,0.0,0.0,0.0,0.3032,-0.12236,-2.33827,0.00117,-0.88587
248.58,SYN.ETH-21FEB20,1581937143986,open,0.2,2.0,0.171,0.222,0.196332,106.96,0.285,0.0,ETH-21FEB20-200-C,248.0,0.0,0.179,16.0,0.214,16.0,221.48,0.01307,-0.18034,0.02065,0.00186,0.97872
248.58,SYN.ETH-21FEB20,1581937143986,open,0.36,1.0,0.337,0.375,0.356345,107.54,0.37,0.0,ETH-21FEB20-160-C,248.0,0.0,0.347,18.0,0.367,18.0,317.07,3e-05,-0.00042,0.01699,0.0,0.99997
248.58,SYN.ETH-21FEB20,1581937143986,open,0.0,1325.0,0.001,0.019,0.003808,120.11,0.004,0.0,ETH-21FEB20-300-C,248.0,114.07,0.003,300.0,0.005,5.0,127.91,0.03534,-0.54757,0.00181,0.00448,0.07252
248.58,SYN.ETH-21FEB20,1581937143986,open,0.04,551.0,0.01,0.072,0.039507,102.66,0.043,0.0,ETH-21FEB20-250-C,248.0,94.12,0.036,433.0,0.044,203.0,113.58,0.10219,-1.35335,0.01214,0.01517,0.49962
248.58,SYN.ETH-21FEB20,1581937143986,open,0.0,236.0,0.001,0.011,0.000239,107.27,0.001,0.0,ETH-21FEB20-190-P,248.0,0.0,0.0,0.0,0.002,10.0,146.83,0.00464,-0.05936,-0.00018,0.00066,-0.00645
248.58,SYN.ETH-21FEB20,1581937143986,open,0.03,431.0,0.004,0.054,0.024666,104.37,0.027,0.0,ETH-21FEB20-260-C,248.0,97.4,0.022,510.0,0.027,100.0,110.41,0.09564,-1.28777,0.0088,0.01397,0.35798
248.58,SYN.ETH-21FEB20,1581937143986,open,0.0,741.0,0.001,0.011,1e-06,107.43,0.001,0.0,ETH-21FEB20-160-P,248.0,0.0,0.0,0.0,0.001,1.0,201.22,3e-05,-0.00017,0.0,0.0,-3e-05
248.58,SYN.ETH-21FEB20,1581937143986,open,0.16,32.0,0.13,0.186,0.157891,106.28,0.175,0.0,ETH-21FEB20-210-C,248.0,0.0,0.138,15.0,0.177,15.0,199.35,0.02865,-0.39288,0.02077,0.00411,0.94461
248.58,SYN.ETH-21FEB20,1581937143986,open,0.0,23.0,0.001,0.011,7e-06,107.41,0.001,0.0,ETH-21FEB20-170-P,248.0,0.0,0.0,0.0,0.001,49.0,176.52,0.00023,-0.00173,-1e-05,3e-05,-0.00024
248.58,SYN.ETH-21FEB20,1581937143986,open,0.0,248.0,0.001,0.011,0.000901,106.96,0.003,0.0,ETH-21FEB20-200-P,248.0,0.0,0.0,0.0,0.003,300.0,133.54,0.01307,-0.18033,-0.00059,0.00186,-0.02128
249.61,SYN.ETH-28FEB20,1581937143986,open,0.12,215.0,0.079,0.167,0.121843,103.34,0.091,0.0,ETH-28FEB20-270-P,248.0,84.66,0.11,154.0,0.134,169.0,121.85,0.16162,-0.76782,-0.05645,0.00842,-0.63721
248.58,SYN.ETH-21FEB20,1581937143986,open,0.28,14.0,0.254,0.297,0.275936,107.37,0.35,0.0,ETH-21FEB20-180-C,248.0,0.0,0.265,17.0,0.294,17.0,290.53,0.00123,-0.01705,0.01907,0.00017,0.99852
248.58,SYN.ETH-21FEB20,1581937143986,open,0.01,1874.0,0.001,0.032,0.009657,112.22,0.012,0.0,ETH-21FEB20-280-C,248.0,105.54,0.008,240.0,0.012,240.0,121.01,0.06375,-0.9229,0.00412,0.00866,0.16566
248.58,SYN.ETH-21FEB20,1581937143986,open,0.17,717.0,0.134,0.215,0.172286,114.19,0.21,0.0,ETH-21FEB20-290-P,248.0,0.0,0.057,5.0,0.0,0.0,0.0,0.04673,-0.68842,-0.02816,0.00624,-0.89452
248.58,SYN.ETH-21FEB20,1581937143987,open,0.32,0.0,0.295,0.336,0.316123,107.42,None,0.0,ETH-21FEB20-170-C,248.0,0.0,0.306,17.0,0.328,17.0,290.17,0.00023,-0.00323,0.01804,3e-05,0.99976
248.58,SYN.ETH-21FEB20,1581937143986,open,0.0,355.0,0.001,0.011,4.8e-05,107.37,0.001,0.0,ETH-21FEB20-180-P,248.0,0.0,0.0,0.0,0.001,5.0,153.01,0.00123,-0.01191,-4e-05,0.00017,-0.00147
248.58,SYN.ETH-21FEB20,1581937143986,open,0.21,14.0,0.172,0.254,0.210662,120.11,0.082,0.0,ETH-21FEB20-300-P,248.0,0.0,0.081,1.0,0.0,0.0,0.0,0.03534,-0.54757,-0.03004,0.00448,-0.92748
248.58,SYN.ETH-21FEB20,1581937143986,open,0.12,835.0,0.09,0.153,0.121299,103.7,0.195,0.0,ETH-21FEB20-220-C,248.0,0.0,0.108,16.0,0.142,16.0,181.15,0.04995,-0.66828,0.02014,0.00734,0.88424
248.58,SYN.ETH-21FEB20,1581937143986,open,0.24,47.0,0.213,0.259,0.235898,107.27,0.321,0.0,ETH-21FEB20-190-C,248.0,0.0,0.225,16.0,0.251,16.0,240.93,0.00464,-0.06425,0.02,0.00066,0.99355
249.61,SYN.ETH-28FEB20,1581937143988,open,0.09,1915.0,0.05,0.122,0.086354,96.82,0.113,0.0,ETH-28FEB20-240-C,248.0,93.22,0.084,180.0,0.093,180.0,106.95,0.16339,-0.72728,0.04006,0.00909,0.62494
271.18,SYN.ETH-25SEP20,1581937144001,open,0.71,1.0,0.699,0.727,0.712397,93.91,0.684,0.0,ETH-25SEP20-80-C,248.0,68.09,0.706,31.0,0.725,31.0,118.35,0.10585,-0.0225,0.43772,0.00025,0.97914
248.58,SYN.ETH-21FEB20,1581937144907,open,0.09,227.0,0.054,0.122,0.088527,102.93,0.168,0.0,ETH-21FEB20-230-C,248.0,94.36,0.086,60.0,0.094,60.0,120.36,0.07506,-0.99674,0.01835,0.01111,0.78392
249.61,SYN.ETH-28FEB20,1581937144908,open,0.01,4091.0,0.001,0.027,0.009213,106.86,0.01,0.0,ETH-28FEB20-200-P,248.0,99.01,0.007,600.0,0.011,600.0,112.63,0.07446,-0.36581,-0.00797,0.00375,-0.09792
249.61,SYN.ETH-28FEB20,1581937144910,open,0.09,527.0,0.054,0.137,0.093844,101.29,0.086,0.0,ETH-28FEB20-260-P,248.0,92.69,0.088,197.0,0.096,180.0,104.45,0.17007,-0.79196,-0.04848,0.00904,-0.55797
248.58,SYN.ETH-21FEB20,1581937144914,open,0.04,1345.0,0.014,0.082,0.045219,102.66,0.046,0.0,ETH-21FEB20-250-P,248.0,89.96,0.04,180.0,0.047,180.0,106.99,0.10219,-1.35335,-0.0144,0.01517,-0.50038
248.58,SYN.ETH-21FEB20,1581937144916,open,0.04,1345.0,0.014,0.082,0.045219,102.66,0.046,0.0,ETH-21FEB20-250-P,248.0,89.96,0.04,421.0,0.047,180.0,106.99,0.10219,-1.35335,-0.0144,0.01517,-0.50038
249.61,SYN.ETH-28FEB20,1581937144918,open,0.07,2196.0,0.031,0.1,0.065141,95.76,0.084,0.0,ETH-28FEB20-250-C,248.0,94.1,0.064,433.0,0.073,180.0,107.21,0.17143,-0.7547,0.03451,0.00964,0.52918
249.61,SYN.ETH-28FEB20,1581937144931,open,0.07,2196.0,0.031,0.1,0.065141,95.76,0.084,0.0,ETH-28FEB20-250-C,248.0,94.1,0.064,433.0,0.073,433.0,107.21,0.17143,-0.7547,0.03451,0.00964,0.52918
9962.77,BTC-27MAR20,1581937145342,open,0.21,1026.9,0.189,0.236,0.21125613,64.22,0.2345,0.0,BTC-27MAR20-8000-C,9737.61,51.96,0.204,8.0,0.2315,8.0,90.0,6.68234,-5.51896,7.0462,0.0001,0.87529
9962.77,BTC-27MAR20,1581937145381,open,0.21,1026.9,0.189,0.236,0.21125613,64.22,0.2345,0.0,BTC-27MAR20-8000-C,9737.61,53.89,0.205,8.0,0.2315,8.0,90.0,6.68234,-5.51896,7.0462,0.0001,0.87529
9760.07,SYN.BTC-21FEB20,1581937145933,open,0.0,332.8,0.0005,0.0105,0.00071097,69.97,0.001,0.0,BTC-21FEB20-8500-P,9737.43,66.13,0.0005,30.0,0.001,10.4,74.23,0.59563,-5.37681,-0.02706,8e-05,-0.0254
9760.07,SYN.BTC-21FEB20,1581937145933,open,0.2,0.0,0.1805,0.231,0.20427339,80.2,None,0.0,BTC-21FEB20-11750-P,9737.43,0.0,0.0,0.0,0.0,0.0,0.0,0.35366,-3.65902,-1.2338,4e-05,-0.98624
10223.68,BTC-26JUN20,1581937145935,open,0.01,485.4,0.0005,0.029,0.00962165,84.2,0.01,0.0,BTC-26JUN20-26000-C,9737.43,83.23,0.009,15.0,0.01,6.0,84.77,6.68634,-2.16741,1.6144,2e-05,0.054
9760.07,SYN.BTC-21FEB20,1581937145933,open,0.02,1253.8,0.0065,0.048,0.01944284,48.57,0.0195,0.0,BTC-21FEB20-9750-P,9737.43,47.49,0.019,0.2,0.0195,0.2,48.71,4.0081,-25.11502,-0.51946,0.00082,-0.48179
10223.68,BTC-26JUN20,1581937145935,open,0.01,452.0,0.0005,0.017,0.00635091,73.16,0.0065,0.0,BTC-26JUN20-5000-P,9737.43,71.07,0.0055,37.0,0.0075,37.5,75.74,4.33587,-1.22113,-1.38185,2e-05,-0.03163
9962.93,BTC-27MAR20,1581937145936,open,2.2,0.0,2.1495,2.2785,2.21210701,116.5,None,0.0,BTC-27MAR20-32000-P,9737.43,0.0,0.0005,1.0,0.0,0.0,0.0,0.20572,-0.30824,-34.06375,0.0,-0.998
9962.93,BTC-27MAR20,1581937145936,open,0.04,895.3,0.0195,0.0635,0.03775524,61.96,0.037,0.0,BTC-27MAR20-9000-P,9737.43,60.8,0.0365,19.3,0.0385,30.9,62.64,10.80997,-8.61417,-3.29744,0.00017,-0.27299
10223.68,BTC-26JUN20,1581937145936,open,0.11,526.3,0.0705,0.1505,0.10580194,70.04,0.1065,0.0,BTC-26JUN20-12000-C,9737.43,69.27,0.104,14.2,0.1075,10.1,70.76,23.96163,-6.46066,11.81939,9e-05,0.4307
10223.68,BTC-26JUN20,1581937145936,open,0.05,325.0,0.0215,0.082,0.04496399,74.52,0.0465,0.0,BTC-26JUN20-16000-C,9737.43,73.68,0.0435,19.0,0.0465,17.9,75.4,17.87494,-5.12845,6.22779,6e-05,0.21616
9760.07,SYN.BTC-21FEB20,1581937145933,open,0.13,0.7,0.1055,0.156,0.12881214,71.94,0.1175,0.0,BTC-21FEB20-11000-P,9737.43,0.0,0.109,5.0,0.1345,5.0,103.58,1.15838,-10.75053,-1.11028,0.00016,-0.94252
9962.93,BTC-27MAR20,1581937145936,open,0.08,741.3,0.0555,0.1155,0.0824658,61.89,0.0845,0.0,BTC-27MAR20-10000-P,9737.43,61.15,0.0815,14.4,0.0835,1.0,62.69,12.92731,-10.29008,-5.83148,0.0002,-0.46708
9760.07,SYN.BTC-21FEB20,1581937145933,open,0.04,559.9,0.0175,0.065,0.03625626,52.38,0.0355,0.0,BTC-21FEB20-10000-P,9737.43,47.66,0.0345,0.2,0.036,0.1,51.7,3.66904,-24.79485,-0.72553,0.00069,-0.66382
9760.07,SYN.BTC-21FEB20,1581937145933,open,0.08,80.2,0.06,0.102,0.08032597,58.86,0.1115,0.0,BTC-21FEB20-9000-C,9737.43,0.0,0.0675,7.0,0.0935,7.0,111.58,1.57602,-11.96715,0.86419,0.00026,0.9142
9962.75,BTC-27MAR20,1581937145936,open,0.31,584.5,0.285,0.3215,0.302148,69.16,0.3545,0.0,BTC-27MAR20-7000-C,9737.43,0.0,0.29,8.0,0.316,8.0,98.85,3.18132,-2.82978,6.9083,4e-05,0.95319
10223.5,BTC-26JUN20,1581937145936,open,1.74,0.0,1.6875,1.816,1.74624988,85.5,None,0.0,BTC-26JUN20-28000-P,9737.43,0.0,0.0,0.0,0.0,0.0,0.0,5.53952,-1.82349,-98.34929,2e-05,-0.95731
9962.75,BTC-27MAR20,1581937145936,open,2.4,0.0,2.346,2.483,2.41278899,113.0,None,0.0,BTC-27MAR20-34000-P,9737.43,0.0,0.0005,1.0,0.0,0.0,0.0,0.09256,-0.13453,-36.20495,0.0,-0.99917
9962.75,BTC-27MAR20,1581937145936,open,0.23,191.1,0.1985,0.271,0.23166495,67.93,0.2205,0.0,BTC-27MAR20-12000-P,9737.43,63.13,0.227,6.0,0.233,3.0,69.26,9.94888,-8.69214,-10.59504,0.00014,-0.76681
10223.5,BTC-26JUN20,1581937145937,open,1.93,0.0,1.8785,2.013,1.94036809,86.88,None,0.0,BTC-26JUN20-30000-P,9737.43,0.0,0.0,0.0,0.0,0.0,0.0,4.65924,-1.55835,-105.70788,1e-05,-0.96548
9760.07,SYN.BTC-21FEB20,1581937145933,open,0.0,158.9,0.0005,0.0105,1.261e-05,70.26,0.0005,0.0,BTC-21FEB20-7750-P,9737.43,0.0,0.0,0.0,0.0005,23.0,103.04,0.02237,-0.12306,-0.00067,0.0,-0.00064
9962.75,BTC-27MAR20,1581937145938,open,1.6,0.0,1.559,1.668,1.61055785,112.71,None,0.0,BTC-27MAR20-26000-P,9737.43,0.0,0.001,1.0,0.0,0.0,0.0,0.68744,-0.99654,-27.61967,1e-05,-0.99232
10223.5,BTC-26JUN20,1581937145937,open,1.54,0.0,1.4965,1.6205,1.55272978,84.12,None,0.0,BTC-26JUN20-26000-P,9737.43,0.0,0.0,0.0,0.0,0.0,0.0,6.66463,-2.15835,-90.90593,2e-05,-0.94622
9962.75,BTC-27MAR20,1581937145937,open,1.8,0.0,1.7555,1.871,1.81088774,111.98,None,0.0,BTC-27MAR20-28000-P,9737.43,0.0,0.0005,1.0,0.0,0.0,0.0,0.39252,-0.5653,-29.78355,0.0,-0.99591
9760.07,SYN.BTC-21FEB20,1581937145933,open,0.1,10.6,0.0805,0.1295,0.10350408,63.19,0.1,0.0,BTC-21FEB20-10750-P,9737.43,0.0,0.0985,3.0,0.1105,5.0,96.14,1.40012,-11.41391,-1.06758,0.00022,-0.92662
10223.5,BTC-26JUN20,1581937145938,open,0.03,460.7,0.013,0.0635,0.03113106,76.77,0.0325,0.0,BTC-26JUN20-18000-C,9737.43,75.97,0.03,2.0,0.032,6.0,77.37,14.66232,-4.33327,4.5831,5e-05,0.15712
9760.07,SYN.BTC-21FEB20,1581937145933,open,0.18,0.0,0.1555,0.206,0.17902238,79.55,None,0.0,BTC-21FEB20-11500-P,9737.43,0.0,0.0005,1.0,0.0,0.0,0.0,0.58746,-6.0289,-1.196,7e-05,-0.97502
9760.07,SYN.BTC-21FEB20,1581937145933,open,0.15,0.0,0.1305,0.1815,0.15391377,77.15,None,0.0,BTC-21FEB20-11250-P,9737.43,0.0,0.0005,1.0,0.0,0.0,0.0,0.87201,-8.67967,-1.1541,0.00011,-0.9597
9760.07,SYN.BTC-21FEB20,1581937145933,open,0.13,0.1,0.1115,0.1495,0.12979889,69.69,0.168,0.0,BTC-21FEB20-8500-C,9737.43,0.0,0.124,7.0,0.143,7.0,147.19,0.58689,-5.2768,0.87598,8e-05,0.97505
9962.75,BTC-27MAR20,1581937145938,open,3.0,1.4,2.9365,3.0965,3.01496337,109.1,3.051,0.0,BTC-27MAR20-40000-P,9737.43,0.0,0.0005,1.0,0.0,0.0,0.0,0.01254,-0.0176,-42.60255,0.0,-0.9999
9760.07,SYN.BTC-21FEB20,1581937145933,open,0.01,359.4,0.002,0.035,0.01165381,52.33,0.0125,0.0,BTC-21FEB20-10000-C,9737.43,50.58,0.011,1.1,0.0125,24.0,54.57,3.66829,-24.76468,0.33614,0.00069,0.336
10223.5,BTC-26JUN20,1581937145939,open,0.28,229.8,0.244,0.312,0.27536972,67.11,0.286,0.0,BTC-26JUN20-8000-C,9737.43,65.13,0.272,16.4,0.278,16.4,68.64,17.48525,-4.51748,18.78769,7e-05,0.79183
9962.75,BTC-27MAR20,1581937145939,open,0.08,1594.8,0.053,0.109,0.07873937,61.89,0.0785,0.0,BTC-27MAR20-10000-C,9737.43,60.94,0.0775,18.4,0.08,2.6,62.86,12.92717,-10.2903,4.819,0.0002,0.53288
9760.07,SYN.BTC-21FEB20,1581937145933,open,0.11,0.6,0.0855,0.1255,0.10490983,65.49,0.1425,0.0,BTC-21FEB20-8750-C,9737.43,0.0,0.099,6.0,0.1185,6.0,130.7,1.02404,-8.65159,0.87664,0.00015,0.9508
10223.5,BTC-26JUN20,1581937145939,open,2.13,0.0,2.07,2.211,2.13522783,89.09,None,0.0,BTC-26JUN20-32000-P,9737.43,0.0,0.0,0.0,0.0,0.0,0.0,4.14393,-1.42123,-112.96265,1e-05,-0.97005
10223.5,BTC-26JUN20,1581937145940,open,0.17,787.5,0.131,0.2115,0.16806915,67.11,0.171,0.0,BTC-26JUN20-10000-C,9737.43,66.64,0.167,10.8,0.169,3.5,67.51,23.54867,-6.08382,15.74102,9e-05,0.60078
9760.07,SYN.BTC-21FEB20,1581937145933,open,0.0,960.2,0.0005,0.014,0.00246817,58.97,0.002,0.0,BTC-21FEB20-9000-P,9737.43,55.94,0.002,58.1,0.003,70.0,62.11,1.58132,-12.02998,-0.09188,0.00027,-0.08619
9760.07,SYN.BTC-21FEB20,1581937145933,open,0.0,199.6,0.0005,0.0105,0.00022488,70.11,0.0005,0.0,BTC-21FEB20-8250-P,9737.43,0.0,0.0,0.0,0.001,55.0,87.43,0.2462,-2.19487,-0.00964,3e-05,-0.00907
10223.5,BTC-26JUN20,1581937145941,open,0.43,72.7,0.409,0.4515,0.42786105,69.57,0.44,0.0,BTC-26JUN20-6000-C,9737.43,45.31,0.415,7.0,0.445,7.0,88.04,7.99658,-2.14162,18.34368,3e-05,0.93212
9760.07,SYN.BTC-21FEB20,1581937145933,open,0.0,323.4,0.0005,0.0125,0.00205646,63.04,0.0025,0.0,BTC-21FEB20-10750-C,9737.43,58.82,0.0015,70.0,0.0025,30.0,66.0,1.39281,-11.32745,0.0734,0.00022,0.07288
9962.75,BTC-27MAR20,1581937145941,open,2.6,0.0,2.543,2.6875,2.61350022,112.45,None,0.0,BTC-27MAR20-36000-P,9737.43,0.0,0.0005,1.0,0.0,0.0,0.0,0.05291,-0.07652,-38.33875,0.0,-0.99955
10484.47,SYN.BTC-25SEP20,1581937145936,open,0.02,256.6,0.006,0.047,0.01825419,82.78,0.0205,0.0,BTC-25SEP20-32000-C,9737.43,82.11,0.0175,1.6,0.019,6.0,83.42,12.0262,-2.25353,3.86284,2e-05,0.07914
9962.75,BTC-27MAR20,1581937145941,open,2.0,0.0,1.9525,2.075,2.01140969,110.51,None,0.0,BTC-27MAR20-30000-P,9737.43,0.0,0.0005,1.0,0.0,0.0,0.0,0.20736,-0.29472,-31.93331,0.0,-0.99799
10484.47,SYN.BTC-25SEP20,1581937145935,open,0.24,308.7,0.1935,0.301,0.24178609,68.86,0.24,0.0,BTC-25SEP20-11000-P,9737.43,66.96,0.236,4.9,0.243,5.8,69.25,32.02492,-4.99177,-42.57621,7e-05,-0.42928
9800.64,SYN.BTC-28FEB20,1581937145935,open,0.05,489.5,0.027,0.076,0.04883852,54.36,0.048,0.0,BTC-28FEB20-10000-P,9737.43,53.12,0.048,18.0,0.05,2.0,56.07,6.65489,-16.63168,-1.79718,0.00043,-0.56658
9760.07,SYN.BTC-21FEB20,1581937145933,open,0.08,94.0,0.056,0.106,0.0795841,60.19,0.0725,0.0,BTC-21FEB20-10500-P,9737.43,0.0,0.072,9.0,0.083,6.0,74.23,2.0779,-16.13522,-0.98861,0.00034,-0.87434
9760.07,SYN.BTC-21FEB20,1581937145933,open,0.06,374.0,0.0345,0.0845,0.05671543,56.01,0.0535,0.0,BTC-21FEB20-10250-P,9737.43,33.88,0.0515,3.0,0.0595,7.0,65.02,2.86719,-20.71677,-0.88147,0.00051,-0.79383
9760.07,SYN.BTC-21FEB20,1581937145933,open,0.18,0.3,0.164,0.197,0.18037686,68.06,0.189,0.0,BTC-21FEB20-8000-C,9737.43,0.0,0.175,7.0,0.1935,7.0,184.85,0.0652,-0.57254,0.8473,1e-05,0.99795
9760.07,SYN.BTC-21FEB20,1581937145933,open,0.0,361.6,0.0005,0.011,0.00143697,65.65,0.0015,0.0,BTC-21FEB20-8750-P,9737.43,61.1,0.001,30.0,0.002,71.1,70.52,1.03082,-8.73092,-0.0529,0.00016,-0.04961
10484.47,SYN.BTC-25SEP20,1581937145936,open,0.18,257.5,0.138,0.236,0.18176294,68.1,0.1725,0.0,BTC-25SEP20-10000-P,9737.43,66.13,0.176,12.2,0.1825,7.2,68.35,30.55931,-4.71107,-34.47398,7e-05,-0.3616
10484.47,SYN.BTC-25SEP20,1581937145936,open,0.03,249.7,0.0145,0.0535,0.02944386,68.1,0.0295,0.0,BTC-25SEP20-6000-P,9737.43,66.19,0.027,24.0,0.0295,16.0,68.14,13.64285,-2.10313,-7.81127,3e-05,-0.09367
