underlying_price,underlying_index,timestamp,state,settlement_price,open_interest,min_price,max_price,mark_price,mark_iv,last_price,interest_rate,instrument_name,index_price,bid_iv,best_bid_price,best_bid_amount,best_ask_price,best_ask_amount,ask_iv,vega,theta,rho,gamma,delta
134.9,SYN.ETH-24APR20,1585220340033,open,1.38,0.0,1.304,1.4525,1.378407,156.91,None,0.0,ETH-24APR20-320-P,135.3,0.0,0.0,0.0,0.0,0.0,0.0,0.03352,-0.09107,-0.24943,0.00148,-0.95876
134.9,SYN.ETH-24APR20,1585220340035,open,1.97,0.0,1.88,2.059,1.967278,162.18,None,0.0,ETH-24APR20-400-P,135.3,0.0,0.0,0.0,0.0,0.0,0.0,0.01486,-0.04173,-0.31502,0.00064,-0.9844
134.9,SYN.ETH-24APR20,1585220340035,open,1.67,0.0,1.592,1.755,1.672039,158.5,None,0.0,ETH-24APR20-360-P,135.3,0.0,0.0,0.0,0.0,0.0,0.0,0.02137,-0.05865,-0.28262,0.00094,-0.97608
134.9,SYN.ETH-24APR20,1585220340037,open,2.27,0.0,2.168,2.364,2.263633,172.19,None,0.0,ETH-24APR20-440-P,135.3,0.0,0.0,0.0,0.0,0.0,0.0,0.01349,-0.04024,-0.34682,0.00054,-0.98606
134.17,ETH-26JUN20,1585220340220,open,2.01,0.0,1.819,2.2035,2.008373,136.99,None,0.0,ETH-26JUN20-400-P,135.3,0.0,0.01,50.0,0.0,0.0,0.0,0.12361,-0.09216,-0.98006,0.00199,-0.89356
6618.93,BTC-27MAR20,1585220340230,open,1.27,2.0,1.138,1.4105,1.26623759,456.45,0.4565,0.0,BTC-27MAR20-15000-P,6628.88,0.0,0.815,3.5,1.6555,3.5,500.0,0.00239,-0.54634,-0.35985,0.0,-0.99981
6620.79,BTC-25SEP20,1585220340230,open,1.79,0.9,1.593,1.9775,1.77866364,111.37,2.2055,0.0,BTC-25SEP20-18000-P,6628.88,0.0,0.0,0.0,0.0,0.0,0.0,12.75487,-3.8839,-85.84107,5e-05,-0.80909
6612.06,SYN.BTC-24APR20,1585220340228,open,2.04,0.0,1.8545,2.2235,2.02722396,166.78,2.4195,0.0,BTC-24APR20-20000-P,6628.88,0.0,1.0875,1.0,2.438,1.0,500.0,0.77589,-2.24062,-15.74727,1e-05,-0.98321
6612.06,SYN.BTC-24APR20,1585220340228,open,3.25,9.0,2.996,3.5075,3.23609498,194.47,3.24,0.0,BTC-24APR20-28000-P,6628.88,0.0,0.0,0.0,0.0,0.0,0.0,0.45248,-1.52365,-22.11147,1e-05,-0.99099
6612.06,SYN.BTC-24APR20,1585220340228,open,1.43,0.0,1.284,1.5815,1.4233338,145.99,None,0.0,BTC-24APR20-16000-P,6628.88,0.0,0.482,1.0,1.8325,1.0,500.0,1.1153,-2.81937,-12.54136,2e-05,-0.97422
6612.06,SYN.BTC-24APR20,1585220340228,open,2.64,0.0,2.4255,2.866,2.63166296,183.54,None,0.0,BTC-24APR20-24000-P,6628.88,0.0,0.0,0.0,0.0,0.0,0.0,0.60483,-1.92216,-18.9311,1e-05,-0.98743
134.17,ETH-26JUN20,1585220340307,open,1.43,122.0,1.266,1.5925,1.430446,133.41,1.646,0.0,ETH-26JUN20-320-P,135.3,0.0,0.01,50.0,0.0,0.0,0.0,0.16875,-0.12252,-0.76424,0.00279,-0.83246
6617.19,SYN.BTC-3APR20,1585220340325,open,0.07,26.0,0.0145,0.1145,0.06000865,118.09,0.0685,0.0,BTC-3APR20-6500-P,6628.88,115.46,0.0585,36.2,0.0645,22.5,125.89,3.80859,-28.55247,-0.69215,0.00034,-0.42475
6612.06,SYN.BTC-24APR20,1585220340341,open,0.06,605.5,0.0215,0.105,0.06303461,117.31,0.0645,0.0,BTC-24APR20-8000-C,6628.88,115.33,0.061,15.5,0.065,34.8,119.22,6.81427,-13.84219,1.44873,0.00017,0.33999
134.17,ETH-26JUN20,1585220340341,open,1.72,1.0,1.541,1.896,1.717075,134.56,1.827,0.0,ETH-26JUN20-360-P,135.3,0.0,0.01,50.0,0.0,0.0,0.0,0.14272,-0.10451,-0.87358,0.00234,-0.86958
6612.06,SYN.BTC-24APR20,1585220340349,open,0.11,227.4,0.052,0.156,0.10719679,117.01,0.1045,0.0,BTC-24APR20-7000-C,6628.88,114.6,0.1045,21.4,0.1095,51.9,119.06,7.41909,-15.03142,2.03658,0.00018,0.49653
6617.19,SYN.BTC-3APR20,1585220340354,open,0.02,276.4,0.001,0.0465,0.01654397,127.14,0.017,0.0,BTC-3APR20-8000-C,6628.88,123.04,0.015,22.0,0.018,45.4,130.89,2.53333,-20.44844,0.23063,0.00021,0.17807
6612.06,SYN.BTC-24APR20,1585220340357,open,0.11,227.4,0.052,0.156,0.10719679,117.01,0.1045,0.0,BTC-24APR20-7000-C,6628.88,114.6,0.1045,21.4,0.1095,62.7,119.06,7.41909,-15.03142,2.03658,0.00018,0.49653
135.24,ETH-27MAR20,1585220340483,open,1.81,0.0,1.652,1.99,1.810235,500.0,None,0.0,ETH-27MAR20-380-P,135.29,0.0,0.0,0.0,0.0,0.0,0.0,1e-05,-0.0015,-0.00912,0.0,-0.99998
135.24,ETH-27MAR20,1585220340483,open,1.22,0.0,1.094,1.3605,1.218607,500.0,None,0.0,ETH-27MAR20-300-P,135.29,0.0,0.0,0.0,0.0,0.0,0.0,0.0002,-0.04916,-0.00719,9e-05,-0.99913
135.24,ETH-27MAR20,1585220340483,open,0.48,75.0,0.4495,0.5115,0.482325,0.0,0.465,0.0,ETH-27MAR20-70-C,135.29,0.0,0.0015,5.0,0.0,0.0,0.0,0.0,0.0,0.00168,0.0,1.0
135.23,ETH-27MAR20,1585220340483,open,1.52,0.0,1.373,1.675,1.514421,500.0,None,0.0,ETH-27MAR20-340-P,135.29,0.0,0.0,0.0,0.0,0.0,0.0,3e-05,-0.0087,-0.00816,2e-05,-0.99986
134.59,ETH-25SEP20,1585220340483,open,4.97,0.0,4.613,5.3575,4.967177,132.51,None,0.0,ETH-25SEP20-800-P,135.29,0.0,0.0,0.0,0.0,0.0,0.0,0.13646,-0.04944,-3.97251,0.00113,-0.92383
135.23,ETH-27MAR20,1585220340484,open,0.19,105.0,0.1345,0.232,0.187511,216.75,0.22,0.0,ETH-27MAR20-110-C,135.29,0.0,0.151,22.0,0.189,1.0,257.76,0.00359,-0.38909,0.00256,0.00378,0.97714
135.23,ETH-27MAR20,1585220340484,open,0.93,7.0,0.8145,1.0455,0.922792,453.26,1.163,0.0,ETH-27MAR20-260-P,135.29,0.0,0.005,50.0,0.0,0.0,0.0,0.00048,-0.10813,-0.00623,0.00024,-0.9977
135.23,ETH-27MAR20,1585220340484,open,3.74,0.0,3.4655,4.035,3.732678,250.0,None,0.0,ETH-27MAR20-640-P,135.29,0.0,0.01,50.0,0.0,0.0,0.0,0.0,0.0,-0.01535,0.0,-1.0
134.17,ETH-26JUN20,1585220340484,open,4.08,0.0,3.7835,4.399,4.073751,140.73,None,0.0,ETH-26JUN20-680-P,135.29,0.0,0.0,0.0,0.0,0.0,0.0,0.04046,-0.03099,-1.7048,0.00063,-0.97415
134.59,ETH-25SEP20,1585220340486,open,0.02,329.0,0.0035,0.046,0.025443,131.95,0.021,0.0,ETH-25SEP20-760-C,135.29,129.62,0.023,280.0,0.028,280.0,134.25,0.14537,-0.05244,0.03869,0.00121,0.08281
134.17,ETH-26JUN20,1585220340486,open,0.11,906.0,0.0565,0.1655,0.113911,127.86,0.1,0.0,ETH-26JUN20-100-P,135.29,123.51,0.1075,524.0,0.1175,252.0,130.29,0.19827,-0.13796,-0.1121,0.00342,-0.218
134.16,ETH-26JUN20,1585220340486,open,0.01,898.0,0.0005,0.027,0.012452,138.11,0.0105,0.0,ETH-26JUN20-520-C,135.29,135.36,0.011,300.0,0.014,280.0,140.83,0.07362,-0.05534,0.01398,0.00118,0.05384
134.16,ETH-26JUN20,1585220340488,open,3.48,0.0,3.221,3.7675,3.480405,139.45,None,0.0,ETH-26JUN20-600-P,135.29,0.0,0.01,50.0,0.0,0.0,0.0,0.05399,-0.04098,-1.50066,0.00085,-0.96336
134.9,SYN.ETH-24APR20,1585220340484,open,0.01,2492.0,0.0005,0.0225,0.007962,153.61,0.009,0.0,ETH-24APR20-300-C,135.29,150.23,0.007,50.0,0.009,870.0,157.0,0.03985,-0.106,0.00461,0.0018,0.05115
135.15,SYN.ETH-3APR20,1585220340483,open,0.49,0.0,0.3975,0.585,0.485446,159.81,None,0.0,ETH-3APR20-200-P,135.29,0.0,0.0,0.0,0.0,0.0,0.0,0.02374,-0.24086,-0.04156,0.00377,-0.9397
6620.79,BTC-25SEP20,1585220340500,open,0.09,881.0,0.0445,0.135,0.08988531,109.55,0.0935,0.0,BTC-25SEP20-4000-P,6628.88,107.8,0.087,30.6,0.093,21.1,111.44,10.91401,-3.26909,-7.94877,5e-05,-0.14974
134.9,SYN.ETH-24APR20,1585220340483,open,0.01,4050.0,0.0005,0.0275,0.012953,145.62,0.0125,0.0,ETH-24APR20-260-C,135.29,142.07,0.0115,350.0,0.0145,520.0,149.17,0.05704,-0.14382,0.00728,0.00272,0.08118
6596.56,BTC-26JUN20,1585220341161,open,1.46,2.9,1.299,1.624,1.45400306,120.13,1.776,0.0,BTC-26JUN20-16000-P,6628.88,0.0,0.0,0.0,0.0,0.0,0.0,6.66921,-4.36015,-38.73404,5e-05,-0.87874
6620.77,BTC-25SEP20,1585220341380,open,0.04,14.4,0.0175,0.0735,0.044181,113.63,0.0435,0.0,BTC-25SEP20-3000-P,6628.88,111.6,0.042,39.9,0.0465,8.0,115.77,7.15178,-2.22197,-4.21299,3e-05,-0.08282
6596.56,BTC-26JUN20,1585220341380,open,0.39,2.0,0.3295,0.4405,0.39201454,117.64,0.392,0.0,BTC-26JUN20-4500-C,6628.88,91.39,0.36,16.5,0.423,16.5,141.17,8.46308,-5.41807,7.22593,7e-05,0.82719
134.16,ETH-26JUN20,1585220341500,open,0.15,12.0,0.0815,0.209,0.149308,127.82,0.2375,0.0,ETH-26JUN20-110-P,135.29,123.07,0.1415,489.0,0.154,489.0,130.68,0.22016,-0.15315,-0.13966,0.0038,-0.26426
134.9,SYN.ETH-24APR20,1585220341567,open,0.1,370.0,0.0585,0.145,0.104509,130.87,0.1115,0.0,ETH-24APR20-150-C,135.29,126.37,0.0995,319.0,0.1085,584.0,134.44,0.15055,-0.34115,0.03778,0.00799,0.45851
6611.94,SYN.BTC-24APR20,1585220341668,open,0.01,629.0,0.0005,0.0205,0.00596232,139.24,0.009,0.0,BTC-24APR20-14000-C,6628.88,135.28,0.005,30.0,0.007,28.1,143.11,1.6914,-4.07815,0.19244,4e-05,0.04275
134.9,SYN.ETH-24APR20,1585220341733,open,0.66,252.0,0.5915,0.718,0.655523,138.71,0.733,0.0,ETH-24APR20-220-P,135.29,0.0,0.0,0.0,0.0,0.0,0.0,0.08645,-0.20764,-0.16121,0.00433,-0.85508
6618.83,BTC-27MAR20,1585220341804,open,0.0,1114.7,0.0005,0.0155,0.00049198,178.59,0.001,0.0,BTC-27MAR20-5500-P,6628.88,179.01,0.0005,62.1,0.0025,48.0,237.3,0.12534,-3.25632,-0.00252,7e-05,-0.01537
6611.94,SYN.BTC-24APR20,1585220341845,open,0.01,417.8,0.0005,0.0215,0.00694719,172.53,0.0065,0.0,BTC-24APR20-3000-P,6628.88,167.47,0.006,26.7,0.008,46.4,177.73,1.28845,-3.8491,-0.19672,2e-05,-0.03066
6611.94,SYN.BTC-24APR20,1585220341845,open,0.01,285.9,0.0005,0.0285,0.01142973,159.94,0.012,0.0,BTC-24APR20-3500-P,6628.88,154.91,0.01,25.0,0.013,47.0,165.14,1.93679,-5.364,-0.32454,4e-05,-0.05061
6611.94,SYN.BTC-24APR20,1585220341845,open,0.02,684.9,0.003,0.04,0.01769552,148.15,0.0175,0.0,BTC-24APR20-4000-P,6628.88,145.21,0.0165,45.0,0.019,56.5,151.27,2.72844,-6.99927,-0.50377,5e-05,-0.07861
6596.59,BTC-26JUN20,1585220341852,open,0.26,268.1,0.189,0.319,0.26265465,113.81,0.26,0.0,BTC-26JUN20-6000-C,6628.88,109.57,0.255,18.0,0.267,17.5,116.21,11.92384,-7.38495,6.83333,0.0001,0.67419
6618.83,BTC-27MAR20,1585220341863,open,0.21,1446.6,0.1405,0.287,0.20938483,187.14,0.218,0.0,BTC-27MAR20-8000-P,6628.88,0.0,0.1755,3.0,0.245,3.0,500.0,0.16755,-15.6775,-0.18862,9e-05,-0.9784
6618.83,BTC-27MAR20,1585220341872,open,0.0,1027.7,0.0005,0.0315,0.00366867,159.0,0.0025,0.0,BTC-27MAR20-6000-P,6628.88,150.69,0.003,1.1,0.0045,46.0,168.46,0.55607,-24.28229,-0.01597,0.00033,-0.09692
6620.76,BTC-25SEP20,1585220341872,open,0.16,404.8,0.0925,0.228,0.16682862,107.52,0.164,0.0,BTC-25SEP20-10000-C,6628.88,106.51,0.164,5.0,0.1695,35.2,108.48,18.45444,-5.42519,8.92675,8e-05,0.43593
6596.59,BTC-26JUN20,1585220341885,open,0.61,678.9,0.4915,0.725,0.60871714,113.43,0.62,0.0,BTC-26JUN20-10000-P,6628.88,0.0,0.0,0.0,1.0,0.5,317.65,11.95069,-7.37721,-21.27206,0.0001,-0.67238
6596.59,BTC-26JUN20,1585220341940,open,0.44,28.6,0.39,0.49,0.44580241,120.24,0.46,0.0,BTC-26JUN20-4000-C,6628.88,91.82,0.4185,16.5,0.474,16.5,145.64,6.96566,-4.55791,7.05944,5e-05,0.87095
135.07,SYN.ETH-10APR20,1585220342152,open,0.0,0.0005,0.0315,0.010584,151.31,None,0.0,ETH-10APR20-90-P,135.29,141.07,0.008,300.0,0.0135,300.0,161.57,0.03629,-0.18456,-0.00439,0.00323,-0.06921
135.07,SYN.ETH-10APR20,1585220342152,open,0.0,0.0025,0.0475,0.018753,142.4,None,0.0,ETH-10APR20-100-P,135.29,132.56,0.015,300.0,0.0205,1.0,146.73,0.05362,-0.25666,-0.00748,0.00507,-0.11714
135.07,SYN.ETH-10APR20,1585220342152,open,0.0,0.104,0.221,0.167751,135.32,None,0.0,ETH-10APR20-120-C,135.29,58.98,0.121,29.0,0.2065,29.0,190.62,0.09249,-0.42069,0.03015,0.00919,0.7155
135.07,SYN.ETH-10APR20,1585220342154,open,0.0,0.0645,0.179,0.125494,134.16,None,0.0,ETH-10APR20-130-C,135.29,121.26,0.1155,250.0,0.1315,250.0,141.9,0.1047,-0.47211,0.02661,0.0105,0.60894
135.07,SYN.ETH-10APR20,1585220342154,open,10.0,0.0345,0.1475,0.087979,134.14,0.0955,0.0,ETH-10APR20-130-P,135.29,125.14,0.081,254.0,0.095,254.0,143.2,0.1047,-0.47206,-0.02637,0.0105,-0.39106
135.07,SYN.ETH-10APR20,1585220342156,open,0.0,0.209,0.3835,0.294425,138.13,None,0.0,ETH-10APR20-170-P,135.29,0.0,0.231,16.0,0.3595,16.0,228.05,0.086,-0.3993,-0.05768,0.00837,-0.75348
135.07,SYN.ETH-10APR20,1585220342156,open,0.0,0.002,0.047,0.01797,139.06,None,0.0,ETH-10APR20-190-C,135.29,132.24,0.015,300.0,0.0205,1.0,144.51,0.06102,-0.28523,0.00678,0.0059,0.14113
135.07,SYN.ETH-10APR20,1585220342156,open,0.0,0.1515,0.3155,0.232313,134.51,None,0.0,ETH-10APR20-160-P,135.29,0.0,0.1735,18.0,0.294,18.0,215.22,0.09656,-0.43656,-0.05062,0.00966,-0.68727
135.07,SYN.ETH-10APR20,1585220342156,open,50.0,0.0165,0.1055,0.0562,135.3,0.0615,0.0,ETH-10APR20-120-P,135.29,126.2,0.05,273.0,0.0625,273.0,144.46,0.09249,-0.42064,-0.01875,0.00919,-0.28449
135.07,SYN.ETH-10APR20,1585220342156,open,0.0,0.27,0.452,0.358332,139.0,None,0.0,ETH-10APR20-180-P,135.29,0.0,0.2935,14.0,0.428,14.0,241.77,0.07365,-0.34411,-0.06439,0.00713,-0.81142
135.07,SYN.ETH-10APR20,1585220342156,open,0.0,0.0365,0.141,0.09003,131.25,None,0.0,ETH-10APR20-140-C,135.29,123.76,0.084,262.0,0.096,262.0,138.66,0.10878,-0.47987,0.0225,0.01115,0.49882
135.07,SYN.ETH-10APR20,1585220342158,open,0.0,0.062,0.195,0.126553,131.23,None,0.0,ETH-10APR20-140-P,135.29,124.96,0.1215,198.0,0.138,198.0,145.45,0.10878,-0.47982,-0.03455,0.01115,-0.50119
135.07,SYN.ETH-10APR20,1585220342160,open,0.0,0.3345,0.5225,0.42468,139.03,None,0.0,ETH-10APR20-190-P,135.29,0.0,0.3585,13.0,0.4995,13.0,257.17,0.061,-0.28505,-0.07066,0.0059,-0.85894
135.07,SYN.ETH-10APR20,1585220342160,open,0.0,0.0035,0.06,0.025659,139.03,None,0.0,ETH-10APR20-180-C,135.29,132.14,0.022,295.0,0.0295,347.0,145.9,0.07367,-0.34425,0.00897,0.00713,0.18864
135.07,SYN.ETH-10APR20,1585220342160,open,1.0,0.0205,0.113,0.065743,132.87,0.061,0.0,ETH-10APR20-150-C,135.29,126.12,0.0605,273.0,0.071,273.0,139.6,0.10525,-0.47006,0.01833,0.01065,0.39865
135.07,SYN.ETH-10APR20,1585220342160,open,0.0,0.0115,0.091,0.047715,134.53,None,0.0,ETH-10APR20-160-C,135.29,127.87,0.043,282.0,0.0525,282.0,141.16,0.09657,-0.43664,0.01459,0.00965,0.31277
134.9,SYN.ETH-24APR20,1585220342228,open,0.0,9211.0,0.0005,0.0185,0.003743,156.73,0.003,0.0,ETH-24APR20-60-P,135.29,154.9,0.0035,100.0,0.004,351.0,158.6,0.0182,-0.0494,-0.00251,0.00081,-0.01978
135.15,SYN.ETH-3APR20,1585220342228,open,0.0,5103.0,0.0005,0.0175,0.002568,191.02,0.004,0.0,ETH-3APR20-80-P,135.29,175.02,0.0015,10.0,0.004,366.0,207.05,0.01053,-0.12767,-0.00072,0.0014,-0.02227
135.15,SYN.ETH-3APR20,1585220342230,open,0.0,2616.0,0.0005,0.0195,0.004568,171.27,0.0125,0.0,ETH-3APR20-90-P,135.29,157.66,0.003,580.0,0.0065,300.0,184.91,0.01738,-0.18893,-0.00132,0.00257,-0.04077
135.15,SYN.ETH-3APR20,1585220342230,open,0.14,4.0,0.0815,0.197,0.144292,136.62,0.099,0.0,ETH-3APR20-120-C,135.29,0.0,0.099,26.0,0.1825,26.0,214.62,0.06231,-0.54042,0.01783,0.01157,0.75575
135.15,SYN.ETH-3APR20,1585220342230,open,0.2,2.0,0.1435,0.254,0.203311,145.73,0.211,0.0,ETH-3APR20-110-C,135.29,0.0,0.1595,25.0,0.2385,25.0,235.03,0.04474,-0.41391,0.01907,0.00779,0.85742
135.15,SYN.ETH-3APR20,1585220342230,open,0.01,288.0,0.0005,0.0315,0.008896,157.1,0.009,0.0,ETH-3APR20-100-P,135.29,147.74,0.007,580.0,0.011,300.0,166.48,0.02887,-0.28796,-0.00253,0.00466,-0.07771
135.15,SYN.ETH-3APR20,1585220342232,open,0.1,8.0,0.0375,0.1635,0.097651,131.63,0.11,0.0,ETH-3APR20-140-P,135.29,119.37,0.0905,196.0,0.106,196.0,145.92,0.07891,-0.65943,-0.01842,0.01521,-0.53417
135.15,SYN.ETH-3APR20,1585220342232,open,0.06,288.0,0.0155,0.1105,0.061753,131.64,0.061,0.0,ETH-3APR20-140-C,135.29,125.21,0.058,280.0,0.0655,548.0,138.06,0.07891,-0.65948,0.01178,0.01521,0.46584
135.15,SYN.ETH-3APR20,1585220342232,open,0.04,324.0,0.0055,0.0815,0.038733,133.41,0.0405,0.0,ETH-3APR20-150-C,135.29,127.31,0.0355,558.0,0.042,558.0,139.5,0.07208,-0.61046,0.00856,0.01371,0.33211
135.15,SYN.ETH-3APR20,1585220342232,open,0.1,5.0,0.039,0.15,0.09733,133.81,0.0845,0.0,ETH-3APR20-130-C,135.29,116.24,0.0875,236.0,0.1005,241.0,139.46,0.07581,-0.64398,0.01513,0.01438,0.61633
135.15,SYN.ETH-3APR20,1585220342232,open,0.03,134.0,0.0045,0.0755,0.032204,136.61,0.035,0.0,ETH-3APR20-120-P,135.29,128.49,0.0285,563.0,0.036,283.0,144.77,0.0623,-0.54036,-0.00806,0.01157,-0.24424
6596.59,BTC-26JUN20,1585220342242,open,0.01,755.2,0.0005,0.0295,0.01394965,135.7,0.0155,0.0,BTC-26JUN20-2500-P,6628.87,132.17,0.0125,47.0,0.0155,32.0,139.29,2.77833,-2.05174,-0.87479,2e-05,-0.03873
6618.87,BTC-27MAR20,1585220342242,open,1.43,21.1,1.281,1.5715,1.41734566,500.0,2.255,0.0,BTC-27MAR20-16000-P,6628.87,0.0,0.9665,3.5,1.807,3.5,500.0,0.00302,-0.75414,-0.38383,0.0,-0.99975
6596.59,BTC-26JUN20,1585220342243,open,0.06,782.9,0.0195,0.1025,0.05976585,115.64,0.058,0.0,BTC-26JUN20-12000-C,6628.87,113.81,0.057,19.3,0.0625,24.0,117.42,10.03169,-6.3132,2.81459,8e-05,0.22927
6618.86,BTC-27MAR20,1585220342244,open,0.0,2168.5,0.0005,0.0155,0.00072979,187.83,0.001,0.0,BTC-27MAR20-8000-C,6628.87,177.79,0.0005,30.3,0.001,1.0,197.31,0.17022,-4.83036,0.00338,9e-05,0.02201
6611.99,SYN.BTC-24APR20,1585220342242,open,0.02,1045.8,0.004,0.051,0.02304404,121.8,0.0235,0.0,BTC-24APR20-10000-C,6628.87,120.2,0.022,12.0,0.024,40.0,123.25,4.33694,-9.14705,0.6643,0.0001,0.15004
6618.59,SYN.BTC-28MAR20,1585220342242,open,0.0,0.0025,0.104,0.04528386,119.31,None,0.0,BTC-28MAR20-6750-P,6628.87,104.01,0.041,19.9,0.0495,16.3,134.28,1.85998,-59.15763,-0.2107,0.00069,-0.57421
6618.86,BTC-27MAR20,1585220342246,open,0.09,773.0,0.036,0.1495,0.09716649,158.99,0.094,0.0,BTC-27MAR20-6000-C,6628.87,0.0,0.093,0.8,0.098,0.1,168.47,0.55595,-44.19496,0.12798,0.00033,0.90311
6615.41,SYN.BTC-10APR20,1585220342242,open,0.0,0.0055,0.069,0.03296281,120.3,None,0.0,BTC-10APR20-8000-C,6628.87,115.67,0.03,36.0,0.0355,39.5,124.18,4.28214,-17.31487,0.59671,0.0002,0.25428
6617.12,SYN.BTC-3APR20,1585220342244,open,0.11,7.1,0.041,0.169,0.1032958,117.31,0.1185,0.0,BTC-3APR20-7000-P,6628.87,90.03,0.088,20.0,0.1215,23.5,148.95,3.76738,-28.05691,-0.99694,0.00034,-0.59495
6611.99,SYN.BTC-24APR20,1585220342243,open,0.22,216.2,0.139,0.2935,0.21661218,116.99,0.5588,0.0,BTC-24APR20-7500-P,6628.87,99.82,0.198,21.4,0.238,15.9,136.36,7.24439,-14.6758,-4.2007,0.00018,-0.58645
6611.99,SYN.BTC-24APR20,1585220342245,open,0.55,0.0,0.5195,0.5835,0.55322373,172.52,None,0.0,BTC-24APR20-3000-C,6628.87,0.0,0.211,6.0,0.6515,8.5,412.94,1.28824,-3.84828,2.17667,2e-05,0.96935
6617.12,SYN.BTC-3APR20,1585220342242,open,0.08,84.7,0.025,0.14,0.07945694,116.64,0.086,0.0,BTC-3APR20-6750-P,6628.87,112.44,0.077,36.6,0.087,40.1,129.51,3.87594,-28.70114,-0.84465,0.00035,-0.51212
6611.99,SYN.BTC-24APR20,1585220342244,open,0.17,1038.6,0.096,0.2355,0.16585754,116.99,0.16,0.0,BTC-24APR20-7000-P,6628.87,111.32,0.1595,27.8,0.174,19.3,124.25,7.419,-15.02917,-3.5013,0.00018,-0.5035
6617.12,SYN.BTC-3APR20,1585220342242,open,0.03,143.2,0.002,0.06,0.02363062,129.41,0.0255,0.0,BTC-3APR20-5750-P,6628.87,124.2,0.0215,56.9,0.026,28.9,135.07,2.73879,-22.5014,-0.32238,0.00022,-0.20216
6618.59,SYN.BTC-28MAR20,1585220342243,open,0.0,0.024,0.1555,0.08758937,126.64,None,0.0,BTC-28MAR20-7125-P,6628.87,0.0,0.055,3.0,0.124,3.0,269.93,1.41074,-47.62344,-0.29454,0.00049,-0.77839
6611.99,SYN.BTC-24APR20,1585220342242,open,0.0,372.6,0.0005,0.017,0.00247023,166.95,0.0025,0.0,BTC-24APR20-20000-C,6628.87,162.67,0.002,10.0,0.003,28.7,171.15,0.78041,-2.2561,0.07552,1e-05,0.01691
6617.12,SYN.BTC-3APR20,1585220342243,open,0.04,66.6,0.004,0.0755,0.03286148,125.22,0.038,0.0,BTC-3APR20-6000-P,6628.87,120.3,0.0305,53.9,0.0355,22.9,130.66,3.19129,-25.37018,-0.42706,0.00027,-0.26624
6611.99,SYN.BTC-24APR20,1585220342242,open,0.06,181.6,0.0225,0.1075,0.06240303,127.02,0.0635,0.0,BTC-24APR20-5500-P,6628.87,124.29,0.06,22.0,0.065,65.4,129.96,5.83131,-12.8257,-1.60186,0.00013,-0.24383
6618.59,SYN.BTC-28MAR20,1585220342242,open,3.3,0.0005,0.06,0.01956157,122.28,0.0235,0.0,BTC-28MAR20-6875-C,6628.87,114.45,0.0175,26.0,0.0215,20.0,129.55,1.75435,-57.18456,0.11183,0.00064,0.34835
6611.99,SYN.BTC-24APR20,1585220342243,open,0.04,860.1,0.009,0.0715,0.03710215,118.66,0.036,0.0,BTC-24APR20-9000-C,6628.87,116.14,0.035,60.7,0.039,54.2,120.89,5.57085,-11.44593,0.98036,0.00014,0.22452
6618.59,SYN.BTC-28MAR20,1585220342242,open,12.6,0.0005,0.0805,0.03380707,119.88,0.0335,0.0,BTC-28MAR20-6625-C,6628.87,113.56,0.032,20.0,0.036,20.0,127.55,1.89187,-60.45592,0.16286,0.0007,0.51264
6611.99,SYN.BTC-24APR20,1585220342242,open,0.48,0.0,0.4415,0.5175,0.48208615,159.94,0.395,0.0,BTC-24APR20-3500-C,6628.87,0.0,0.1395,6.0,0.5795,8.5,356.86,1.93664,-5.3634,2.4444,4e-05,0.94939
6611.99,SYN.BTC-24APR20,1585220342242,open,0.0,838.7,0.0005,0.0185,0.00352588,146.06,0.0045,0.0,BTC-24APR20-16000-C,6628.87,139.29,0.0025,43.0,0.0045,27.2,151.37,1.11771,-2.82683,0.11676,2e-05,0.02585
6611.99,SYN.BTC-24APR20,1585220342242,open,0.03,780.7,0.0065,0.0565,0.02743231,139.14,0.0285,0.0,BTC-24APR20-4500-P,6628.87,136.56,0.026,20.0,0.029,67.0,141.91,3.70287,-8.9211,-0.76705,8e-05,-0.11921
6615.41,SYN.BTC-10APR20,1585220342243,open,0.0,0.0845,0.227,0.15530554,118.99,None,0.0,BTC-10APR20-7250-P,6628.87,70.07,0.119,3.0,0.202,3.0,177.79,5.14922,-20.59378,-2.0446,0.00024,-0.60304
6617.12,SYN.BTC-3APR20,1585220342244,open,0.08,449.8,0.0245,0.127,0.07778009,118.2,0.083,0.0,BTC-3APR20-6500-C,6628.87,110.76,0.0735,35.9,0.08,31.4,122.06,3.8086,-28.58063,0.71023,0.00034,0.57521
6615.41,SYN.BTC-10APR20,1585220342243,open,0.0,0.047,0.1545,0.10473932,120.25,None,0.0,BTC-10APR20-6500-C,6628.87,113.62,0.0995,33.0,0.106,36.5,121.84,5.22874,-21.13344,1.27291,0.00024,0.57686
6615.41,SYN.BTC-10APR20,1585220342243,open,0.0,0.0645,0.1765,0.12531263,121.84,None,0.0,BTC-10APR20-6250-C,6628.87,112.82,0.1185,31.9,0.126,30.4,122.75,5.00436,-20.49473,1.38315,0.00023,0.63833
6611.99,SYN.BTC-24APR20,1585220342275,open,0.14,326.1,0.078,0.189,0.13873315,117.46,0.1355,0.0,BTC-24APR20-6500-C,6628.87,114.97,0.136,20.6,0.141,38.1,119.53,7.24681,-14.73912,2.33882,0.00018,0.58585
6611.99,SYN.BTC-24APR20,1585220342298,open,0.06,605.5,0.0215,0.105,0.0630312,117.31,0.0645,0.0,BTC-24APR20-8000-C,6628.87,115.34,0.061,38.5,0.065,34.8,119.22,6.81409,-13.84179,1.44866,0.00017,0.33998
6596.58,BTC-26JUN20,1585220342301,open,0.1,410.8,0.05,0.1535,0.10140367,115.72,0.102,0.0,BTC-26JUN20-5000-P,6628.87,113.77,0.0985,19.3,0.1045,60.7,117.8,9.83426,-6.19348,-5.35944,8e-05,-0.22137
6596.58,BTC-26JUN20,1585220342304,open,0.1,410.8,0.05,0.1535,0.10140367,115.72,0.102,0.0,BTC-26JUN20-5000-P,6628.87,113.77,0.0985,19.2,0.1045,60.7,117.8,9.83426,-6.19348,-5.35944,8e-05,-0.22137
6596.58,BTC-26JUN20,1585220342307,open,0.15,577.2,0.086,0.2105,0.15431728,113.02,0.152,0.0,BTC-26JUN20-8000-C,6628.87,111.11,0.1505,21.3,0.158,43.2,114.86,13.18214,-8.10805,5.36485,0.00011,0.47741
6596.59,BTC-26JUN20,1585220342308,open,0.05,239.7,0.014,0.0885,0.04876209,116.71,0.0535,0.0,BTC-26JUN20-13000-C,6628.87,114.68,0.046,65.1,0.0515,44.6,118.68,9.07614,-5.76464,2.39991,7e-05,0.1933
6596.58,BTC-26JUN20,1585220342320,open,0.1,410.8,0.05,0.1535,0.10140367,115.72,0.102,0.0,BTC-26JUN20-5000-P,6628.87,113.77,0.0985,19.2,0.1045,60.8,117.8,9.83426,-6.19348,-5.35944,8e-05,-0.22137
6596.58,BTC-26JUN20,1585220342322,open,0.15,577.2,0.086,0.2105,0.15431728,113.02,0.152,0.0,BTC-26JUN20-8000-C,6628.87,111.11,0.1505,21.4,0.158,43.2,114.86,13.18214,-8.10805,5.36485,0.00011,0.47741
134.9,SYN.ETH-24APR20,1585220342334,open,0.02,377.0,0.005,0.048,0.021715,133.49,0.0235,0.0,ETH-24APR20-90-P,135.29,130.01,0.02,348.0,0.0235,280.0,136.96,0.06795,-0.15705,-0.01329,0.00354,-0.1028
134.9,SYN.ETH-24APR20,1585220342341,open,0.02,377.0,0.005,0.048,0.021715,133.49,0.0235,0.0,ETH-24APR20-90-P,135.29,130.01,0.02,628.0,0.0235,280.0,136.96,0.06795,-0.15705,-0.01329,0.00354,-0.1028
135.15,SYN.ETH-3APR20,1585220342343,open,0.02,760.0,0.002,0.06,0.023978,135.84,0.028,0.0,ETH-3APR20-160-C,135.29,131.33,0.022,289.0,0.026,4.0,140.35,0.05995,-0.51704,0.00594,0.0112,0.22778
134.9,SYN.ETH-24APR20,1585220342344,open,0.04,410.0,0.011,0.0735,0.037718,132.18,0.0405,0.0,ETH-24APR20-100-P,135.29,128.9,0.0355,339.0,0.04,280.0,135.46,0.09262,-0.21199,-0.02119,0.00487,-0.1608
135.15,SYN.ETH-3APR20,1585220342345,open,0.02,760.0,0.002,0.06,0.023978,135.84,0.028,0.0,ETH-3APR20-160-C,135.29,131.33,0.022,289.0,0.026,284.0,140.35,0.05995,-0.51704,0.00594,0.0112,0.22778
134.9,SYN.ETH-24APR20,1585220342347,open,0.17,705.0,0.114,0.218,0.168406,130.85,0.174,0.0,ETH-24APR20-140-P,135.29,125.57,0.1625,498.0,0.174,144.0,135.85,0.15085,-0.34178,-0.0678,0.00801,-0.46685
134.9,SYN.ETH-24APR20,1585220342358,open,0.03,1709.0,0.0105,0.0645,0.035139,134.56,0.0325,0.0,ETH-24APR20-200-C,135.29,133.11,0.034,345.0,0.036,20.0,135.68,0.10538,-0.24554,0.01731,0.00544,0.19735
6620.75,BTC-25SEP20,1585220342366,open,0.24,206.6,0.154,0.3125,0.23610165,106.79,0.238,0.0,BTC-25SEP20-6000-P,6628.87,104.73,0.231,6.4,0.2415,28.4,108.97,16.43125,-4.79738,-17.97134,7e-05,-0.30566
134.59,ETH-25SEP20,1585220342462,open,0.13,1311.0,0.0665,0.203,0.136534,124.54,0.147,0.0,ETH-25SEP20-280-C,135.29,122.8,0.132,142.0,0.141,287.0,126.24,0.3522,-0.11993,0.14271,0.00312,0.34819
135.23,ETH-27MAR20,1585220342497,open,0.0,14.0,0.0005,0.0155,0.0,199.58,0.0005,0.0,ETH-27MAR20-380-C,135.28,0.0,0.0,0.0,0.0005,1.0,500.0,0.0,0.0,0.0,0.0,0.0
135.23,ETH-27MAR20,1585220342497,open,0.0,1368.0,0.0005,0.0155,0.0,199.58,0.002,0.0,ETH-27MAR20-300-C,135.28,0.0,0.0,0.0,0.0005,200.0,500.0,0.0,0.0,0.0,0.0,0.0
135.23,ETH-27MAR20,1585220342497,open,0.0,8766.0,0.0005,0.0155,0.0,199.58,0.0005,0.0,ETH-27MAR20-260-C,135.28,0.0,0.0,0.0,0.0005,594.0,500.0,0.0,0.0,0.0,0.0,0.0
135.23,ETH-27MAR20,1585220342497,open,0.0,251.0,0.0005,0.0155,0.0,199.58,0.002,0.0,ETH-27MAR20-340-C,135.28,0.0,0.0,0.0,0.0005,470.0,500.0,0.0,0.0,0.0,0.0,0.0
134.16,ETH-26JUN20,1585220342497,open,0.29,583.0,0.215,0.349,0.294526,127.84,0.29,0.0,ETH-26JUN20-120-C,135.28,99.21,0.2435,35.0,0.3325,35.0,149.43,0.23761,-0.16531,0.1334,0.0041,0.68956
135.22,ETH-27MAR20,1585220342497,open,0.0,2193.0,0.0005,0.0155,0.0,199.59,0.0015,0.0,ETH-27MAR20-560-C,135.28,0.0,0.0,0.0,0.008,69.0,500.0,0.0,0.0,0.0,0.0,0.0
134.16,ETH-26JUN20,1585220342497,open,0.37,5.0,0.2965,0.4185,0.368531,127.84,0.337,0.0,ETH-26JUN20-100-C,135.28,97.05,0.324,34.0,0.4055,34.0,152.7,0.19827,-0.13794,0.13962,0.00342,0.78197
134.16,ETH-26JUN20,1585220342498,open,0.46,0.0,0.4025,0.503,0.460841,127.84,None,0.0,ETH-26JUN20-80-C,135.28,0.0,0.02,1.0,0.0,0.0,0.0,0.14233,-0.09902,0.1382,0.00246,0.87008
135.22,ETH-27MAR20,1585220342498,open,0.0,1609.0,0.0005,0.018,0.003429,180.91,0.0075,0.0,ETH-27MAR20-120-P,135.28,167.44,0.0025,5.0,0.0045,650.0,194.45,0.01003,-0.46373,-0.00028,0.01264,-0.08198
135.22,ETH-27MAR20,1585220342497,open,0.0,3779.0,0.0005,0.0155,0.0,199.59,0.01,0.0,ETH-27MAR20-480-C,135.28,0.0,0.0,0.0,0.008,69.0,500.0,0.0,0.0,0.0,0.0,0.0
134.16,ETH-26JUN20,1585220342497,open,0.28,526.0,0.185,0.3605,0.279348,127.84,0.245,0.0,ETH-26JUN20-140-P,135.28,115.59,0.2555,192.0,0.2985,191.0,137.76,0.25998,-0.18088,-0.2293,0.00449,-0.39965
134.58,ETH-25SEP20,1585220342498,open,0.32,436.0,0.233,0.3855,0.318342,120.98,0.3285,0.0,ETH-25SEP20-140-C,135.28,118.19,0.311,271.0,0.3255,271.0,123.71,0.35329,-0.11685,0.22282,0.00322,0.64879
134.58,ETH-25SEP20,1585220342498,open,0.61,6.0,0.559,0.6435,0.605258,121.9,0.574,0.0,ETH-25SEP20-60-C,135.28,0.0,0.05,1.0,0.0,0.0,0.0,0.14916,-0.04971,0.20837,0.00135,0.91429
134.16,ETH-26JUN20,1585220342498,open,0.06,3494.0,0.022,0.092,0.057143,127.84,0.044,0.0,ETH-26JUN20-80-P,135.28,121.49,0.0505,290.0,0.059,280.0,129.59,0.14233,-0.09902,-0.06317,0.00246,-0.12992
134.58,ETH-25SEP20,1585220342498,open,2.92,0.0,2.659,3.1715,2.914795,128.93,None,0.0,ETH-25SEP20-520-P,135.28,0.0,0.0,0.0,0.0,0.0,0.0,0.22478,-0.07924,-2.53671,0.00192,-0.84728
134.58,ETH-25SEP20,1585220342498,open,0.03,1916.0,0.0045,0.0525,0.035451,130.83,0.036,0.0,ETH-25SEP20-640-C,135.28,128.57,0.0325,580.0,0.0385,280.0,133.05,0.18037,-0.06452,0.05099,0.00152,0.11107
134.58,ETH-25SEP20,1585220342498,open,0.44,149.0,0.3605,0.493,0.43529,121.89,0.437,0.0,ETH-25SEP20-100-C,135.28,120.79,0.433,1.0,0.473,38.0,140.05,0.28131,-0.09375,0.23311,0.00254,0.78101
135.22,ETH-27MAR20,1585220342498,open,0.0,3356.0,0.0005,0.0155,0.0,199.59,0.003,0.0,ETH-27MAR20-440-C,135.28,0.0,0.0,0.0,0.0005,283.0,500.0,0.0,0.0,0.0,0.0,0.0
135.22,ETH-27MAR20,1585220342498,open,0.0,4553.0,0.0005,0.0155,1e-06,199.6,0.0005,0.0,ETH-27MAR20-200-C,135.28,0.0,0.0,0.0,0.0005,87.0,330.02,1e-05,-0.00011,0.0,1e-05,4e-05
134.58,ETH-25SEP20,1585220342498,open,3.79,0.0,3.4935,4.1005,3.790633,130.56,None,0.0,ETH-25SEP20-640-P,135.28,0.0,0.0,0.0,0.0,0.0,0.0,0.17941,-0.06404,-3.15591,0.00151,-0.88975
135.22,ETH-27MAR20,1585220342498,open,0.01,1737.0,0.0005,0.051,0.011808,139.91,0.0125,0.0,ETH-27MAR20-130-P,135.28,118.94,0.0085,240.0,0.0145,334.0,156.21,0.02195,-1.5358,-0.00092,0.03577,-0.27135
134.15,ETH-26JUN20,1585220342498,open,0.62,936.0,0.4895,0.7295,0.618038,129.6,0.79,0.0,ETH-26JUN20-200-P,135.28,0.0,0.0,0.0,0.0,0.0,0.0,0.25752,-0.18163,-0.41594,0.00439,-0.61373
134.15,ETH-26JUN20,1585220342498,open,4.08,0.0,3.7825,4.3985,4.07375,138.11,None,0.0,ETH-26JUN20-680-P,135.28,0.0,0.0,0.0,0.0,0.0,0.0,0.03662,-0.02753,-1.70552,0.00059,-0.97704
134.58,ETH-25SEP20,1585220342498,open,4.38,0.0,4.0535,4.732,4.378006,131.37,None,0.0,ETH-25SEP20-720-P,135.28,0.0,0.0,0.0,0.0,0.0,0.0,0.15515,-0.05573,-3.56538,0.0013,-0.90964
134.58,ETH-25SEP20,1585220342498,open,0.51,68.0,0.449,0.561,0.511807,121.89,0.5115,0.0,ETH-25SEP20-80-C,135.28,121.4,0.511,3.0,0.6215,5.0,187.92,0.22261,-0.07419,0.22769,0.00201,0.84949
134.58,ETH-25SEP20,1585220342499,open,0.17,482.0,0.092,0.2385,0.169299,123.71,0.174,0.0,ETH-25SEP20-240-C,135.28,121.96,0.1645,134.0,0.174,283.0,125.41,0.37072,-0.12538,0.16354,0.0033,0.41184
134.15,ETH-26JUN20,1585220342499,open,0.38,169.0,0.275,0.4755,0.382659,128.12,0.4855,0.0,ETH-26JUN20-160-P,135.28,114.29,0.355,186.0,0.406,186.0,139.81,0.26821,-0.187,-0.29169,0.00462,-0.48116
134.58,ETH-25SEP20,1585220342499,open,0.03,615.0,0.005,0.056,0.031701,131.31,0.028,0.0,ETH-25SEP20-680-C,135.28,129.09,0.029,580.0,0.0345,280.0,133.5,0.16791,-0.06028,0.04646,0.00141,0.1006
135.22,ETH-27MAR20,1585220342499,open,0.33,2045.0,0.256,0.416,0.331121,0.0,0.42,0.0,ETH-27MAR20-180-P,135.28,0.0,0.0005,145.0,0.0,0.0,0.0,0.0,0.0,-0.00432,0.0,-1.0
135.22,ETH-27MAR20,1585220342499,open,0.63,2164.0,0.535,0.7305,0.626858,0.0,0.7845,0.0,ETH-27MAR20-220-P,135.28,0.0,0.075,2.0,0.0,0.0,0.0,0.0,0.0,-0.00528,0.0,-1.0
134.15,ETH-26JUN20,1585220342499,open,0.74,528.0,0.609,0.8655,0.745105,130.25,0.869,0.0,ETH-26JUN20-220-P,135.28,0.0,0.0,0.0,0.0,0.0,0.0,0.24477,-0.1735,-0.47666,0.00415,-0.6665
134.15,ETH-26JUN20,1585220342499,open,0.19,381.0,0.1115,0.256,0.18898,127.82,0.1915,0.0,ETH-26JUN20-120-P,135.28,123.32,0.181,461.0,0.1925,210.0,129.81,0.23761,-0.16528,-0.16866,0.0041,-0.31049
134.58,ETH-25SEP20,1585220342499,open,3.21,0.0,2.9365,3.4805,3.205739,129.48,None,0.0,ETH-25SEP20-560-P,135.28,0.0,0.0,0.0,0.0,0.0,0.0,0.20811,-0.07367,-2.74401,0.00177,-0.86378
134.15,ETH-26JUN20,1585220342499,open,4.37,1.0,4.0635,4.7145,4.370899,137.76,4.3,0.0,ETH-26JUN20-720-P,135.28,0.0,0.0,0.0,0.0,0.0,0.0,0.03051,-0.02287,-1.80737,0.00049,-0.98149
134.58,ETH-25SEP20,1585220342499,open,0.02,3.0,0.0025,0.038,0.021658,133.49,0.0155,0.0,ETH-25SEP20-840-C,135.28,130.62,0.019,280.0,0.0245,580.0,136.33,0.12983,-0.04738,0.03352,0.00107,0.07137
135.22,ETH-27MAR20,1585220342499,open,0.0,13078.0,0.0005,0.0155,0.0,199.6,0.0005,0.0,ETH-27MAR20-280-C,135.28,0.0,0.0,0.0,0.0005,400.0,500.0,0.0,0.0,0.0,0.0,0.0
134.15,ETH-26JUN20,1585220342499,open,0.23,480.0,0.1545,0.292,0.235818,127.86,0.234,0.0,ETH-26JUN20-140-C,135.28,124.34,0.229,266.0,0.2425,303.0,131.31,0.25997,-0.18089,0.12309,0.00449,0.60033
134.15,ETH-26JUN20,1585220342499,open,0.1,1293.0,0.041,0.15,0.105289,130.32,0.1225,0.0,ETH-26JUN20-220-C,135.28,128.24,0.1015,286.0,0.109,204.0,132.35,0.24484,-0.17365,0.07714,0.00415,0.33373
134.58,ETH-25SEP20,1585220342499,open,5.26,0.0,4.892,5.67,5.262835,133.0,None,0.0,ETH-25SEP20-840-P,135.28,0.0,0.0,0.0,0.0,0.0,0.0,0.12816,-0.04661,-4.17561,0.00106,-0.92982
134.58,ETH-25SEP20,1585220342500,open,0.08,1984.0,0.027,0.1295,0.077188,126.0,0.0755,0.0,ETH-25SEP20-400-C,135.28,122.99,0.071,473.0,0.0835,473.0,128.97,0.28135,-0.09693,0.09565,0.00246,0.21904
134.15,ETH-26JUN20,1585220342500,open,0.02,5298.0,0.005,0.0395,0.02075,127.83,0.0155,0.0,ETH-26JUN20-60-P,135.28,118.2,0.0155,300.0,0.021,1000.0,128.26,0.07765,-0.05402,-0.02646,0.00134,-0.0576
134.15,ETH-26JUN20,1585220342500,open,0.01,2430.0,0.0005,0.0245,0.009934,138.65,0.011,0.0,ETH-26JUN20-560-C,135.28,135.42,0.0085,680.0,0.0115,280.0,141.85,0.0626,-0.04724,0.01149,0.001,0.04396
134.15,ETH-26JUN20,1585220342500,open,0.49,1847.0,0.377,0.5995,0.495471,128.3,0.65,0.0,ETH-26JUN20-180-P,135.28,0.0,0.1175,4.0,0.69,1.0,226.82,0.26607,-0.18578,-0.35426,0.00458,-0.55365
134.15,ETH-26JUN20,1585220342500,open,0.03,5510.0,0.003,0.0425,0.026858,136.76,0.028,0.0,ETH-26JUN20-400-C,135.28,132.39,0.023,580.0,0.031,300.0,141.11,0.12306,-0.09159,0.02666,0.00199,0.1058
134.58,ETH-25SEP20,1585220342500,open,0.27,228.0,0.1775,0.347,0.264104,121.86,0.296,0.0,ETH-25SEP20-120-P,135.28,118.5,0.256,153.0,0.2725,387.0,125.35,0.32411,-0.10799,-0.37113,0.00293,-0.2863
134.15,ETH-26JUN20,1585220342500,open,3.78,0.0,3.5015,4.0825,3.776887,138.39,None,0.0,ETH-26JUN20-640-P,135.28,0.0,0.01,50.0,0.0,0.0,0.0,0.04389,-0.03305,-1.60341,0.0007,-0.9715
134.15,ETH-26JUN20,1585220342500,open,0.02,1712.0,0.002,0.035,0.020143,136.76,0.0175,0.0,ETH-26JUN20-440-C,135.28,133.87,0.018,300.0,0.0215,280.0,138.51,0.10246,-0.07626,0.02108,0.00165,0.08256
134.9,SYN.ETH-24APR20,1585220342497,open,0.0,3908.0,0.0005,0.0165,0.001984,160.12,0.0015,0.0,ETH-24APR20-400-C,135.28,148.09,0.001,350.0,0.0035,350.0,172.15,0.01381,-0.0383,0.00132,0.0006,0.01433
134.58,ETH-25SEP20,1585220342500,open,5.56,0.0,5.1715,5.983,5.55802,133.17,None,0.0,ETH-25SEP20-880-P,135.28,0.0,0.0,0.0,0.0,0.0,0.0,0.11956,-0.04353,-4.37872,0.00099,-0.93585
134.58,ETH-25SEP20,1585220342501,open,3.5,0.0,3.2145,3.79,3.497685,129.97,None,0.0,ETH-25SEP20-600-P,135.28,0.0,0.0,0.0,0.0,0.0,0.0,0.19284,-0.06853,-2.95043,0.00164,-0.87795
135.15,SYN.ETH-3APR20,1585220342497,open,0.01,1558.0,0.0005,0.0245,0.005487,159.21,0.005,0.0,ETH-3APR20-200-C,135.28,156.33,0.005,16.0,0.006,280.0,162.09,0.02349,-0.23744,0.00157,0.00374,0.05949
134.15,ETH-26JUN20,1585220342501,open,2.6,0.0,2.3775,2.825,2.593101,136.34,None,0.0,ETH-26JUN20-480-P,135.28,0.0,0.01,50.0,0.0,0.0,0.0,0.08436,-0.06259,-1.19167,0.00137,-0.93596
134.58,ETH-25SEP20,1585220342502,open,4.09,0.0,3.774,4.4205,4.084082,131.01,None,0.0,ETH-25SEP20-680-P,135.28,0.0,0.0,0.0,0.0,0.0,0.0,0.16682,-0.05975,-3.36089,0.0014,-0.90029
134.9,SYN.ETH-24APR20,1585220342497,open,0.01,2593.0,0.0005,0.024,0.009435,147.98,0.011,0.0,ETH-24APR20-280-C,135.28,143.55,0.008,630.0,0.011,520.0,152.39,0.04579,-0.11733,0.0055,0.00215,0.06101
134.9,SYN.ETH-24APR20,1585220342498,open,0.02,1206.0,0.0025,0.033,0.017474,141.89,0.0155,0.0,ETH-24APR20-240-C,135.28,138.99,0.016,630.0,0.019,245.0,144.78,0.06983,-0.17157,0.00953,0.00342,0.10676
134.9,SYN.ETH-24APR20,1585220342498,open,0.08,1834.0,0.041,0.1215,0.083193,130.87,0.0785,0.0,ETH-24APR20-160-C,135.28,126.98,0.079,601.0,0.087,601.0,134.39,0.14557,-0.32989,0.03274,0.00773,0.38993
135.15,SYN.ETH-3APR20,1585220342498,open,0.01,168.0,0.0005,0.0345,0.009712,143.52,0.008,0.0,ETH-3APR20-180-C,135.28,138.84,0.0085,300.0,0.011,100.0,148.21,0.03608,-0.32875,0.00278,0.00638,0.10493
134.9,SYN.ETH-24APR20,1585220342497,open,0.0,3906.0,0.0005,0.0165,0.00181,169.68,0.0015,0.0,ETH-24APR20-440-C,135.28,158.88,0.001,50.0,0.003,450.0,180.46,0.01236,-0.0363,0.00115,0.00051,0.01259
134.9,SYN.ETH-24APR20,1585220342497,open,0.01,3085.0,0.0005,0.021,0.006174,156.21,0.0085,0.0,ETH-24APR20-320-C,135.28,151.09,0.005,1.0,0.0075,590.0,161.32,0.03295,-0.08913,0.00365,0.00147,0.04038
134.9,SYN.ETH-24APR20,1585220342498,open,0.52,1276.0,0.4555,0.5805,0.517677,134.54,0.5965,0.0,ETH-24APR20-200-P,135.28,0.0,0.0,0.0,0.0,0.0,0.0,0.10535,-0.24543,-0.14092,0.00544,-0.80272
134.9,SYN.ETH-24APR20,1585220342498,open,0.0,14222.0,0.0005,0.018,0.003275,157.24,0.006,0.0,ETH-24APR20-360-C,135.28,147.44,0.002,870.0,0.005,350.0,167.02,0.02056,-0.05597,0.00209,0.00091,0.02284
135.15,SYN.ETH-3APR20,1585220342497,open,0.41,0.0,0.328,0.509,0.413283,152.61,None,0.0,ETH-3APR20-190-P,135.28,0.0,0.0,0.0,0.0,0.0,0.0,0.02941,-0.28496,-0.03889,0.00489,-0.92037
134.9,SYN.ETH-24APR20,1585220342498,open,0.27,2158.0,0.2085,0.325,0.269222,130.85,0.218,0.0,ETH-24APR20-160-P,135.28,0.0,0.0,0.0,0.0,0.0,0.0,0.14557,-0.32982,-0.09384,0.00773,-0.61011
135.15,SYN.ETH-3APR20,1585220342497,open,0.56,0.0,0.4665,0.662,0.557771,163.7,None,0.0,ETH-3APR20-210-P,135.28,0.0,0.0,0.0,0.0,0.0,0.0,0.01827,-0.18989,-0.04416,0.00283,-0.95661
135.15,SYN.ETH-3APR20,1585220342735,open,0.06,151.0,0.0145,0.1145,0.059238,133.8,0.0635,0.0,ETH-3APR20-130-P,135.28,126.24,0.055,280.0,0.0635,259.0,141.4,0.07581,-0.64393,-0.01292,0.01438,-0.38367
135.22,ETH-27MAR20,1585220343193,open,2.26,1.0,2.0705,2.4615,2.253957,250.0,2.11,0.0,ETH-27MAR20-440-P,135.28,0.0,0.003,50.0,0.0,0.0,0.0,0.0,0.0,-0.01056,0.0,-1.0
6618.9,BTC-27MAR20,1585220343220,open,0.55,0.1,0.518,0.572,0.54675043,0.0,0.391,0.0,BTC-27MAR20-3000-C,6628.87,0.0,0.4575,8.0,0.602,11.5,500.0,0.0,0.0,0.07197,0.0,1.0
134.15,ETH-26JUN20,1585220343229,open,1.15,347.0,0.9955,1.2945,1.149457,132.19,1.34,0.0,ETH-26JUN20-280-P,135.28,0.0,0.01,50.0,0.0,0.0,0.0,0.19841,-0.14274,-0.6521,0.00331,-0.78168
6596.61,BTC-26JUN20,1585220343249,open,0.75,0.5,0.618,0.8675,0.74180698,114.68,1.05,0.0,BTC-26JUN20-11000-P,6628.82,0.0,0.0005,1.0,1.4945,1.0,500.0,11.02179,-6.87904,-24.37366,9e-05,-0.72608
6618.9,BTC-27MAR20,1585220343249,open,0.74,0.1,0.6395,0.848,0.7374567,313.24,0.6,0.0,BTC-27MAR20-11500-P,6628.82,0.0,0.2865,3.5,1.127,3.5,500.0,0.0026,-0.4077,-0.27587,0.0,-0.99979
6618.9,BTC-27MAR20,1585220343249,open,0.44,33.1,0.3545,0.5265,0.43529143,211.55,1.108,0.0,BTC-27MAR20-9500-P,6628.82,0.0,0.001,0.5,0.825,3.5,500.0,0.00354,-0.37427,-0.22787,0.0,-0.9997
6620.73,BTC-25SEP20,1585220343249,open,0.81,191.6,0.6655,0.9385,0.80379389,107.53,0.8055,0.0,BTC-25SEP20-11000-P,6628.82,0.0,0.0,0.0,0.97,0.5,166.93,17.94446,-5.27566,-46.98868,8e-05,-0.61273
6596.61,BTC-26JUN20,1585220343249,open,0.03,520.7,0.006,0.0595,0.02848544,120.12,0.029,0.0,BTC-26JUN20-16000-C,6628.82,118.12,0.0265,16.0,0.0305,46.0,122.08,6.66803,-4.35896,1.5399,5e-05,0.12122
6618.9,BTC-27MAR20,1585220343249,open,0.82,145.5,0.7105,0.9285,0.81299829,336.25,0.92,0.0,BTC-27MAR20-12000-P,6628.82,0.0,0.1,1.0,1.0075,6.9,500.0,0.00254,-0.42782,-0.28787,0.0,-0.99979
6620.73,BTC-25SEP20,1585220343249,open,0.15,362.3,0.09,0.2155,0.15442383,107.57,0.155,0.0,BTC-25SEP20-5000-P,6628.82,105.73,0.1505,23.2,0.1585,17.0,109.49,14.11823,-4.15244,-12.64562,6e-05,-0.22679
6620.73,BTC-25SEP20,1585220343249,open,0.23,192.2,0.149,0.2925,0.22970209,106.44,0.225,0.0,BTC-25SEP20-8000-C,6628.82,104.59,0.2245,17.2,0.235,28.2,108.33,18.54917,-5.39825,10.62345,8e-05,0.54996
6596.61,BTC-26JUN20,1585220343249,open,0.05,635.5,0.02,0.088,0.05218245,120.24,0.052,0.0,BTC-26JUN20-4000-P,6628.82,118.16,0.05,39.2,0.0545,42.0,122.43,6.96586,-4.55828,-3.00932,5e-05,-0.12905
6596.61,BTC-26JUN20,1585220343250,open,0.04,1050.0,0.0115,0.064,0.03546628,124.18,0.037,0.0,BTC-26JUN20-3500-P,6628.82,122.39,0.034,41.4,0.037,32.0,126.02,5.46086,-3.6904,-2.11579,4e-05,-0.09196
6618.9,BTC-27MAR20,1585220343250,open,0.47,4.6,0.4375,0.501,0.47120807,0.0,0.3605,0.0,BTC-27MAR20-3500-C,6628.82,0.0,0.382,8.0,0.5265,11.5,500.0,0.0,0.0,0.08397,0.0,1.0
6620.68,BTC-25SEP20,1585220343250,open,0.12,39.3,0.065,0.1735,0.11994345,108.41,0.1205,0.0,BTC-25SEP20-4500-P,6628.82,106.6,0.1165,24.1,0.1235,18.9,110.28,12.61693,-3.73974,-10.20094,5e-05,-0.18758
6596.61,BTC-26JUN20,1585220343250,open,1.03,0.1,0.8835,1.1635,1.01947708,116.71,1.729,0.0,BTC-26JUN20-13000-P,6628.82,0.0,0.0005,1.0,0.0,0.0,0.0,9.0766,-5.76512,-30.32278,7e-05,-0.80669
6596.61,BTC-26JUN20,1585220343250,open,0.57,26.1,0.5275,0.6015,0.56800706,128.97,0.502,0.0,BTC-26JUN20-3000-C,6628.82,0.0,0.268,7.5,0.8685,7.5,500.0,4.02601,-2.82585,6.14973,3e-05,0.93837
6596.61,BTC-26JUN20,1585220343250,open,0.5,0.0,0.4565,0.544,0.50488912,124.18,None,0.0,BTC-26JUN20-3500-C,6628.82,0.0,0.2045,7.5,0.8045,7.5,435.42,5.46077,-3.69029,6.69427,4e-05,0.90805
6596.56,BTC-26JUN20,1585220343251,open,0.34,81.2,0.2755,0.395,0.34343746,115.73,0.3635,0.0,BTC-26JUN20-5000-C,6628.82,110.38,0.3355,16.5,0.3515,16.5,121.12,9.8343,-6.19363,7.22617,8e-05,0.77863
6618.9,BTC-27MAR20,1585220343251,open,0.97,12.0,0.853,1.089,0.96408445,386.48,1.485,0.0,BTC-27MAR20-13000-P,6628.82,0.0,0.063,1.7,1.1585,6.9,500.0,0.00313,-0.6045,-0.31185,0.0,-0.99974
6596.56,BTC-26JUN20,1585220343251,open,0.04,920.7,0.0105,0.0765,0.0401029,117.67,0.043,0.0,BTC-26JUN20-14000-C,6628.82,115.96,0.038,31.3,0.0425,25.0,119.59,8.17299,-5.23397,2.05205,6e-05,0.16369
6618.9,BTC-27MAR20,1585220343251,open,0.24,139.4,0.1965,0.2875,0.24548799,280.3,0.24,0.0,BTC-27MAR20-5000-C,6628.82,0.0,0.226,5.0,0.249,0.1,375.54,0.13914,-19.49993,0.11706,5e-05,0.98264
6618.9,BTC-27MAR20,1585220343251,open,0.03,662.8,0.0005,0.0835,0.03384067,122.86,0.034,0.0,BTC-27MAR20-6500-C,6628.82,101.9,0.03,31.9,0.0345,0.1,126.42,1.2243,-75.20761,0.09464,0.00095,0.6298
6620.68,BTC-25SEP20,1585220343251,open,0.09,553.0,0.0395,0.1485,0.09507031,109.31,0.096,0.0,BTC-25SEP20-14000-C,6628.82,108.44,0.093,1.0,0.097,14.0,110.12,15.79274,-4.72002,6.15559,7e-05,0.28064
6615.44,SYN.BTC-10APR20,1585220343249,open,0.0,0.0155,0.104,0.05587418,124.46,None,0.0,BTC-10APR20-6000-P,6628.82,120.38,0.053,6.0,0.059,31.5,128.88,4.66803,-19.52792,-0.96902,0.00021,-0.30354
6618.9,BTC-27MAR20,1585220343251,open,0.36,761.9,0.283,0.4465,0.35976278,195.68,0.355,0.0,BTC-27MAR20-9000-P,6628.82,0.0,0.346,3.0,0.38,3.0,500.0,0.00883,-0.86378,-0.2158,0.0,-0.99921
6596.56,BTC-26JUN20,1585220343251,open,0.02,569.6,0.0035,0.0475,0.02096429,122.39,0.022,0.0,BTC-26JUN20-18000-C,6628.82,119.96,0.019,47.4,0.023,79.0,124.79,5.46863,-3.64249,1.18173,4e-05,0.09213
6618.9,BTC-27MAR20,1585220343251,open,0.14,1025.6,0.069,0.2095,0.13539,165.09,0.1205,0.0,BTC-27MAR20-7500-P,6628.82,137.31,0.134,1.8,0.1375,0.8,193.15,0.41674,-34.40076,-0.16979,0.00024,-0.93384
6596.56,BTC-26JUN20,1585220343251,open,0.89,124.0,0.749,1.014,0.87888682,115.63,1.2925,0.0,BTC-26JUN20-12000-P,6628.82,0.0,0.131,1.0,1.6315,1.0,500.0,10.03112,-6.31255,-27.39133,8e-05,-0.77075
6620.68,BTC-25SEP20,1585220343252,open,0.14,340.6,0.073,0.202,0.1423507,107.53,0.146,0.0,BTC-25SEP20-11000-C,6628.82,105.92,0.138,12.3,0.1465,35.8,109.06,17.9444,-5.27576,8.1245,8e-05,0.38727
6618.9,BTC-27MAR20,1585220343252,open,0.0,1193.4,0.0005,0.0155,0.00090509,280.51,0.001,0.0,BTC-27MAR20-5000-P,6628.82,257.53,0.0005,37.8,0.0015,25.2,304.38,0.13959,-5.99068,-0.00291,5e-05,-0.01742
6620.68,BTC-25SEP20,1585220343252,open,1.5,3.4,1.3185,1.672,1.49069375,110.04,2.028,0.0,BTC-25SEP20-16000-P,6628.82,0.0,0.0,0.0,0.0,0.0,0.0,14.18124,-4.2664,-75.03727,6e-05,-0.7714
6596.56,BTC-26JUN20,1585220343252,open,0.02,547.3,0.0065,0.0445,0.02278761,128.98,0.024,0.0,BTC-26JUN20-3000-P,6628.82,126.84,0.0215,41.1,0.024,32.0,130.94,4.02612,-2.82595,-1.40176,3e-05,-0.06163
6620.68,BTC-25SEP20,1585220343252,open,1.22,103.4,1.05,1.373,1.20963437,109.3,1.7,0.0,BTC-25SEP20-14000-P,6628.82,99.66,1.1875,3.0,0.0,0.0,0.0,15.79168,-4.7193,-63.98907,7e-05,-0.7194
6620.68,BTC-25SEP20,1585220343252,open,0.68,262.0,0.547,0.802,0.67722679,107.52,0.7,0.0,BTC-25SEP20-10000-P,6628.82,89.91,0.629,5.4,0.6945,5.7,113.69,18.45401,-5.42475,-41.17651,8e-05,-0.56409
6618.9,BTC-27MAR20,1585220343252,open,1.12,69.5,0.9955,1.25,1.11516787,427.07,2.8715,0.0,BTC-27MAR20-14000-P,6628.82,0.0,0.664,3.5,1.5045,3.5,500.0,0.00307,-0.65564,-0.33584,0.0,-0.99975
6618.9,BTC-27MAR20,1585220343252,open,0.29,916.1,0.212,0.3665,0.28431424,189.44,0.2905,0.0,BTC-27MAR20-8500-P,6628.82,0.0,0.158,20.0,0.674,3.5,500.0,0.03869,-3.66467,-0.20331,2e-05,-0.99597
6620.68,BTC-25SEP20,1585220343252,open,0.03,259.2,0.005,0.0565,0.02601738,116.68,0.03,0.0,BTC-25SEP20-28000-C,6628.82,115.8,0.025,15.0,0.027,8.0,117.52,7.68969,-2.45318,2.1645,3e-05,0.09127
6618.9,BTC-27MAR20,1585220343252,open,0.07,1189.2,0.006,0.132,0.06564438,138.85,0.065,0.0,BTC-27MAR20-7000-P,6628.82,126.99,0.064,0.8,0.07,0.9,167.55,0.94732,-65.76611,-0.13508,0.00065,-0.78499
6618.9,BTC-27MAR20,1585220343253,open,0.67,251.7,0.568,0.7675,0.66191761,294.66,1.07,0.0,BTC-27MAR20-11000-P,6628.82,0.0,0.211,3.5,1.0515,3.5,500.0,0.0034,-0.50051,-0.26386,0.0,-0.99972
6596.56,BTC-26JUN20,1585220343253,open,0.17,411.3,0.1015,0.24,0.17222129,113.81,0.1705,0.0,BTC-26JUN20-6000-P,6628.82,111.47,0.168,15.3,0.1765,31.1,116.18,11.92381,-7.38507,-8.26962,0.0001,-0.32581
6618.9,BTC-27MAR20,1585220343252,open,0.01,1691.2,0.0005,0.043,0.00806045,138.8,0.008,0.0,BTC-27MAR20-7000-C,6628.82,134.85,0.0075,1.2,0.0085,53.1,141.85,0.94712,-53.35129,0.03285,0.00065,0.21493
6596.56,BTC-26JUN20,1585220343253,open,1.17,12.5,1.0205,1.315,1.16241458,117.67,1.427,0.0,BTC-26JUN20-14000-P,6628.82,0.0,0.0,0.0,0.0,0.0,0.0,8.17243,-5.23337,-33.18813,6e-05,-0.83633
6596.56,BTC-26JUN20,1585220343253,open,0.09,935.4,0.0395,0.143,0.09279743,113.44,0.0975,0.0,BTC-26JUN20-10000-C,6628.82,112.45,0.091,24.5,0.0945,5.0,114.38,11.95102,-7.378,3.89952,0.0001,0.32765
6615.44,SYN.BTC-10APR20,1585220343249,open,5.0,0.033,0.1335,0.08549619,117.44,0.0825,0.0,BTC-10APR20-6750-C,6628.82,113.72,0.0825,5.0,0.088,31.5,120.55,5.32495,-21.01999,1.15371,0.00025,0.51341
6617.15,SYN.BTC-3APR20,1585220343249,open,0.14,0.2,0.0625,0.201,0.13050895,119.01,0.145,0.0,BTC-3APR20-7250-P,6628.82,0.0,0.0015,0.1,0.772,5.0,500.0,3.52756,-26.65195,-1.14046,0.00031,-0.66825
6596.56,BTC-26JUN20,1585220343253,open,0.49,626.3,0.3745,0.59,0.48390876,113.33,0.464,0.0,BTC-26JUN20-9000-P,6628.82,58.73,0.39,1.2,1.236,1.0,500.0,12.75749,-7.86839,-18.05377,0.0001,-0.60337
6615.44,SYN.BTC-10APR20,1585220343249,open,2.0,0.0065,0.0715,0.03364388,129.7,0.033,0.0,BTC-10APR20-5500-P,6628.82,125.89,0.0315,7.0,0.036,31.5,133.81,3.75607,-16.37383,-0.63406,0.00016,-0.20153
6620.68,BTC-25SEP20,1585220343253,open,0.94,246.6,0.7895,1.0795,0.9350753,107.74,1.02,0.0,BTC-25SEP20-12000-P,6628.82,0.0,0.15,0.1,1.06,0.5,153.06,17.26896,-5.08714,-52.74053,7e-05,-0.65486
6596.56,BTC-26JUN20,1585220343253,open,0.02,1683.0,0.0015,0.0395,0.01620819,124.95,0.015,0.0,BTC-26JUN20-20000-C,6628.82,122.41,0.0145,12.0,0.018,47.0,127.45,4.57481,-3.11078,0.93806,3e-05,0.0727
6615.44,SYN.BTC-10APR20,1585220343249,open,6.0,0.0105,0.0875,0.04413878,127.64,0.042,0.0,BTC-10APR20-5750-P,6628.82,125.08,0.0425,17.5,0.046,20.0,130.53,4.24839,-18.22679,-0.79436,0.00019,-0.25049
6618.62,SYN.BTC-28MAR20,1585220343249,open,0.0,0.0135,0.138,0.07233143,124.17,None,0.0,BTC-28MAR20-7000-P,6628.82,0.0,0.041,3.0,0.108,3.0,257.81,1.59526,-52.80394,-0.26972,0.00057,-0.72068
6596.56,BTC-26JUN20,1585220343254,open,0.12,1088.0,0.0585,0.173,0.11956541,113.33,0.119,0.0,BTC-26JUN20-9000-C,6628.82,111.75,0.1165,24.1,0.1225,13.7,114.85,12.75754,-7.86858,4.60054,0.0001,0.39663
6612.01,SYN.BTC-24APR20,1585220343249,open,0.28,207.7,0.2255,0.3335,0.2854634,131.9,0.3095,0.0,BTC-24APR20-5000-C,6628.82,70.57,0.25,14.0,0.311,8.0,165.43,4.77533,-10.90652,2.82784,0.0001,0.82607
6618.62,SYN.BTC-28MAR20,1585220343249,open,0.0,0.0125,0.121,0.06931958,124.41,None,0.0,BTC-28MAR20-6250-C,6628.82,0.0,0.0405,4.0,0.0785,4.0,163.12,1.49482,-49.57437,0.23288,0.00053,0.754
6617.15,SYN.BTC-3APR20,1585220343250,open,0.16,0.0,0.0875,0.234,0.15977179,120.15,None,0.0,BTC-3APR20-7500-P,6628.82,0.0,0.0785,0.1,0.801,5.0,500.0,3.19696,-24.3856,-1.27445,0.00028,-0.73282
6618.62,SYN.BTC-28MAR20,1585220343249,open,0.0,0.024,0.1365,0.08447858,128.54,None,0.0,BTC-28MAR20-6125-C,6628.82,0.0,0.056,4.0,0.1145,4.0,258.64,1.277,-43.75733,0.24762,0.00044,0.81251
6612.01,SYN.BTC-24APR20,1585220343249,open,0.41,0.0,0.365,0.453,0.41273613,148.15,None,0.0,BTC-24APR20-4000-C,6628.82,0.0,0.07,6.0,0.5105,8.5,313.63,2.72843,-6.99938,2.66069,5e-05,0.92139
6617.15,SYN.BTC-3APR20,1585220343249,open,0.01,139.2,0.0005,0.0325,0.00964324,151.87,0.0095,0.0,BTC-3APR20-5000-P,6628.82,144.43,0.008,65.0,0.0115,48.0,159.64,1.5219,-14.67363,-0.13614,0.00011,-0.0857
6617.15,SYN.BTC-3APR20,1585220343249,open,0.02,121.7,0.001,0.0485,0.01715467,135.31,0.0165,0.0,BTC-3APR20-5500-P,6628.82,130.43,0.0155,63.7,0.019,45.4,140.57,2.28201,-19.60278,-0.24089,0.00018,-0.15156
6615.44,SYN.BTC-10APR20,1585220343249,open,5.0,0.0165,0.1035,0.0593848,118.99,0.057,0.0,BTC-10APR20-7250-C,6628.82,115.28,0.0565,6.0,0.062,37.5,122.35,5.14929,-20.595,0.91019,0.00024,0.39698
6617.15,SYN.BTC-3APR20,1585220343249,open,0.2,0.0,0.1165,0.269,0.19127081,121.96,None,0.0,BTC-3APR20-7750-P,6628.82,0.0,0.001,0.1,0.705,1.7,500.0,2.83271,-21.93401,-1.39529,0.00025,-0.78596
6617.15,SYN.BTC-3APR20,1585220343250,open,0.25,8.0,0.199,0.301,0.25402741,151.85,0.1805,0.0,BTC-3APR20-5000-C,6628.82,0.0,0.135,8.0,0.305,11.5,301.22,1.52168,-14.67004,0.94275,0.00011,0.91431
134.58,ETH-25SEP20,1585220343262,open,1.49,89.0,1.3085,1.679,1.490024,125.41,1.4935,0.0,ETH-25SEP20-320-P,135.28,0.0,0.0,0.0,4.44,1.0,500.0,0.3299,-0.11312,-1.47846,0.0029,-0.7026
6617.15,SYN.BTC-3APR20,1585220343249,open,0.15,71.4,0.0925,0.206,0.15467668,129.41,0.1495,0.0,BTC-3APR20-5750-C,6628.82,0.0,0.1215,7.0,0.1835,7.0,193.17,2.73879,-22.50197,0.91832,0.00022,0.79785
6615.44,SYN.BTC-10APR20,1585220343250,open,0.0,0.108,0.2575,0.18239418,119.02,None,0.0,BTC-10APR20-7500-P,6628.82,62.49,0.145,3.0,0.231,3.0,181.71,4.91403,-19.65816,-2.26103,0.00023,-0.65622
6617.15,SYN.BTC-3APR20,1585220343250,open,0.03,92.8,0.002,0.0625,0.02634806,120.14,0.028,0.0,BTC-3APR20-7500-C,6628.82,117.33,0.025,17.9,0.0275,0.3,122.51,3.19682,-24.38245,0.34382,0.00028,0.26715
6617.15,SYN.BTC-3APR20,1585220343250,open,0.01,65.2,0.0005,0.0275,0.00767217,163.09,0.007,0.0,BTC-3APR20-4750-P,6628.82,156.65,0.0065,0.1,0.009,58.8,169.84,1.25206,-12.96361,-0.10567,8e-05,-0.06634
6618.62,SYN.BTC-28MAR20,1585220343249,open,1.0,0.0005,0.052,0.01470365,124.15,0.0145,0.0,BTC-28MAR20-7000-C,6628.82,117.0,0.013,27.0,0.0165,24.9,131.52,1.59516,-52.79221,0.08999,0.00057,0.27928
6612.01,SYN.BTC-24APR20,1585220343249,open,0.02,518.0,0.0005,0.035,0.01359446,122.56,0.0135,0.0,BTC-24APR20-11000-C,6628.82,121.3,0.013,35.9,0.014,69.3,123.4,3.16935,-6.72577,0.43142,7e-05,0.09607
6617.15,SYN.BTC-3APR20,1585220343250,open,0.29,15.0,0.238,0.335,0.28983714,163.07,0.214,0.0,BTC-3APR20-4750-C,6628.82,0.0,0.1705,8.0,0.3405,11.5,327.43,1.25181,-12.95975,0.91928,8e-05,0.93368
6612.01,SYN.BTC-24APR20,1585220343249,open,0.08,249.7,0.0335,0.128,0.0823143,117.0,0.0795,0.0,BTC-24APR20-7500-C,6628.82,114.43,0.0795,33.2,0.0845,53.8,118.99,7.24447,-14.67645,1.7327,0.00018,0.41356
6618.62,SYN.BTC-28MAR20,1585220343249,open,0.0,0.002,0.0925,0.04367565,119.88,None,0.0,BTC-28MAR20-6500-C,6628.82,106.57,0.04,21.5,0.0465,17.5,130.06,1.83302,-58.57601,0.18923,0.00068,0.60002
6617.15,SYN.BTC-3APR20,1585220343249,open,0.01,112.6,0.0005,0.023,0.00593432,173.43,0.006,0.0,BTC-3APR20-4500-P,6628.82,167.03,0.005,17.1,0.007,47.9,180.13,1.00898,-11.10943,-0.08044,6e-05,-0.05041
6615.44,SYN.BTC-10APR20,1585220343249,open,0.0,0.004,0.0615,0.02779344,122.21,None,0.0,BTC-10APR20-8250-C,6628.82,118.32,0.0255,8.0,0.03,35.0,125.85,3.95602,-16.24959,0.51864,0.00018,0.22016
6617.15,SYN.BTC-3APR20,1585220343249,open,0.05,120.4,0.0075,0.089,0.0454373,117.31,0.0475,0.0,BTC-3APR20-7000-C,6628.82,112.14,0.0425,51.9,0.048,27.8,121.8,3.76743,-28.05816,0.51348,0.00034,0.40507
6615.44,SYN.BTC-10APR20,1585220343249,open,0.5,0.004,0.059,0.02590052,133.51,0.0245,0.0,BTC-10APR20-5250-P,6628.82,129.61,0.024,8.0,0.0275,20.0,136.74,3.25595,-14.6115,-0.50253,0.00014,-0.16049
6617.15,SYN.BTC-3APR20,1585220343249,open,0.0,189.0,0.0005,0.0195,0.00470001,185.07,0.0045,0.0,BTC-3APR20-4250-P,6628.82,179.16,0.004,0.1,0.0055,30.8,191.28,0.81751,-9.60552,-0.06214,5e-05,-0.03882
6617.15,SYN.BTC-3APR20,1585220343249,open,0.01,60.2,0.0005,0.039,0.01241556,141.82,0.0125,0.0,BTC-3APR20-5250-P,6628.82,136.65,0.011,63.9,0.014,51.6,147.35,1.85338,-16.68731,-0.17787,0.00014,-0.11216
6615.44,SYN.BTC-10APR20,1585220343249,open,3.0,0.0235,0.1175,0.07107509,117.82,0.0675,0.0,BTC-10APR20-7000-C,6628.82,114.6,0.0685,6.0,0.073,20.0,120.23,5.2906,-20.95155,1.02914,0.00025,0.45278
6612.01,SYN.BTC-24APR20,1585220343249,open,0.4,215.8,0.307,0.4925,0.3982619,118.66,0.74,0.0,BTC-24APR20-9000-P,6628.82,0.0,0.005,6.9,0.805,1.0,500.0,5.57093,-11.44615,-6.13965,0.00014,-0.77547
6615.44,SYN.BTC-10APR20,1585220343249,open,0.0,0.0465,0.1685,0.10584135,117.45,None,0.0,BTC-10APR20-6750-P,6628.82,117.02,0.1055,4.0,0.1135,28.1,126.97,5.32495,-21.02095,-1.59728,0.00025,-0.48659
6617.15,SYN.BTC-3APR20,1585220343249,open,0.3,12.4,0.215,0.3805,0.29456415,131.53,0.444,0.0,BTC-3APR20-8500-P,6628.82,0.0,0.001,0.1,0.658,2.5,500.0,1.88891,-15.7736,-1.68391,0.00015,-0.88481
6612.01,SYN.BTC-24APR20,1585220343249,open,0.01,459.0,0.0005,0.028,0.01000584,128.65,0.0095,0.0,BTC-24APR20-12000-C,6628.82,125.95,0.009,31.3,0.011,45.0,131.18,2.53235,-5.6411,0.32057,6e-05,0.07129
6618.62,SYN.BTC-28MAR20,1585220343249,open,1.2,0.001,0.0895,0.03477506,119.88,0.037,0.0,BTC-28MAR20-6625-P,6628.82,110.17,0.032,24.3,0.0375,19.3,129.42,1.89188,-60.45822,-0.17758,0.0007,-0.48734
6617.15,SYN.BTC-3APR20,1585220343249,open,0.22,8.0,0.161,0.2675,0.21901894,141.81,0.1505,0.0,BTC-3APR20-5250-C,6628.82,0.0,0.1005,8.0,0.2705,11.5,277.69,1.85318,-16.68404,0.95496,0.00014,0.88785
6617.15,SYN.BTC-3APR20,1585220343249,open,0.19,18.7,0.1255,0.236,0.18597726,135.3,0.1695,0.0,BTC-3APR20-5500-C,6628.82,0.0,0.154,7.0,0.213,7.0,203.16,2.28186,-19.59992,0.94588,0.00018,0.84845
6618.62,SYN.BTC-28MAR20,1585220343249,open,0.0,0.0065,0.121,0.05829827,122.27,None,0.0,BTC-28MAR20-6875-P,6628.82,95.97,0.0515,4.4,0.0685,4.0,159.93,1.75438,-57.18249,-0.24147,0.00064,-0.65164
6617.15,SYN.BTC-3APR20,1585220343249,open,0.26,7.8,0.181,0.3425,0.25905481,127.65,0.3985,0.0,BTC-3APR20-8250-P,6628.82,0.0,0.001,0.1,0.623,2.5,500.0,2.15844,-17.49192,-1.59847,0.00018,-0.86048
6612.01,SYN.BTC-24APR20,1585220343249,open,0.68,0.1,0.5745,0.79,0.67723961,122.57,0.93,0.0,BTC-24APR20-11000-P,6628.82,0.0,0.0015,10.0,1.0855,1.0,500.0,3.17014,-6.72821,-8.27071,7e-05,-0.9039
6615.44,SYN.BTC-10APR20,1585220343249,open,2.0,0.023,0.1235,0.07006957,121.84,0.075,0.0,BTC-10APR20-6250-P,6628.82,118.44,0.0675,5.0,0.0725,28.3,125.05,5.00434,-20.49347,-1.16402,0.00023,-0.36167
6612.01,SYN.BTC-24APR20,1585220343250,open,0.09,402.0,0.0395,0.144,0.09004925,123.28,0.093,0.0,BTC-24APR20-6000-P,6628.82,120.76,0.0875,9.0,0.0915,29.9,124.71,6.69432,-14.28982,-2.17158,0.00016,-0.3251
6612.01,SYN.BTC-24APR20,1585220343249,open,0.83,0.0,0.715,0.947,0.82489147,128.67,None,0.0,BTC-24APR20-12000-P,6628.82,0.0,0.0,0.0,1.2325,1.0,500.0,2.53337,-5.64421,-9.17265,6e-05,-0.92867
6617.15,SYN.BTC-3APR20,1585220343249,open,0.23,0.0,0.1485,0.3065,0.22552267,127.14,None,0.0,BTC-3APR20-8000-P,6628.82,0.0,0.001,0.1,0.589,2.5,500.0,2.53323,-20.44747,-1.49556,0.00021,-0.82194
6615.44,SYN.BTC-10APR20,1585220343250,open,0.0,0.0115,0.09,0.04867733,119.01,None,0.0,BTC-10APR20-7500-C,6628.82,116.07,0.0465,7.0,0.0505,22.7,121.46,4.91397,-19.65679,0.7956,0.00023,0.34376
6618.62,SYN.BTC-28MAR20,1585220343250,open,0.0,0.0395,0.1525,0.10061089,132.99,None,0.0,BTC-28MAR20-6000-C,6628.82,0.0,0.0725,3.0,0.13,3.0,272.37,1.05988,-37.57349,0.25803,0.00035,0.85925
6617.15,SYN.BTC-3APR20,1585220343249,open,0.05,64.9,0.0085,0.095,0.04582434,123.24,0.052,0.0,BTC-3APR20-6250-P,6628.82,117.99,0.043,39.6,0.049,45.1,129.11,3.57119,-27.94066,-0.55435,0.00031,-0.34243
6612.01,SYN.BTC-24APR20,1585220343250,open,0.54,14.5,0.438,0.6395,0.53544624,121.81,0.9535,0.0,BTC-24APR20-10000-P,6628.82,0.0,0.005,6.9,0.9415,1.0,500.0,4.33725,-9.14808,-7.24678,0.0001,-0.84994
6615.44,SYN.BTC-10APR20,1585220343249,open,2.0,0.0335,0.1455,0.08729784,120.26,0.093,0.0,BTC-10APR20-6500-P,6628.82,117.35,0.085,5.0,0.0905,31.3,124.31,5.22874,-21.13481,-1.37618,0.00024,-0.42313
6617.15,SYN.BTC-3APR20,1585220343249,open,0.32,0.0,0.2775,0.3685,0.32588008,173.41,None,0.0,BTC-3APR20-4500-C,6628.82,0.0,0.2065,8.0,0.3765,11.5,355.61,1.00872,-11.10529,0.89056,6e-05,0.94961
6615.44,SYN.BTC-10APR20,1585220343249,open,0.0,0.008,0.079,0.04014466,119.71,None,0.0,BTC-10APR20-7750-C,6628.82,116.62,0.038,7.0,0.0415,20.0,121.64,4.61964,-18.58796,0.6915,0.00022,0.29662
6612.01,SYN.BTC-24APR20,1585220343250,open,0.98,0.5,0.8565,1.1045,0.97339874,133.08,0.869,0.0,BTC-24APR20-13000-P,6628.82,0.0,0.0,0.0,1.1815,1.9,374.24,2.00095,-4.61106,-10.04675,4e-05,-0.94727
134.58,ETH-25SEP20,1585220343273,open,2.63,0.0,2.387,2.8765,2.625597,128.58,None,0.0,ETH-25SEP20-480-P,135.28,0.0,0.0,0.0,0.0,0.0,0.0,0.24382,-0.08571,-2.328,0.00209,-0.82695
6596.61,BTC-26JUN20,1585220343301,open,0.07,186.3,0.0325,0.118,0.07418167,117.63,0.0725,0.0,BTC-26JUN20-4500-P,6628.82,115.54,0.0715,32.8,0.0765,25.6,119.44,8.46295,-5.41782,-4.10103,7e-05,-0.1728
6620.68,BTC-25SEP20,1585220343303,open,0.24,206.6,0.154,0.3125,0.23610552,106.79,0.238,0.0,BTC-25SEP20-6000-P,6628.82,104.53,0.2305,6.4,0.2415,28.4,108.96,16.4312,-4.79733,-17.97146,7e-05,-0.30567
6596.61,BTC-26JUN20,1585220343305,open,0.07,186.3,0.0325,0.118,0.07418167,117.63,0.0725,0.0,BTC-26JUN20-4500-P,6628.82,115.54,0.0715,32.8,0.0765,28.1,119.44,8.46295,-5.41782,-4.10103,7e-05,-0.1728
6620.68,BTC-25SEP20,1585220343317,open,0.03,540.9,0.01,0.052,0.02919325,118.09,0.026,0.0,BTC-25SEP20-2500-P,6628.82,117.23,0.0285,1.0,0.0295,8.0,118.47,5.34015,-1.72418,-2.84933,2e-05,-0.0567
6620.68,BTC-25SEP20,1585220343318,open,0.24,206.6,0.154,0.3125,0.23610552,106.79,0.238,0.0,BTC-25SEP20-6000-P,6628.82,104.53,0.2305,20.8,0.2415,28.4,108.96,16.4312,-4.79733,-17.97146,7e-05,-0.30567
6596.61,BTC-26JUN20,1585220344112,open,0.26,374.0,0.175,0.3445,0.2622391,113.22,0.258,0.0,BTC-26JUN20-7000-P,6628.82,110.56,0.257,24.0,0.268,15.1,116.15,12.9923,-8.00531,-11.47379,0.0001,-0.42876
6596.59,BTC-26JUN20,1585220344228,open,3.57,5.5,3.2915,3.8515,3.5538134,134.8,5.702,0.0,BTC-26JUN20-30000-P,6628.82,0.0,0.0005,1.0,0.0,0.0,0.0,2.16577,-1.58882,-75.13876,1e-05,-0.97138
6596.59,BTC-26JUN20,1585220344256,open,0.63,0.0,0.6025,0.663,0.63496814,135.7,None,0.0,BTC-26JUN20-2500-C,6628.98,0.0,0.0015,0.5,0.0,0.0,0.0,2.77853,-2.05197,5.41797,2e-05,0.96126
6618.9,BTC-27MAR20,1585220344256,open,0.59,0.1,0.497,0.6875,0.58636632,188.21,0.1395,0.0,BTC-27MAR20-10500-P,6628.98,0.0,0.1355,3.5,0.976,3.5,500.0,1e-05,-0.00056,-0.25191,0.0,-1.0
6620.67,BTC-25SEP20,1585220344256,open,0.44,0.7,0.3725,0.491,0.44026202,108.41,0.445,0.0,BTC-25SEP20-4500-C,6628.98,89.64,0.405,10.0,0.4725,10.0,125.25,12.61698,-3.73989,12.34507,5e-05,0.81242
6618.9,BTC-27MAR20,1585220344256,open,0.0,590.1,0.0005,0.0155,1e-08,188.21,0.0005,0.0,BTC-27MAR20-10500-C,6628.98,0.0,0.0,0.0,0.0005,17.0,380.07,1e-05,-4e-05,0.0,0.0,0.0
6618.9,BTC-27MAR20,1585220344256,open,0.0,821.9,0.0005,0.0155,1.12e-06,188.2,0.0005,0.0,BTC-27MAR20-9500-C,6628.98,0.0,0.0,0.0,0.0005,2.1,308.19,0.00071,-0.00742,1e-05,0.0,5e-05
6618.9,BTC-27MAR20,1585220344256,open,0.0,371.7,0.0005,0.0155,0.0,188.21,0.0005,0.0,BTC-27MAR20-11500-C,6628.98,0.0,0.0,0.0,0.001,52.5,481.55,0.0,0.0,0.0,0.0,0.0
6618.9,BTC-27MAR20,1585220344256,open,0.0,579.4,0.0005,0.0155,0.0,280.98,0.0005,0.0,BTC-27MAR20-3000-P,6628.98,0.0,0.0,0.0,0.0005,19.2,500.0,0.0,0.0,0.0,0.0,0.0
6618.9,BTC-27MAR20,1585220344256,open,0.0,708.8,0.0005,0.0155,4e-08,280.86,0.0005,0.0,BTC-27MAR20-3500-P,6628.98,0.0,0.0,0.0,0.0005,1.2,500.0,2e-05,-0.00024,0.0,0.0,0.0
6620.83,BTC-25SEP20,1585220344256,open,0.65,1.8,0.6145,0.682,0.65158556,118.08,0.613,0.0,BTC-25SEP20-2500-C,6628.98,0.0,0.6115,0.1,0.7485,0.1,214.76,5.33941,-1.72377,9.67711,2e-05,0.94331
6620.83,BTC-25SEP20,1585220344256,open,0.59,0.0,0.5455,0.627,0.59106044,113.63,None,0.0,BTC-25SEP20-3000-C,6628.98,0.0,0.16,1.0,0.0,0.0,0.0,7.15155,-2.22183,10.81817,3e-05,0.91718
6618.9,BTC-27MAR20,1585220344256,open,0.0,2041.8,0.0005,0.0155,0.0,188.21,0.0005,0.0,BTC-27MAR20-16000-C,6628.98,0.0,0.0,0.0,0.0005,42.0,500.0,0.0,0.0,0.0,0.0,0.0
6618.9,BTC-27MAR20,1585220344256,open,0.0,969.6,0.0005,0.024,0.00226589,165.01,0.002,0.0,BTC-27MAR20-7500-C,6628.98,160.64,0.002,6.0,0.0025,25.0,168.64,0.41623,-14.99771,0.01013,0.00024,0.06605
6618.9,BTC-27MAR20,1585220344256,open,4.15,0.0,3.8465,4.4645,4.13680521,250.0,None,0.0,BTC-27MAR20-34000-P,6628.98,0.0,0.0,0.0,0.0,0.0,0.0,0.0,0.0,-0.81572,0.0,-1.0
6620.83,BTC-25SEP20,1585220344257,open,2.68,16.1,2.4325,2.9125,2.66002513,114.82,3.1855,0.0,BTC-25SEP20-24000-P,6628.98,0.0,0.0,0.0,0.0,0.0,0.0,9.3396,-2.932,-117.45194,4e-05,-0.88064
6618.9,BTC-27MAR20,1585220344257,open,0.0,705.4,0.0005,0.0155,0.0,188.21,0.0005,0.0,BTC-27MAR20-18000-C,6628.98,0.0,0.0,0.0,0.0005,42.0,500.0,0.0,0.0,0.0,0.0,0.0
6618.9,BTC-27MAR20,1585220344257,open,0.0,2146.7,0.0005,0.0155,1.2e-05,188.17,0.0005,0.0,BTC-27MAR20-9000-C,6628.98,0.0,0.0,0.0,0.0005,3.0,268.28,0.00581,-0.07945,8e-05,0.0,0.0005
6620.83,BTC-25SEP20,1585220344257,open,0.07,24.9,0.029,0.1025,0.06488292,111.42,0.065,0.0,BTC-25SEP20-3500-P,6628.98,109.67,0.0625,19.3,0.0675,32.0,113.32,9.07191,-2.76355,-5.95264,4e-05,-0.11456
6618.9,BTC-27MAR20,1585220344257,open,2.64,0.0,2.421,2.857,2.62598015,250.0,None,0.0,BTC-27MAR20-24000-P,6628.98,0.0,0.0005,1.0,0.0,0.0,0.0,0.0,0.0,-0.5758,0.0,-1.0
6618.9,BTC-27MAR20,1585220344257,open,0.32,86.9,0.277,0.3585,0.32021276,280.62,0.2785,0.0,BTC-27MAR20-4500-C,6628.98,0.0,0.301,6.0,0.3395,6.0,500.0,0.02069,-2.90296,0.10763,1e-05,0.99799
6618.9,BTC-27MAR20,1585220344257,open,1.73,0.0,1.566,1.893,1.71948511,252.93,1.23,0.0,BTC-27MAR20-18000-P,6628.98,0.0,1.2685,3.5,2.109,3.5,500.0,0.0,0.0,-0.43185,0.0,-1.0
6618.9,BTC-27MAR20,1585220344257,open,5.06,0.8,4.7015,5.429,5.04330025,250.0,5.8915,0.0,BTC-27MAR20-40000-P,6628.98,0.0,0.0,0.0,0.0,0.0,0.0,0.0,0.0,-0.95967,0.0,-1.0
6620.83,BTC-25SEP20,1585220344257,open,0.53,3.0,0.482,0.578,0.53623767,111.41,0.533,0.0,BTC-25SEP20-3500-C,6628.98,0.0,0.06,2.0,0.0,0.0,0.0,9.0716,-2.76326,11.58393,4e-05,0.88544
6618.9,BTC-27MAR20,1585220344257,open,2.03,3.0,1.851,2.2145,2.02165012,250.0,2.2095,0.0,BTC-27MAR20-20000-P,6628.98,0.0,1.5705,3.5,2.411,3.5,500.0,0.0,0.0,-0.47983,0.0,-1.0
6618.9,BTC-27MAR20,1585220344257,open,0.0,255.7,0.0005,0.0155,0.0,188.22,0.0015,0.0,BTC-27MAR20-32000-C,6628.98,0.0,0.0,0.0,0.0005,42.0,500.0,0.0,0.0,0.0,0.0,0.0
6618.9,BTC-27MAR20,1585220344257,open,0.0,275.6,0.0005,0.0155,8.403e-05,280.62,0.0005,0.0,BTC-27MAR20-4500-P,6628.98,0.0,0.0,0.0,0.0005,2.1,342.06,0.02069,-0.55622,-0.00033,1e-05,-0.00201
6596.59,BTC-26JUN20,1585220344257,open,0.01,386.7,0.0005,0.023,0.00773226,134.74,0.008,0.0,BTC-26JUN20-28000-C,6628.98,132.83,0.007,7.5,0.0085,62.0,136.62,2.61032,-1.91405,0.46749,2e-05,0.03589
6620.83,BTC-25SEP20,1585220344257,open,0.07,508.5,0.0265,0.123,0.07404634,110.04,0.074,0.0,BTC-25SEP20-16000-C,6628.98,109.08,0.072,6.9,0.076,6.4,110.95,14.18318,-4.26733,5.12832,6e-05,0.22864
6596.59,BTC-26JUN20,1585220344257,open,3.27,0.0,3.006,3.532,3.25233668,134.71,None,0.0,BTC-26JUN20-28000-P,6628.98,0.0,0.0005,1.0,0.0,0.0,0.0,2.60751,-1.91153,-70.01306,2e-05,-0.96416
6618.9,BTC-27MAR20,1585220344257,open,0.0,185.5,0.0005,0.0155,0.0,188.22,0.001,0.0,BTC-27MAR20-34000-C,6628.98,0.0,0.0,0.0,0.0005,33.0,500.0,0.0,0.0,0.0,0.0,0.0
6618.9,BTC-27MAR20,1585220344257,open,0.0,2295.5,0.0005,0.0155,0.0,188.21,0.0005,0.0,BTC-27MAR20-14000-C,6628.98,0.0,0.0,0.0,0.001,226.0,500.0,0.0,0.0,0.0,0.0,0.0
6596.59,BTC-26JUN20,1585220344257,open,2.97,0.0,2.72,3.2105,2.94986947,131.13,None,0.0,BTC-26JUN20-26000-P,6628.98,0.0,0.0005,1.0,0.0,0.0,0.0,2.82627,-2.01686,-64.92901,2e-05,-0.96044
6620.83,BTC-25SEP20,1585220344257,open,0.02,356.5,0.0035,0.0475,0.02050274,118.86,0.021,0.0,BTC-25SEP20-32000-C,6628.98,117.83,0.0195,10.0,0.0215,8.0,119.86,6.51636,-2.11773,1.75024,2e-05,0.07326
6618.9,BTC-27MAR20,1585220344257,open,0.0,2908.5,0.0005,0.0155,0.0,188.21,0.0005,0.0,BTC-27MAR20-12000-C,6628.98,0.0,0.0,0.0,0.0005,20.2,472.75,0.0,0.0,0.0,0.0,0.0
6620.83,BTC-25SEP20,1585220344258,open,0.27,131.9,0.192,0.3355,0.27386958,106.33,0.2825,0.0,BTC-25SEP20-7000-C,6628.98,104.16,0.268,16.8,0.2795,27.8,108.42,17.86105,-5.19245,11.44204,8e-05,0.6188
6618.9,BTC-27MAR20,1585220344258,open,0.52,604.5,0.4255,0.607,0.51082515,188.21,0.525,0.0,BTC-27MAR20-10000-P,6628.98,0.0,0.059,3.5,0.8995,3.5,500.0,7e-05,-0.00666,-0.23992,0.0,-1.0
6618.9,BTC-27MAR20,1585220344258,open,0.0,522.4,0.0005,0.0155,0.0,188.21,0.0005,0.0,BTC-27MAR20-26000-C,6628.98,0.0,0.0,0.0,0.0005,42.0,500.0,0.0,0.0,0.0,0.0,0.0
6618.9,BTC-27MAR20,1585220344257,open,4.46,0.1,4.1315,4.786,4.43897022,0.0,5.7275,0.0,BTC-27MAR20-36000-P,6628.98,0.0,0.0,0.0,0.0,0.0,0.0,0.0,0.0,-0.8637,0.0,-1.0
6618.9,BTC-27MAR20,1585220344257,open,0.0,817.0,0.0005,0.0155,0.0,188.21,0.0005,0.0,BTC-27MAR20-15000-C,6628.98,0.0,0.0,0.0,0.0005,25.0,500.0,0.0,0.0,0.0,0.0,0.0
6620.83,BTC-25SEP20,1585220344258,open,0.4,69.1,0.3265,0.4535,0.39922274,107.57,0.391,0.0,BTC-25SEP20-5000-C,6628.98,102.54,0.3885,10.0,0.4225,10.0,118.5,14.11824,-4.15239,12.40614,6e-05,0.77321
6596.75,BTC-26JUN20,1585220344258,open,2.36,0.0,2.1495,2.571,2.34752658,126.77,None,0.0,BTC-26JUN20-22000-P,6628.98,0.0,0.0,0.0,0.0,0.0,0.0,3.8157,-2.63254,-54.62991,3e-05,-0.94245
6620.83,BTC-25SEP20,1585220344258,open,0.48,713.4,0.424,0.532,0.48573259,109.56,0.486,0.0,BTC-25SEP20-4000-C,6628.98,90.3,0.455,10.0,0.5155,10.0,127.32,10.91403,-3.26915,12.09235,5e-05,0.85026
6620.83,BTC-25SEP20,1585220344258,open,0.05,355.9,0.0135,0.0885,0.0477828,111.65,0.053,0.0,BTC-25SEP20-20000-C,6628.98,111.19,0.047,8.6,0.0485,0.1,112.07,11.29756,-3.44868,3.64803,5e-05,0.15775
6596.75,BTC-26JUN20,1585220344258,open,1.76,1.0,1.581,1.9375,1.74965863,122.48,0.9,0.0,BTC-26JUN20-18000-P,6628.98,0.0,0.0005,1.0,0.0,0.0,0.0,5.47967,-3.65257,-44.12398,4e-05,-0.90762
6596.75,BTC-26JUN20,1585220344258,open,0.01,1592.6,0.0005,0.028,0.01021044,129.06,0.009,0.0,BTC-26JUN20-24000-C,6628.98,126.52,0.009,10.0,0.0115,66.0,131.56,3.2695,-2.29631,0.61714,2e-05,0.04738
6618.9,BTC-27MAR20,1585220344258,open,3.85,0.0,3.561,4.143,3.8346402,250.0,None,0.0,BTC-27MAR20-32000-P,6628.98,0.0,0.0,0.0,0.0,0.0,0.0,0.0,0.0,-0.76773,0.0,-1.0
6618.9,BTC-27MAR20,1585220344258,open,0.0,877.9,0.0005,0.0155,0.0,188.23,0.001,0.0,BTC-27MAR20-40000-C,6628.98,0.0,0.0,0.0,0.0005,74.0,500.0,0.0,0.0,0.0,0.0,0.0
6618.9,BTC-27MAR20,1585220344258,open,0.0,925.1,0.0005,0.0155,0.0,188.21,0.001,0.0,BTC-27MAR20-20000-C,6628.98,0.0,0.0,0.0,0.0005,31.0,500.0,0.0,0.0,0.0,0.0,0.0
6620.83,BTC-25SEP20,1585220344258,open,0.04,147.2,0.0085,0.0705,0.03501985,114.76,0.035,0.0,BTC-25SEP20-24000-C,6628.98,114.03,0.034,10.0,0.036,8.0,115.45,9.32849,-2.92702,2.79114,4e-05,0.11916
6620.83,BTC-25SEP20,1585220344258,open,0.33,186.1,0.2505,0.389,0.32985787,106.78,0.337,0.0,BTC-25SEP20-6000-C,6628.98,94.44,0.299,10.0,0.3495,10.0,114.74,16.43136,-4.79729,12.09074,7e-05,0.69434
6596.75,BTC-26JUN20,1585220344258,open,0.01,1101.3,0.0005,0.0325,0.01245497,126.61,0.0115,0.0,BTC-26JUN20-22000-C,6628.98,123.99,0.011,10.0,0.014,66.0,129.2,3.79824,-2.61705,0.74326,3e-05,0.05722
6620.83,BTC-25SEP20,1585220344258,open,4.48,0.5,4.134,4.816,4.45400341,120.81,5.18,0.0,BTC-25SEP20-36000-P,6628.98,0.0,0.0,0.0,0.0,0.0,0.0,5.60151,-1.8502,-178.92289,2e-05,-0.93974
6618.9,BTC-27MAR20,1585220344258,open,0.0,327.5,0.0005,0.0155,0.0,188.21,0.0005,0.0,BTC-27MAR20-24000-C,6628.98,0.0,0.0,0.0,0.0005,25.0,500.0,0.0,0.0,0.0,0.0,0.0
6620.83,BTC-25SEP20,1585220344258,open,3.88,1.0,3.5655,4.179,3.85384312,118.98,7.779,0.0,BTC-25SEP20-32000-P,6628.98,0.0,0.0,0.0,0.0,0.0,0.0,6.53663,-2.1263,-158.57288,3e-05,-0.92644
6596.75,BTC-26JUN20,1585220344259,open,0.01,3332.5,0.0005,0.02,0.00515159,136.42,0.0045,0.0,BTC-26JUN20-32000-C,6628.98,132.11,0.004,29.0,0.0065,63.0,140.71,1.91519,-1.42187,0.32469,1e-05,0.02471
6620.83,BTC-25SEP20,1585220344258,open,0.02,399.0,0.0015,0.0405,0.01649548,120.66,0.019,0.0,BTC-25SEP20-36000-C,6628.98,119.46,0.0155,15.0,0.0175,8.0,121.83,5.57621,-1.83962,1.44022,2e-05,0.05991
6618.9,BTC-27MAR20,1585220344259,open,0.0,377.3,0.0005,0.0155,0.0,188.21,0.0005,0.0,BTC-27MAR20-22000-C,6628.98,0.0,0.0,0.0,0.0005,25.0,500.0,0.0,0.0,0.0,0.0,0.0
6618.9,BTC-27MAR20,1585220344259,open,0.0,772.9,0.0005,0.0155,0.00010518,188.08,0.0005,0.0,BTC-27MAR20-8500-C,6628.98,0.0,0.0,0.0,0.001,5.0,248.21,0.0367,-0.69615,0.00059,2e-05,0.0038
6620.83,BTC-25SEP20,1585220344258,open,0.06,256.5,0.019,0.105,0.05998449,111.39,0.062,0.0,BTC-25SEP20-18000-C,6628.98,110.61,0.0585,8.0,0.0615,6.4,112.17,12.75752,-3.88523,4.34533,5e-05,0.19098
6618.9,BTC-27MAR20,1585220344259,open,0.39,81.0,0.3575,0.4295,0.39567321,280.74,0.4015,0.0,BTC-27MAR20-4000-C,6628.98,0.0,0.3785,7.0,0.4125,7.0,500.0,0.00123,-0.17213,0.09595,0.0,0.9999
6618.9,BTC-27MAR20,1585220344259,open,0.0,413.4,0.0005,0.0155,0.0,188.23,0.005,0.0,BTC-27MAR20-36000-C,6628.98,0.0,0.0,0.0,0.0005,25.2,500.0,0.0,0.0,0.0,0.0,0.0
6618.9,BTC-27MAR20,1585220344259,open,0.0,1881.1,0.0005,0.0155,9e-08,188.21,0.0005,0.0,BTC-27MAR20-10000-C,6628.98,0.0,0.0,0.0,0.0005,0.1,345.32,7e-05,-0.00058,0.0,0.0,0.0
6596.75,BTC-26JUN20,1585220344259,open,0.2,359.6,0.128,0.2585,0.20108048,113.21,0.198,0.0,BTC-26JUN20-7000-C,6628.98,110.89,0.1965,16.5,0.2055,34.0,115.46,12.99255,-8.00491,6.14653,0.0001,0.57124
6596.75,BTC-26JUN20,1585220344259,open,2.66,0.0,2.4345,2.8905,2.6484701,129.27,None,0.0,BTC-26JUN20-24000-P,6628.98,0.0,0.0005,1.0,0.0,0.0,0.0,3.29014,-2.31457,-59.78981,2e-05,-0.95225
6618.9,BTC-27MAR20,1585220344259,open,2.94,0.0,2.706,3.1785,2.92814516,250.0,None,0.0,BTC-27MAR20-26000-P,6628.98,0.0,0.0,0.0,0.0,0.0,0.0,0.0,0.0,-0.62378,0.0,-1.0
6618.9,BTC-27MAR20,1585220344259,open,0.0,1416.3,0.0005,0.0155,0.0,188.21,0.0005,0.0,BTC-27MAR20-13000-C,6628.98,0.0,0.0,0.0,0.0005,42.0,500.0,0.0,0.0,0.0,0.0,0.0
6618.9,BTC-27MAR20,1585220344259,open,0.0,1431.5,0.0005,0.0155,3.23e-06,280.74,0.0005,0.0,BTC-27MAR20-4000-P,6628.98,0.0,0.0,0.0,0.0005,2.5,435.0,0.00123,-0.02138,-2e-05,0.0,-0.0001
6596.75,BTC-26JUN20,1585220344259,open,2.06,0.1,1.865,2.254,2.04809108,125.07,1.85,0.0,BTC-26JUN20-20000-P,6628.98,0.0,0.0005,1.0,0.0,0.0,0.0,4.58888,-3.12341,-49.40139,3e-05,-0.92701
6618.9,BTC-27MAR20,1585220344259,open,0.17,447.7,0.1165,0.2175,0.16953872,178.63,0.182,0.0,BTC-27MAR20-5500-C,6628.98,0.0,0.169,5.0,0.1715,0.1,236.39,0.12543,-11.2024,0.12943,7e-05,0.98462
6596.75,BTC-26JUN20,1585220344259,open,3.87,3.0,3.5775,4.1725,3.85616484,136.9,6.119,0.0,BTC-26JUN20-32000-P,6628.98,0.0,0.0005,1.0,0.0,0.0,0.0,1.95018,-1.4529,-80.21723,1e-05,-0.97476
6596.75,BTC-26JUN20,1585220344259,open,0.01,638.7,0.0005,0.0205,0.00598847,134.74,0.005,0.0,BTC-26JUN20-30000-C,6628.98,131.53,0.005,8.0,0.0065,0.5,136.26,2.16087,-1.58446,0.37455,1e-05,0.02855
6619.06,BTC-27MAR20,1585220344260,open,0.0,154.0,0.0005,0.0155,0.0,188.21,0.0015,0.0,BTC-27MAR20-30000-C,6628.98,0.0,0.0,0.0,0.0005,42.0,500.0,0.0,0.0,0.0,0.0,0.0
6618.61,SYN.BTC-28MAR20,1585220344256,open,10.1,0.0005,0.0445,0.0110817,126.67,0.011,0.0,BTC-28MAR20-7125-C,6628.98,121.52,0.01,28.0,0.012,5.0,130.93,1.41098,-47.64139,0.07163,0.00049,0.22168
6619.06,BTC-27MAR20,1585220344260,open,2.33,5.6,2.136,2.5355,2.32381514,500.0,2.888,0.0,BTC-27MAR20-22000-P,6628.98,0.0,1.8725,3.5,2.713,3.5,500.0,1e-05,-0.0035,-0.52782,0.0,-1.0
6615.43,SYN.BTC-10APR20,1585220344256,open,0.0,0.2055,0.309,0.26220935,133.51,None,0.0,BTC-10APR20-5000-C,6628.98,0.0,0.233,4.0,0.289,4.0,190.01,2.67624,-12.00948,1.66485,0.00011,0.8797
6617.14,SYN.BTC-3APR20,1585220344256,open,0.01,146.8,0.0005,0.0385,0.0122883,127.63,0.013,0.0,BTC-3APR20-8250-C,6628.98,125.18,0.0115,12.0,0.013,0.3,129.79,2.15801,-17.48604,0.18161,0.00018,0.13948
6619.06,BTC-27MAR20,1585220344260,open,0.0,924.6,0.0005,0.0155,0.0,188.2,0.0005,0.0,BTC-27MAR20-11000-C,6628.98,0.0,0.0,0.0,0.001,38.1,448.75,0.0,0.0,0.0,0.0,0.0
6619.06,BTC-27MAR20,1585220344260,open,3.24,0.0,2.991,3.5,3.23034213,500.0,None,0.0,BTC-27MAR20-28000-P,6628.98,0.0,0.0,0.0,0.0,0.0,0.0,0.0,-2e-05,-0.67177,0.0,-1.0
6612.0,SYN.BTC-24APR20,1585220344256,open,1.13,0.0,0.999,1.2635,1.12331923,139.22,None,0.0,BTC-24APR20-14000-P,6628.98,0.0,0.181,1.0,1.5315,1.0,500.0,1.69053,-4.07541,-10.88328,4e-05,-0.95728
6596.75,BTC-26JUN20,1585220344260,open,0.01,1134.9,0.0005,0.0245,0.0084212,131.08,0.0105,0.0,BTC-26JUN20-26000-C,6628.98,127.56,0.007,10.0,0.01,80.0,134.57,2.82254,-2.01353,0.51592,2e-05,0.03949
6620.83,BTC-25SEP20,1585220344260,open,2.08,1.4,1.8705,2.285,2.06862054,111.69,2.526,0.0,BTC-25SEP20-20000-P,6628.98,0.0,0.0,0.0,0.0,0.0,0.0,11.30487,-3.45215,-96.55495,5e-05,-0.84209
6618.61,SYN.BTC-28MAR20,1585220344256,open,1.6,0.0005,0.063,0.01839849,119.91,0.021,0.0,BTC-28MAR20-6375-P,6628.98,110.43,0.016,26.0,0.0205,20.0,128.1,1.68748,-53.93957,-0.1137,0.00063,-0.31588
6619.06,BTC-27MAR20,1585220344260,open,3.55,0.0,3.276,3.8215,3.53247518,500.0,None,0.0,BTC-27MAR20-30000-P,6628.98,0.0,0.0,0.0,0.0,0.0,0.0,0.0,0.0,-0.71975,0.0,-1.0
6619.06,BTC-27MAR20,1585220344262,open,0.0,241.9,0.0005,0.0155,0.0,188.21,0.0025,0.0,BTC-27MAR20-28000-C,6628.98,0.0,0.0,0.0,0.0005,42.0,500.0,0.0,0.0,0.0,0.0,0.0
6620.83,BTC-25SEP20,1585220344262,open,3.28,0.0,2.998,3.5435,3.25518898,116.76,None,0.0,BTC-25SEP20-28000-P,6628.98,0.0,0.0,0.0,0.0,0.0,0.0,7.70534,-2.45986,-138.11857,3e-05,-0.90848
6615.43,SYN.BTC-10APR20,1585220344256,open,0.0,0.134,0.2905,0.21164013,119.7,None,0.0,BTC-10APR20-7750-P,6628.98,46.86,0.1735,3.0,0.2615,3.0,186.12,4.61942,-18.58519,-2.46709,0.00022,-0.70341
6612.0,SYN.BTC-24APR20,1585220344256,open,0.23,165.0,0.167,0.281,0.23058955,127.03,0.225,0.0,BTC-24APR20-5500-C,6628.98,80.04,0.192,14.0,0.233,8.0,129.76,5.8314,-12.82681,2.7492,0.00013,0.75616
6617.14,SYN.BTC-3APR20,1585220344256,open,0.36,0.0,0.3175,0.401,0.36242956,185.08,None,0.0,BTC-3APR20-4250-C,6628.98,0.0,0.0235,0.1,0.0,0.0,0.0,0.81762,-9.60733,0.85488,5e-05,0.96117
6618.61,SYN.BTC-28MAR20,1585220344256,open,3.0,0.0005,0.0375,0.00714957,133.02,0.009,0.0,BTC-28MAR20-6000-P,6628.98,125.61,0.006,28.0,0.0085,20.0,141.19,1.06013,-37.59022,-0.05032,0.00035,-0.1408
6615.43,SYN.BTC-10APR20,1585220344256,open,0.0,0.086,0.2005,0.14890545,124.46,None,0.0,BTC-10APR20-6000-C,6628.98,83.53,0.121,5.0,0.1715,5.0,156.06,4.66805,-19.52841,1.47628,0.00021,0.69646
6612.0,SYN.BTC-24APR20,1585220344256,open,0.0,396.9,0.0005,0.0165,0.0019584,183.81,0.002,0.0,BTC-24APR20-24000-C,6628.98,178.36,0.0015,10.0,0.0025,48.3,189.18,0.61034,-1.94254,0.05622,1e-05,0.01271
6617.14,SYN.BTC-3APR20,1585220344256,open,0.1,122.5,0.042,0.152,0.10131041,123.24,0.1105,0.0,BTC-3APR20-6250-C,6628.98,71.86,0.0745,8.0,0.124,8.0,164.82,3.57121,-27.9419,0.79422,0.00031,0.65756
6615.43,SYN.BTC-10APR20,1585220344257,open,0.0,0.172,0.2815,0.23229804,133.51,None,0.0,BTC-10APR20-5250-C,6628.98,0.0,0.1995,4.0,0.259,4.0,182.77,3.25586,-14.61041,1.63715,0.00014,0.83952
6615.43,SYN.BTC-10APR20,1585220344256,open,0.0,0.1925,0.3595,0.27487601,122.2,None,0.0,BTC-10APR20-8250-P,6628.98,0.0,0.2355,2.0,0.3255,2.0,195.32,3.95589,-16.2485,-2.8437,0.00018,-0.77985
6615.43,SYN.BTC-10APR20,1585220344256,open,0.0,0.002,0.0455,0.01801733,133.5,None,0.0,BTC-10APR20-5000-P,6628.98,113.08,0.0105,9.0,0.0225,9.0,144.16,2.67617,-12.00887,-0.3729,0.00011,-0.12029
6615.43,SYN.BTC-10APR20,1585220344256,open,0.0,0.1625,0.324,0.24224466,120.28,None,0.0,BTC-10APR20-8000-P,6628.98,0.0,0.204,3.0,0.293,3.0,190.6,4.28174,-17.31021,-2.66381,0.0002,-0.74577
6618.61,SYN.BTC-28MAR20,1585220344256,open,0.0,0.0375,0.1745,0.10395321,130.46,None,0.0,BTC-28MAR20-7250-P,6628.98,0.0,0.0705,3.0,0.14,3.0,280.36,1.23111,-42.81368,-0.31534,0.00042,-0.82317
6618.61,SYN.BTC-28MAR20,1585220344258,open,0.0,0.005,0.106,0.05520611,119.92,None,0.0,BTC-28MAR20-6375-C,6628.98,97.04,0.0495,4.0,0.059,2.0,134.64,1.6875,-53.94266,0.2139,0.00063,0.68411
6612.0,SYN.BTC-24APR20,1585220344256,open,0.34,87.4,0.2925,0.3915,0.34685614,139.15,0.335,0.0,BTC-24APR20-4500-C,6628.98,0.0,0.316,8.0,0.369,8.0,175.1,3.70307,-8.92213,2.7929,8e-05,0.88078
6615.43,SYN.BTC-10APR20,1585220344256,open,0.0,0.0635,0.1965,0.12920141,117.81,None,0.0,BTC-10APR20-7000-P,6628.98,86.66,0.1045,4.0,0.164,4.0,161.12,5.29057,-20.9501,-1.82375,0.00025,-0.54723
6617.14,SYN.BTC-3APR20,1585220344260,open,0.06,88.6,0.014,0.106,0.05937864,116.64,0.0615,0.0,BTC-3APR20-6750-C,6628.98,111.73,0.0565,38.0,0.062,30.8,121.12,3.87595,-28.70201,0.61183,0.00035,0.48789
6617.14,SYN.BTC-3APR20,1585220344257,open,0.04,94.6,0.004,0.075,0.03486478,119.0,0.0365,0.0,BTC-3APR20-7250-C,6628.98,114.54,0.0325,41.7,0.037,26.1,122.99,3.52746,-26.64884,0.42386,0.00031,0.33173
6618.61,SYN.BTC-28MAR20,1585220344256,open,1.0,0.0005,0.0445,0.00990366,128.57,0.012,0.0,BTC-28MAR20-6125-P,6628.98,123.82,0.009,8.0,0.011,20.0,134.17,1.27719,-43.77188,-0.06715,0.00044,-0.18753
6618.61,SYN.BTC-28MAR20,1585220344259,open,15.7,0.0005,0.0535,0.0136311,124.43,0.014,0.0,BTC-28MAR20-6250-P,6628.98,119.38,0.0125,7.0,0.015,20.0,130.44,1.49494,-49.587,-0.08832,0.00053,-0.24604
6612.0,SYN.BTC-24APR20,1585220344259,open,0.28,486.0,0.1895,0.3565,0.27294664,117.31,0.6628,0.0,BTC-24APR20-8000-P,6628.98,0.0,0.18,0.2,0.373,1.0,208.74,6.81401,-13.84091,-4.88029,0.00017,-0.66004
6612.0,SYN.BTC-24APR20,1585220344258,open,0.01,408.2,0.0005,0.0225,0.00727193,133.06,0.01,0.0,BTC-24APR20-13000-C,6628.98,130.42,0.0065,18.0,0.008,45.0,135.4,1.99954,-4.60683,0.23755,4e-05,0.05268
6612.0,SYN.BTC-24APR20,1585220344256,open,0.0,1507.0,0.0005,0.016,0.00143986,194.89,0.002,0.0,BTC-24APR20-28000-C,6628.98,187.69,0.001,15.0,0.002,45.3,202.02,0.4593,-1.54998,0.04041,1e-05,0.00917
6617.14,SYN.BTC-3APR20,1585220344256,open,0.02,92.0,0.0015,0.0525,0.02006566,121.95,0.023,0.0,BTC-3APR20-7750-C,6628.98,119.44,0.019,12.0,0.021,0.3,124.12,2.83245,-21.92973,0.27691,0.00025,0.21401
6615.43,SYN.BTC-10APR20,1585220344256,open,0.0,0.1115,0.226,0.17496046,127.64,None,0.0,BTC-10APR20-5750-C,6628.98,63.23,0.139,4.0,0.2045,4.0,172.05,4.24843,-18.22737,1.54905,0.00019,0.7495
6612.0,SYN.BTC-24APR20,1585220344256,open,0.18,224.9,0.1185,0.234,0.18259759,123.27,0.1745,0.0,BTC-24APR20-6000-C,6628.98,100.31,0.1595,14.0,0.2035,8.0,143.85,6.69429,-14.28844,2.57518,0.00016,0.6749
6617.14,SYN.BTC-3APR20,1585220344256,open,0.13,225.9,0.0645,0.1775,0.12613318,125.24,0.104,0.0,BTC-3APR20-6000-C,6628.98,0.0,0.0925,7.0,0.1565,7.0,185.5,3.1914,-25.37483,0.86754,0.00027,0.73374
6615.43,SYN.BTC-10APR20,1585220344256,open,0.0,0.14,0.2525,0.20225589,129.7,None,0.0,BTC-10APR20-5500-C,6628.98,0.0,0.168,4.0,0.231,4.0,177.2,3.75613,-16.3745,1.60747,0.00016,0.79847
6618.61,SYN.BTC-28MAR20,1585220344257,open,0.5,0.0005,0.069,0.02542944,119.31,0.023,0.0,BTC-28MAR20-6750-C,6628.98,110.65,0.023,26.0,0.0275,20.0,126.67,1.86,-59.1577,0.13618,0.00069,0.4258
6618.61,SYN.BTC-28MAR20,1585220344256,open,8.0,0.0005,0.039,0.00855795,130.47,0.009,0.0,BTC-28MAR20-7250-C,6628.98,124.65,0.0075,28.0,0.0095,20.0,135.45,1.23119,-42.81943,0.05724,0.00042,0.17684
134.15,ETH-26JUN20,1585220344499,open,0.64,0.0,0.6075,0.6625,0.637421,127.91,None,0.0,ETH-26JUN20-50-C,135.28,0.0,0.0005,3.0,0.0,0.0,0.0,0.04772,-0.03322,0.11179,0.00082,0.96847
134.15,ETH-26JUN20,1585220344499,open,0.33,44.0,0.2525,0.382,0.329421,127.86,0.32,0.0,ETH-26JUN20-110-C,135.28,98.25,0.281,35.0,0.367,35.0,150.82,0.22016,-0.15319,0.13719,0.0038,0.7357
134.15,ETH-26JUN20,1585220344499,open,0.41,10.0,0.3465,0.4585,0.412228,127.86,0.419,0.0,ETH-26JUN20-90-C,135.28,0.0,0.01,100.0,0.5915,2.0,264.02,0.17214,-0.11978,0.14011,0.00297,0.82715
134.15,ETH-26JUN20,1585220344499,open,0.01,7484.0,0.0005,0.025,0.010111,127.83,0.008,0.0,ETH-26JUN20-50-P,135.28,118.24,0.007,300.0,0.0105,1000.0,128.92,0.04765,-0.03315,-0.01404,0.00082,-0.03148
134.15,ETH-26JUN20,1585220344499,open,0.04,1069.0,0.0115,0.063,0.036354,127.83,0.0345,0.0,ETH-26JUN20-70-P,135.28,120.5,0.0305,297.0,0.0375,1280.0,129.22,0.11016,-0.07663,-0.04299,0.0019,-0.09095
134.15,ETH-26JUN20,1585220344499,open,0.51,0.0,0.4655,0.5515,0.514589,127.88,None,0.0,ETH-26JUN20-70-C,135.28,0.0,0.01,100.0,0.0,0.0,0.0,0.11019,-0.07669,0.13318,0.0019,0.909
134.15,ETH-26JUN20,1585220344501,open,0.08,400.0,0.0365,0.1265,0.083069,127.83,0.0835,0.0,ETH-26JUN20-90-P,135.28,124.25,0.0785,282.0,0.0855,280.0,129.72,0.17212,-0.11974,-0.08641,0.00297,-0.17283
134.89,SYN.ETH-24APR20,1585220344565,open,0.06,689.0,0.0275,0.0945,0.060727,131.92,0.0885,0.0,ETH-24APR20-110-P,135.28,128.72,0.058,327.0,0.0635,280.0,135.15,0.11551,-0.26385,-0.03114,0.00608,-0.23109
134.89,SYN.ETH-24APR20,1585220344565,open,0.12,453.0,0.076,0.169,0.124457,129.47,0.128,0.0,ETH-24APR20-130-P,135.28,125.8,0.1205,569.0,0.131,275.0,135.55,0.1454,-0.32597,-0.05473,0.0078,-0.3884
134.89,SYN.ETH-24APR20,1585220344565,open,0.45,1.0,0.39,0.5145,0.452675,134.47,0.605,0.0,ETH-24APR20-190-P,135.28,0.0,0.0,0.0,0.0,0.0,0.0,0.11709,-0.27264,-0.12975,0.00605,-0.76318
134.89,SYN.ETH-24APR20,1585220344565,open,0.07,751.0,0.03,0.1045,0.067747,132.66,0.0625,0.0,ETH-24APR20-170-C,135.28,129.47,0.0645,332.0,0.071,612.0,135.84,0.13779,-0.31653,0.02824,0.00722,0.33237
134.89,SYN.ETH-24APR20,1585220344565,open,0.33,66.0,0.266,0.3865,0.327933,132.57,0.3,0.0,ETH-24APR20-170-P,135.28,0.0,0.0,0.0,0.0,0.0,0.0,0.13776,-0.31624,-0.10626,0.00722,-0.66784
134.89,SYN.ETH-24APR20,1585220344565,open,0.22,427.0,0.158,0.2695,0.21642,130.8,0.176,0.0,ETH-24APR20-150-P,135.28,124.14,0.209,144.0,0.223,144.0,136.69,0.15053,-0.34094,-0.0809,0.008,-0.54167
134.89,SYN.ETH-24APR20,1585220344565,open,0.2,224.0,0.152,0.2405,0.200668,131.57,0.202,0.0,ETH-24APR20-120-C,135.28,123.8,0.193,144.0,0.208,144.0,138.96,0.1335,-0.30413,0.05242,0.00705,0.69186
134.89,SYN.ETH-24APR20,1585220344565,open,0.09,671.0,0.0485,0.13,0.090211,131.5,0.083,0.0,ETH-24APR20-120-P,135.28,128.25,0.087,314.0,0.0935,280.0,134.82,0.1335,-0.30397,-0.04251,0.00705,-0.30812
134.89,SYN.ETH-24APR20,1585220344567,open,0.04,479.0,0.015,0.0765,0.044232,134.59,0.055,0.0,ETH-24APR20-190-C,135.28,131.42,0.0415,621.0,0.047,813.0,137.75,0.11717,-0.27307,0.02058,0.00605,0.23712
134.9,SYN.ETH-24APR20,1585220344732,open,0.13,358.0,0.082,0.1715,0.130611,130.86,0.124,0.0,ETH-24APR20-140-C,135.28,125.85,0.125,312.0,0.1365,456.0,136.13,0.15085,-0.34181,0.04296,0.00801,0.53314
134.9,SYN.ETH-24APR20,1585220344732,open,0.39,751.0,0.3265,0.449,0.388804,133.39,0.313,0.0,ETH-24APR20-180-P,135.28,0.0,0.02,1.0,0.0,0.0,0.0,0.12784,-0.29528,-0.11827,0.00666,-0.71946
134.9,SYN.ETH-24APR20,1585220344732,open,0.02,1067.0,0.005,0.046,0.024729,138.77,0.0225,0.0,ETH-24APR20-220-C,135.28,136.03,0.023,630.0,0.0265,240.0,141.49,0.0865,-0.20784,0.01284,0.00433,0.14504
134.9,SYN.ETH-24APR20,1585220344732,open,0.05,1429.0,0.021,0.089,0.05449,133.42,0.0505,0.0,ETH-24APR20-180-C,135.28,130.24,0.0515,337.0,0.0575,809.0,136.57,0.12786,-0.29539,0.02413,0.00666,0.28062
135.22,SYN.ETH-28MAR20,1585220345140,open,0.0,0.0015,0.086,0.037497,128.42,None,0.0,ETH-28MAR20-135-C,135.28,109.17,0.032,253.0,0.043,252.0,147.71,0.03859,-1.32115,0.00339,0.03198,0.52534
135.22,SYN.ETH-28MAR20,1585220345140,open,0.0,0.0005,0.0455,0.010374,132.09,None,0.0,ETH-28MAR20-125-P,135.28,116.65,0.0075,294.0,0.0135,294.0,147.58,0.02632,-0.92683,-0.00139,0.02121,-0.1902
135.22,SYN.ETH-28MAR20,1585220345140,open,0.0,0.0005,0.0485,0.013387,133.22,None,0.0,ETH-28MAR20-145-C,135.28,117.73,0.01,285.0,0.017,385.0,148.74,0.03061,-1.08717,0.00162,0.02446,0.24712
135.22,SYN.ETH-28MAR20,1585220345140,open,45.0,0.0255,0.138,0.085943,132.1,0.086,0.0,ETH-28MAR20-125-C,135.28,0.0,0.045,23.0,0.1285,23.0,311.34,0.02632,-0.92688,0.00503,0.02121,0.80979
135.22,SYN.ETH-28MAR20,1585220345140,open,0.0,0.007,0.1105,0.058608,128.69,None,0.0,ETH-28MAR20-130-C,135.28,0.0,0.019,26.0,0.099,26.0,279.3,0.03458,-1.18635,0.00433,0.0286,0.68179
135.22,SYN.ETH-28MAR20,1585220345140,open,0.0,0.0575,0.168,0.119656,152.1,None,0.0,ETH-28MAR20-120-C,135.28,0.0,0.077,22.0,0.1595,22.0,344.17,0.01997,-0.80981,0.00525,0.01398,0.87483
135.22,SYN.ETH-28MAR20,1585220345140,open,0.0,0.0225,0.1535,0.085727,133.22,None,0.0,ETH-28MAR20-145-P,135.28,0.0,0.038,20.0,0.1365,20.0,324.91,0.03061,-1.08712,-0.00583,0.02446,-0.75289
135.22,SYN.ETH-28MAR20,1585220345140,open,1.0,0.0005,0.029,0.007111,152.1,0.006,0.0,ETH-28MAR20-120-P,135.28,136.84,0.005,100.0,0.0095,300.0,167.41,0.01997,-0.80975,-0.00092,0.01398,-0.12516
135.22,SYN.ETH-28MAR20,1585220345140,open,0.0,0.0005,0.066,0.020016,128.69,None,0.0,ETH-28MAR20-130-P,135.28,112.78,0.016,275.0,0.024,275.0,144.12,0.03458,-1.18632,-0.00235,0.0286,-0.3182
135.22,SYN.ETH-28MAR20,1585220345140,open,1.0,0.0005,0.0655,0.022455,128.96,0.026,0.0,ETH-28MAR20-140-C,135.28,112.34,0.018,270.0,0.027,270.0,145.6,0.03662,-1.25901,0.00242,0.03023,0.37081
135.22,SYN.ETH-28MAR20,1585220345142,open,1.0,0.0005,0.035,0.007784,137.33,0.008,0.0,ETH-28MAR20-150-C,135.28,119.88,0.005,295.0,0.011,395.0,154.82,0.02335,-0.85473,0.00104,0.01809,0.15755
135.22,SYN.ETH-28MAR20,1585220345142,open,0.0,0.0015,0.0915,0.035883,128.42,None,0.0,ETH-28MAR20-135-P,135.28,106.06,0.0295,246.0,0.0415,246.0,148.1,0.03859,-1.32112,-0.00355,0.03198,-0.47466
135.22,SYN.ETH-28MAR20,1585220345142,open,0.0,0.0495,0.188,0.117101,137.33,None,0.0,ETH-28MAR20-150-P,135.28,0.0,0.0665,18.0,0.1705,18.0,356.3,0.02335,-0.85466,-0.00667,0.01809,-0.84246
135.22,SYN.ETH-28MAR20,1585220345142,open,6.0,0.007,0.121,0.057818,128.95,0.062,0.0,ETH-28MAR20-140-P,135.28,0.0,0.015,24.0,0.0795,24.0,206.96,0.03662,-1.25897,-0.00477,0.03023,-0.6292
135.06,SYN.ETH-10APR20,1585220345152,open,0.0,0.295,0.3875,0.344241,151.33,None,0.0,ETH-10APR20-90-C,135.28,0.0,0.308,27.0,0.375,27.0,234.78,0.0363,-0.18467,0.03229,0.00323,0.93076
135.06,SYN.ETH-10APR20,1585220345152,open,0.0,0.2225,0.326,0.278373,142.42,None,0.0,ETH-10APR20-100-C,135.28,0.0,0.2375,27.0,0.313,27.0,215.11,0.05364,-0.25675,0.03327,0.00507,0.88282
135.06,SYN.ETH-10APR20,1585220345152,open,0.0,0.1595,0.2735,0.22156,142.41,None,0.0,ETH-10APR20-110-C,135.28,0.0,0.175,27.0,0.2565,27.0,200.85,0.0753,-0.36044,0.03209,0.00711,0.80448
135.06,SYN.ETH-10APR20,1585220345156,open,0.0,0.102,0.253,0.176312,132.86,None,0.0,ETH-10APR20-150-P,135.28,55.19,0.1215,21.0,0.233,21.0,204.09,0.10525,-0.46998,-0.04281,0.01066,-0.6014
135.06,SYN.ETH-10APR20,1585220345156,open,0.0,0.0075,0.076,0.03598,142.4,None,0.0,ETH-10APR20-110-P,135.28,138.82,0.034,1.0,0.038,289.0,146.0,0.07529,-0.36037,-0.01274,0.00711,-0.1955
135.06,SYN.ETH-10APR20,1585220345158,open,0.0,0.0065,0.075,0.035799,138.17,None,0.0,ETH-10APR20-170-C,135.28,135.33,0.034,1.0,0.038,290.0,141.6,0.08602,-0.39948,0.0116,0.00837,0.24659
134.9,SYN.ETH-24APR20,1585220345227,open,0.56,1.0,0.5275,0.5835,0.558972,156.81,0.5555,0.0,ETH-24APR20-60-C,135.28,0.0,0.0005,4.0,0.0,0.0,0.0,0.01823,-0.04951,0.04495,0.00081,0.98018
135.15,SYN.ETH-3APR20,1585220345229,open,0.34,1.0,0.2925,0.379,0.33863,171.3,0.3125,0.0,ETH-3APR20-90-C,135.28,0.0,0.304,26.0,0.3675,26.0,297.73,0.01738,-0.18906,0.0181,0.00258,0.9592
135.15,SYN.ETH-3APR20,1585220345229,open,0.41,1.0,0.3705,0.444,0.410623,191.07,0.4535,0.0,ETH-3APR20-80-C,135.28,0.0,0.3805,28.0,0.4355,28.0,335.76,0.01054,-0.12781,0.01654,0.0014,0.97771
135.15,SYN.ETH-3APR20,1585220345229,open,0.27,0.0,0.2155,0.3155,0.268966,157.12,None,0.0,ETH-3APR20-100-C,135.28,0.0,0.2295,25.0,0.301,25.0,262.96,0.02888,-0.28807,0.01905,0.00466,0.92226
135.15,SYN.ETH-3APR20,1585220345229,open,0.02,208.0,0.0015,0.049,0.017232,145.72,0.0185,0.0,ETH-3APR20-110-P,135.28,141.96,0.016,82.0,0.0185,299.0,149.51,0.04473,-0.41385,-0.00466,0.00779,-0.14257
135.15,SYN.ETH-3APR20,1585220345233,open,0.27,0.0,0.193,0.3595,0.273334,140.44,None,0.0,ETH-3APR20-170-P,135.28,0.0,0.0005,20.0,0.0,0.0,0.0,0.0476,-0.42441,-0.03257,0.0086,-0.84352
135.15,SYN.ETH-3APR20,1585220345233,open,0.02,298.0,0.0005,0.0455,0.015451,140.46,0.02,0.0,ETH-3APR20-170-C,135.28,134.78,0.0135,298.0,0.0175,578.0,146.14,0.04761,-0.42455,0.00411,0.0086,0.15652
135.15,SYN.ETH-3APR20,1585220345233,open,0.15,18.0,0.0775,0.223,0.148628,133.39,0.1215,0.0,ETH-3APR20-150-P,135.28,0.0,0.0015,1.0,0.0,0.0,0.0,0.07207,-0.61038,-0.02381,0.01371,-0.66792
135.15,SYN.ETH-3APR20,1585220345233,open,0.21,0.0,0.131,0.289,0.207867,135.83,None,0.0,ETH-3APR20-160-P,135.28,0.0,0.0005,2.0,0.0,0.0,0.0,0.05995,-0.51693,-0.02858,0.0112,-0.77227
135.23,ETH-27MAR20,1585220345518,open,1.81,0.0,1.651,1.989,1.810027,250.0,None,0.0,ETH-27MAR20-380-P,135.29,0.0,0.0,0.0,0.0,0.0,0.0,0.0,0.0,-0.00912,0.0,-1.0
135.23,ETH-27MAR20,1585220345518,open,1.22,0.0,1.093,1.36,1.218443,0.0,None,0.0,ETH-27MAR20-300-P,135.29,0.0,0.0,0.0,0.0,0.0,0.0,0.0,0.0,-0.0072,0.0,-1.0
135.23,ETH-27MAR20,1585220345518,open,1.52,0.0,1.372,1.6745,1.514235,125.0,None,0.0,ETH-27MAR20-340-P,135.29,0.0,0.0,0.0,0.0,0.0,0.0,0.0,0.0,-0.00816,0.0,-1.0
134.15,ETH-26JUN20,1585220345518,open,2.3,0.0,2.0975,2.513,2.300048,136.75,None,0.0,ETH-26JUN20-440-P,135.29,0.0,0.01,50.0,0.0,0.0,0.0,0.10245,-0.07625,-1.08647,0.00165,-0.91746
134.59,ETH-25SEP20,1585220345519,open,0.24,1178.0,0.1545,0.31,0.239859,121.18,0.2435,0.0,ETH-25SEP20-180-C,135.29,118.21,0.2315,275.0,0.248,275.0,124.07,0.37853,-0.12541,0.19958,0.00344,0.53582
134.15,ETH-26JUN20,1585220345519,open,0.01,5549.0,0.0005,0.021,0.006462,139.45,0.007,0.0,ETH-26JUN20-640-C,135.29,134.77,0.005,390.0,0.008,280.0,143.66,0.04556,-0.03458,0.00789,0.00072,0.02982
135.23,ETH-27MAR20,1585220345519,open,0.0,4930.0,0.0005,0.0155,0.0,219.22,0.0005,0.0,ETH-27MAR20-80-P,135.29,0.0,0.0,0.0,0.0005,69.0,451.7,0.0,0.0,0.0,0.0,0.0
134.59,ETH-25SEP20,1585220345519,open,0.05,6215.0,0.022,0.0845,0.05107,121.89,0.05,0.0,ETH-25SEP20-60-P,135.29,114.44,0.043,296.0,0.0525,1.0,123.17,0.14915,-0.0497,-0.09222,0.00135,-0.08569
135.23,ETH-27MAR20,1585220345519,open,0.19,105.0,0.135,0.2325,0.187511,216.76,0.22,0.0,ETH-27MAR20-110-C,135.29,0.0,0.151,22.0,0.189,1.0,257.76,0.00359,-0.38911,0.00256,0.00378,0.97714
134.59,ETH-25SEP20,1585220345519,open,0.05,498.0,0.0095,0.076,0.051201,129.09,0.045,0.0,ETH-25SEP20-520-C,135.29,126.84,0.0475,526.0,0.055,525.0,131.32,0.22538,-0.07955,0.06886,0.00192,0.15332
135.23,ETH-27MAR20,1585220345519,open,0.0,1881.0,0.0005,0.016,0.001,218.98,0.001,0.0,ETH-27MAR20-110-P,135.29,218.97,0.001,3.0,0.003,350.0,269.43,0.00373,-0.13526,-8e-05,0.00388,-0.02392
134.59,ETH-25SEP20,1585220345519,open,0.07,523.0,0.0205,0.113,0.067727,127.66,0.067,0.0,ETH-25SEP20-440-C,135.29,125.73,0.064,490.0,0.0715,489.0,129.57,0.26278,-0.09172,0.08592,0.00227,0.19514
134.59,ETH-25SEP20,1585220345519,open,0.04,745.0,0.0075,0.0665,0.044947,129.67,0.056,0.0,ETH-25SEP20-560-C,135.29,127.4,0.0415,544.0,0.0485,243.0,131.92,0.20882,-0.07403,0.062,0.00177,0.13689
135.23,ETH-27MAR20,1585220345519,open,1.96,4.0,1.791,2.147,1.958142,500.0,1.862,0.0,ETH-27MAR20-400-P,135.29,0.0,0.0,0.0,0.0,0.0,0.0,0.0,-0.00062,-0.0096,0.0,-0.99999
135.23,ETH-27MAR20,1585220345519,open,0.0,4612.0,0.0005,0.0155,6.7e-05,219.03,0.0005,0.0,ETH-27MAR20-100-P,135.29,0.0,0.0,0.0,0.0005,80.0,274.78,0.00043,-0.00907,-1e-05,0.00045,-0.00207
134.15,ETH-26JUN20,1585220345518,open,0.01,898.0,0.0005,0.027,0.012449,138.11,0.0105,0.0,ETH-26JUN20-520-C,135.29,135.37,0.011,300.0,0.014,280.0,140.84,0.0736,-0.05532,0.01397,0.00118,0.05382
134.59,ETH-25SEP20,1585220345519,open,0.11,532.0,0.0565,0.1575,0.106229,121.89,0.1005,0.0,ETH-25SEP20-80-P,135.29,118.11,0.1,300.0,0.1105,507.0,124.47,0.22261,-0.07419,-0.17312,0.00201,-0.15049
134.59,ETH-25SEP20,1585220345519,open,0.82,307.0,0.68,0.9675,0.8245,123.25,1.124,0.0,ETH-25SEP20-220-P,135.29,114.1,0.799,22.0,1.6475,1.0,500.0,0.37701,-0.12705,-0.92724,0.00337,-0.55054
135.24,ETH-27MAR20,1585220345519,open,0.0,4525.0,0.0005,0.0155,0.0,199.56,0.0105,0.0,ETH-27MAR20-520-C,135.29,0.0,0.0,0.0,0.0025,69.0,500.0,0.0,0.0,0.0,0.0,0.0
134.59,ETH-25SEP20,1585220345519,open,0.11,489.0,0.0485,0.174,0.112255,125.4,0.117,0.0,ETH-25SEP20-320-C,135.29,123.66,0.108,152.0,0.1165,291.0,127.13,0.32993,-0.11312,0.12485,0.0029,0.2974
135.24,ETH-27MAR20,1585220345519,open,0.11,427.0,0.056,0.1635,0.115993,179.38,0.1365,0.0,ETH-27MAR20-120-C,135.29,0.0,0.109,60.0,0.1205,60.0,229.64,0.00985,-0.8837,0.00261,0.01252,0.91995
134.59,ETH-25SEP20,1585220345519,open,2.34,0.0,2.113,2.5725,2.337157,127.78,None,0.0,ETH-25SEP20-440-P,135.29,0.0,0.0,0.0,0.0,0.0,0.0,0.26317,-0.09194,-2.11845,0.00227,-0.80438
134.59,ETH-25SEP20,1585220345520,open,0.09,909.0,0.036,0.1495,0.092214,125.56,0.0865,0.0,ETH-25SEP20-360-C,135.29,123.01,0.0865,458.0,0.098,294.0,128.09,0.30515,-0.10475,0.10895,0.00268,0.25378
135.24,ETH-27MAR20,1585220345519,open,3.15,1.0,2.907,3.4055,3.141399,500.0,3.3565,0.0,ETH-27MAR20-560-P,135.29,0.0,0.02,50.0,0.0,0.0,0.0,0.0,0.0,-0.01344,0.0,-1.0
135.24,ETH-27MAR20,1585220345520,open,0.0,6278.0,0.0005,0.0155,0.0,199.56,0.0005,0.0,ETH-27MAR20-360-C,135.29,0.0,0.0,0.0,0.008,69.0,500.0,0.0,0.0,0.0,0.0,0.0
134.59,ETH-25SEP20,1585220345520,open,0.06,1117.0,0.0155,0.0995,0.059201,128.71,0.067,0.0,ETH-25SEP20-480-C,135.29,126.36,0.055,508.0,0.0635,300.0,131.04,0.2443,-0.08597,0.07713,0.00209,0.17358
134.59,ETH-25SEP20,1585220345520,open,0.37,551.0,0.2905,0.436,0.37249,121.87,0.3765,0.0,ETH-25SEP20-120-C,135.29,120.42,0.369,6.0,0.4115,38.0,138.26,0.32412,-0.108,0.23011,0.00293,0.71374
134.59,ETH-25SEP20,1585220345519,open,4.67,0.0,4.3325,5.044,4.672637,132.33,None,0.0,ETH-25SEP20-760-P,135.29,0.0,0.0,0.0,0.0,0.0,0.0,0.14672,-0.05309,-3.76872,0.00122,-0.91616
134.59,ETH-25SEP20,1585220345520,open,0.02,188.0,0.002,0.0345,0.01964,133.7,0.028,0.0,ETH-25SEP20-880-C,135.29,130.64,0.017,280.0,0.0225,580.0,136.74,0.12138,-0.04437,0.03086,0.001,0.06541
135.24,ETH-27MAR20,1585220345519,open,0.0,2987.0,0.0005,0.0155,2e-06,219.15,0.0005,0.0,ETH-27MAR20-90-P,135.29,0.0,0.0,0.0,0.001,69.0,394.8,2e-05,-0.00021,0.0,2e-05,-6e-05
135.24,ETH-27MAR20,1585220345519,open,0.0,3495.0,0.0005,0.0155,0.0,199.52,0.0005,0.0,ETH-27MAR20-220-C,135.29,0.0,0.0,0.0,0.0005,600.0,397.76,0.0,0.0,0.0,0.0,0.0
135.24,ETH-27MAR20,1585220345520,open,0.93,7.0,0.814,1.045,0.92265,453.21,1.163,0.0,ETH-27MAR20-260-P,135.29,0.0,0.005,50.0,0.0,0.0,0.0,0.00048,-0.10813,-0.00623,0.00024,-0.9977
135.24,ETH-27MAR20,1585220345520,open,3.74,0.0,3.4655,4.035,3.733028,500.0,None,0.0,ETH-27MAR20-640-P,135.29,0.0,0.01,50.0,0.0,0.0,0.0,0.0,0.0,-0.01535,0.0,-1.0
134.15,ETH-26JUN20,1585220345520,open,0.0,1428.0,0.0005,0.019,0.004172,139.45,0.004,0.0,ETH-26JUN20-720-C,135.29,134.08,0.003,350.0,0.005,1.0,142.64,0.03272,-0.02483,0.00538,0.00052,0.02009
134.59,ETH-25SEP20,1585220345520,open,0.02,329.0,0.0035,0.046,0.025438,131.95,0.021,0.0,ETH-25SEP20-760-C,135.29,129.62,0.023,280.0,0.028,280.0,134.25,0.14535,-0.05244,0.03868,0.00121,0.0828
134.6,ETH-25SEP20,1585220345520,open,4.09,0.0,3.774,4.4205,4.084452,131.9,None,0.0,ETH-25SEP20-680-P,135.29,0.0,0.0,0.0,0.0,0.0,0.0,0.17008,-0.06133,-3.35985,0.00142,-0.89763
135.24,ETH-27MAR20,1585220345520,open,2.85,1.0,2.628,3.091,2.845585,500.0,3.276,0.0,ETH-27MAR20-520-P,135.29,0.0,0.006,50.0,0.0,0.0,0.0,0.0,0.0,-0.01248,0.0,-1.0
134.15,ETH-26JUN20,1585220345520,open,3.48,0.0,3.22,3.767,3.480736,139.45,None,0.0,ETH-26JUN20-600-P,135.29,0.0,0.01,50.0,0.0,0.0,0.0,0.05398,-0.04097,-1.50066,0.00085,-0.96337
134.15,ETH-26JUN20,1585220345520,open,1.43,122.0,1.2655,1.592,1.430613,133.28,1.646,0.0,ETH-26JUN20-320-P,135.29,0.0,0.01,50.0,0.0,0.0,0.0,0.16842,-0.12216,-0.76434,0.00279,-0.83293
135.24,ETH-27MAR20,1585220345520,open,0.05,1878.0,0.001,0.1095,0.049012,140.66,0.0525,0.0,ETH-27MAR20-140-P,135.29,129.04,0.047,25.0,0.0555,180.0,176.75,0.02369,-1.66605,-0.00237,0.03838,-0.67998
135.24,ETH-27MAR20,1585220345520,open,0.0,7781.0,0.0005,0.0155,0.0,219.36,0.0005,0.0,ETH-27MAR20-70-P,135.29,0.0,0.0,0.0,0.001,1.0,500.0,0.0,0.0,0.0,0.0,0.0
134.15,ETH-26JUN20,1585220345520,open,0.01,4001.0,0.0005,0.023,0.008131,139.45,0.008,0.0,ETH-26JUN20-600-C,135.29,135.1,0.0065,580.0,0.01,280.0,143.79,0.05398,-0.04097,0.00962,0.00085,0.03663
134.15,ETH-26JUN20,1585220345521,open,0.04,1318.0,0.009,0.0715,0.045224,133.28,0.049,0.0,ETH-26JUN20-320-C,135.29,131.08,0.0425,299.0,0.048,280.0,135.46,0.16842,-0.12216,0.04114,0.00279,0.16707
135.24,ETH-27MAR20,1585220345521,open,0.26,1068.0,0.2135,0.302,0.260532,0.0,0.2965,0.0,ETH-27MAR20-100-C,135.29,0.0,0.2275,23.0,0.264,1.0,377.88,0.0,0.0,0.0024,0.0,1.0
134.15,ETH-26JUN20,1585220345520,open,0.01,2479.0,0.0005,0.02,0.005174,139.45,0.005,0.0,ETH-26JUN20-680-C,135.29,135.0,0.004,300.0,0.006,1.0,142.18,0.03856,-0.02926,0.0065,0.00061,0.02441
134.15,ETH-26JUN20,1585220345520,open,0.57,42.0,0.534,0.605,0.573495,127.84,0.7865,0.0,ETH-26JUN20-60-C,135.29,0.0,0.02,5.0,0.0,0.0,0.0,0.07766,-0.05403,0.12457,0.00134,0.94239
135.24,ETH-27MAR20,1585220345520,open,0.05,349.0,0.001,0.1005,0.050434,139.43,0.047,0.0,ETH-27MAR20-130-C,135.29,103.93,0.045,60.0,0.052,50.0,149.0,0.0219,-1.52701,0.0022,0.0358,0.72998
135.24,ETH-27MAR20,1585220345520,open,0.48,75.0,0.4495,0.5115,0.482325,0.0,0.465,0.0,ETH-27MAR20-70-C,135.29,0.0,0.0015,5.0,0.0,0.0,0.0,0.0,0.0,0.00168,0.0,1.0
135.24,ETH-27MAR20,1585220345521,open,0.0,5081.0,0.0005,0.0155,5.6e-05,199.46,0.001,0.0,ETH-27MAR20-180-C,135.29,0.0,0.0,0.0,0.0005,233.0,252.24,0.00042,-0.00753,1e-05,0.00048,0.002
134.6,ETH-25SEP20,1585220345521,open,1.77,0.0,1.5725,1.9725,1.767203,125.73,None,0.0,ETH-25SEP20-360-P,135.29,0.0,0.0,0.0,4.46,1.0,500.0,0.30561,-0.10506,-1.69454,0.00268,-0.74552
134.6,ETH-25SEP20,1585220345521,open,4.38,0.0,4.0535,4.732,4.378399,132.38,None,0.0,ETH-25SEP20-720-P,135.29,0.0,0.0,0.0,0.0,0.0,0.0,0.15883,-0.05749,-3.56423,0.00132,-0.90676
134.6,ETH-25SEP20,1585220345521,open,4.97,0.0,4.612,5.357,4.967614,133.36,None,0.0,ETH-25SEP20-800-P,135.29,0.0,0.0,0.0,0.0,0.0,0.0,0.13946,-0.05085,-3.97161,0.00115,-0.92162
134.15,ETH-26JUN20,1585220345521,open,0.15,2558.0,0.0795,0.2075,0.153766,128.34,0.1425,0.0,ETH-26JUN20-180-C,135.29,125.43,0.148,276.0,0.1595,504.0,131.23,0.26608,-0.18584,0.09883,0.00458,0.44644
135.24,ETH-27MAR20,1585220345521,open,1.37,981.0,1.233,1.5175,1.366514,500.0,1.452,0.0,ETH-27MAR20-320-P,135.29,0.0,0.0,0.0,0.0,0.0,0.0,8e-05,-0.02081,-0.00768,4e-05,-0.99966
135.24,ETH-27MAR20,1585220345522,open,0.0,11029.0,0.0005,0.0155,0.0,199.55,0.0005,0.0,ETH-27MAR20-320-C,135.29,0.0,0.0,0.0,0.0005,918.0,500.0,0.0,0.0,0.0,0.0,0.0
135.24,ETH-27MAR20,1585220345522,open,0.33,68.0,0.292,0.372,0.33442,0.0,0.332,0.0,ETH-27MAR20-90-C,135.29,0.0,0.0015,2.0,0.0,0.0,0.0,0.0,0.0,0.00216,0.0,1.0
134.16,ETH-26JUN20,1585220345521,open,0.06,1975.0,0.016,0.0955,0.062241,132.18,0.0575,0.0,ETH-26JUN20-280-C,135.29,130.32,0.0595,295.0,0.065,251.0,134.03,0.19843,-0.14274,0.05271,0.00331,0.21833
134.16,ETH-26JUN20,1585220345521,open,2.01,0.0,1.8185,2.203,2.008589,136.99,None,0.0,ETH-26JUN20-400-P,135.29,0.0,0.01,50.0,0.0,0.0,0.0,0.12358,-0.09213,-0.98006,0.00199,-0.89358
134.16,ETH-26JUN20,1585220345521,open,0.11,906.0,0.0565,0.1655,0.113933,127.86,0.1,0.0,ETH-26JUN20-100-P,135.29,123.5,0.1075,524.0,0.1175,252.0,130.27,0.19827,-0.13796,-0.11211,0.00342,-0.21804
134.16,ETH-26JUN20,1585220345522,open,3.19,0.0,2.939,3.452,3.184363,139.3,None,0.0,ETH-26JUN20-560-P,135.29,0.0,0.01,50.0,0.0,0.0,0.0,0.06383,-0.04838,-1.39785,0.00101,-0.95498
134.16,ETH-26JUN20,1585220345522,open,2.89,0.0,2.6585,3.138,2.888707,138.63,None,0.0,ETH-26JUN20-520-P,135.29,0.0,0.01,50.0,0.0,0.0,0.0,0.07464,-0.05631,-1.29472,0.00119,-0.94522
134.6,ETH-25SEP20,1585220345522,open,0.28,256.0,0.1895,0.345,0.275815,121.17,0.26,0.0,ETH-25SEP20-160-C,135.29,117.97,0.267,273.0,0.2845,273.0,124.33,0.3704,-0.12271,0.21181,0.00337,0.5899
135.24,ETH-27MAR20,1585220345522,open,0.48,4045.0,0.3955,0.573,0.479072,300.89,0.889,0.0,ETH-27MAR20-200-P,135.29,0.0,0.0005,50.0,0.75,21.0,500.0,0.00094,-0.14215,-0.00478,0.00072,-0.99508
134.6,ETH-25SEP20,1585220345522,open,0.19,869.0,0.109,0.26,0.189785,123.2,0.2,0.0,ETH-25SEP20-220-C,135.29,121.49,0.185,132.0,0.1945,281.0,124.88,0.37702,-0.127,0.17503,0.00337,0.44933
135.24,ETH-27MAR20,1585220345522,open,0.0,4605.0,0.0005,0.0155,0.0,199.56,0.0035,0.0,ETH-27MAR20-400-C,135.29,0.0,0.0,0.0,0.008,69.0,500.0,0.0,0.0,0.0,0.0,0.0
135.24,ETH-27MAR20,1585220345522,open,0.0,7905.0,0.0005,0.0155,0.0,199.57,0.0005,0.0,ETH-27MAR20-640-C,135.29,0.0,0.0,0.0,0.0005,34.0,500.0,0.0,0.0,0.0,0.0,0.0
135.24,ETH-27MAR20,1585220345522,open,0.78,1727.0,0.6745,0.888,0.774885,428.12,1.25,0.0,ETH-27MAR20-240-P,135.29,0.0,0.0005,50.0,0.0,0.0,0.0,0.00083,-0.17786,-0.00575,0.00044,-0.99574
135.24,ETH-27MAR20,1585220345522,open,3.44,0.0,3.1865,3.72,3.437213,500.0,None,0.0,ETH-27MAR20-600-P,135.29,0.0,0.03,50.0,0.0,0.0,0.0,0.0,0.0,-0.01439,0.0,-1.0
134.6,ETH-25SEP20,1585220345522,open,3.79,0.0,3.4935,4.1005,3.79098,131.34,None,0.0,ETH-25SEP20-640-P,135.29,0.0,0.0,0.0,0.0,0.0,0.0,0.18228,-0.06545,-3.15497,0.00153,-0.88731
134.6,ETH-25SEP20,1585220345522,open,0.04,413.0,0.0055,0.059,0.039694,130.19,0.0455,0.0,ETH-25SEP20-600-C,135.29,127.92,0.0365,564.0,0.043,263.0,132.44,0.19369,-0.06894,0.05603,0.00164,0.12278
134.6,ETH-25SEP20,1585220345522,open,0.03,523.0,0.004,0.0505,0.028421,131.71,0.022,0.0,ETH-25SEP20-720-C,135.29,129.11,0.0255,580.0,0.0315,280.0,134.28,0.1564,-0.05632,0.04242,0.00131,0.09132
135.24,ETH-27MAR20,1585220345523,open,2.55,0.0,2.349,2.776,2.549771,500.0,None,0.0,ETH-27MAR20-480-P,135.29,0.0,0.004,50.0,0.0,0.0,0.0,0.0,-2e-05,-0.01152,0.0,-1.0
134.6,ETH-25SEP20,1585220345522,open,2.05,0.0,1.8415,2.2715,2.049386,126.2,None,0.0,ETH-25SEP20-400-P,135.29,0.0,0.0,0.0,0.0,0.0,0.0,0.28199,-0.0973,-1.90819,0.00246,-0.78015
