underlying_price,underlying_index,timestamp,state,settlement_price,open_interest,min_price,max_price,mark_price,mark_iv,last_price,interest_rate,instrument_name,index_price,bid_iv,best_bid_price,best_bid_amount,best_ask_price,best_ask_amount,ask_iv,vega,theta,rho,gamma,delta
221.56,SYN.ETH-14FEB20,1581418740015,open,0.0,1148.0,0.001,0.012,0.00144,101.0,0.003,0.0,ETH-14FEB20-260-C,221.12,94.74,0.001,373.0,0.003,5.0,116.99,0.01727,-0.30335,0.00069,0.00442,0.04095
221.56,SYN.ETH-14FEB20,1581418740015,open,0.19,1.0,0.14,0.214,0.174773,98.85,0.241,0.0,ETH-14FEB20-260-P,221.12,0.0,0.0,0.0,0.0,0.0,0.0,0.0161,-0.27676,-0.01985,0.00421,-0.96243
221.56,SYN.ETH-14FEB20,1581418740015,open,0.15,0.0,0.096,0.172,0.132002,99.15,None,0.0,ETH-14FEB20-250-P,221.12,0.0,0.0,0.0,0.0,0.0,0.0,0.03248,-0.55988,-0.01815,0.00847,-0.90794
221.56,SYN.ETH-14FEB20,1581418740017,open,0.0,1570.0,0.001,0.02,0.003797,100.21,0.006,0.0,ETH-14FEB20-250-C,221.12,94.58,0.003,300.0,0.005,340.0,107.75,0.03312,-0.57708,0.00158,0.00855,0.09454
221.56,SYN.ETH-14FEB20,1581418740017,open,0.01,2564.0,0.001,0.039,0.014332,81.93,0.015,0.0,ETH-14FEB20-230-C,221.12,74.45,0.012,524.0,0.017,270.0,90.27,0.07,-0.99713,0.00527,0.02209,0.31643
221.56,SYN.ETH-14FEB20,1581418740019,open,0.23,0.0,0.183,0.261,0.219856,116.57,None,0.0,ETH-14FEB20-270-P,221.12,0.0,0.0,0.0,0.0,0.0,0.0,0.01393,-0.28237,-0.02074,0.00309,-0.9685
222.63,SYN.ETH-21FEB20,1581418740019,open,0.24,0.0,0.18,0.265,0.220876,92.38,None,0.0,ETH-21FEB20-270-P,221.12,0.0,0.0,0.0,0.0,0.0,0.0,0.07167,-0.33522,-0.06653,0.00579,-0.88366
222.63,SYN.ETH-21FEB20,1581418740019,open,0.28,0.0,0.223,0.308,0.262881,93.7,None,0.0,ETH-21FEB20-280-P,221.12,0.0,0.0,0.0,0.0,0.0,0.0,0.05402,-0.25628,-0.0713,0.0043,-0.92081
222.63,SYN.ETH-21FEB20,1581418740019,open,0.01,516.0,0.001,0.02,0.005381,94.44,0.007,0.0,ETH-21FEB20-280-C,221.12,92.87,0.005,600.0,0.006,1.0,96.88,0.05497,-0.26282,0.00456,0.00434,0.08102
221.56,SYN.ETH-14FEB20,1581418740019,open,0.0,897.0,0.001,0.012,0.001394,119.15,0.001,0.0,ETH-14FEB20-270-C,221.12,112.75,0.001,300.0,0.002,5.0,127.12,0.01506,-0.30894,0.00058,0.00327,0.03463
222.63,SYN.ETH-21FEB20,1581418740019,open,0.01,3.0,0.001,0.026,0.008287,92.92,0.012,0.0,ETH-21FEB20-270-C,221.12,88.82,0.007,600.0,0.01,345.0,97.98,0.07234,-0.34035,0.0066,0.00581,0.11789
241.27,SYN.ETH-25SEP20,1581418740321,open,0.04,1.0,0.014,0.081,0.040911,95.8,0.055,0.0,ETH-25SEP20-720-C,221.12,91.73,0.034,300.0,0.048,333.0,99.65,0.42814,-0.09039,0.15209,0.00124,0.14233
241.27,SYN.ETH-25SEP20,1581418740321,open,2.07,0.0,1.915,2.149,2.024626,95.51,None,0.0,ETH-25SEP20-720-P,221.12,0.0,0.001,100.0,0.0,0.0,0.0,0.42563,-0.0896,-4.32435,0.00123,-0.8589
241.27,SYN.ETH-25SEP20,1581418740321,open,1.91,0.0,1.757,1.986,1.864892,95.5,None,0.0,ETH-25SEP20-680-P,221.12,0.0,0.001,97.0,0.0,0.0,0.0,0.46038,-0.0969,-4.05838,0.00133,-0.84129
241.27,SYN.ETH-25SEP20,1581418740321,open,0.05,2.0,0.018,0.09,0.046939,95.75,0.057,0.0,ETH-25SEP20-680-C,221.12,91.44,0.039,299.0,0.053,332.0,98.83,0.46249,-0.09759,0.1693,0.00133,0.15983
235.4,ETH-26JUN20,1581418740456,open,0.05,980.0,0.022,0.095,0.053839,94.27,0.05,0.0,ETH-26JUN20-440-C,221.12,88.5,0.044,294.0,0.058,414.0,96.59,0.41611,-0.14435,0.1385,0.00214,0.21189
235.4,ETH-26JUN20,1581418740502,open,0.32,2942.0,0.282,0.371,0.327079,88.29,0.339,0.0,ETH-26JUN20-180-C,221.12,80.45,0.313,252.0,0.332,432.0,90.99,0.42681,-0.13866,0.39567,0.00234,0.7786
235.4,ETH-26JUN20,1581418740502,open,0.2,1083.0,0.151,0.256,0.204552,88.2,0.216,0.0,ETH-26JUN20-240-C,221.12,82.49,0.191,263.0,0.213,263.0,91.77,0.55763,-0.18098,0.33966,0.00306,0.59216
241.27,SYN.ETH-25SEP20,1581418740519,open,0.04,483.0,0.02,0.068,0.040816,89.63,0.043,0.0,ETH-25SEP20-120-P,221.12,81.63,0.031,299.0,0.044,469.0,92.1,0.30852,-0.06095,-0.19596,0.00095,-0.08985
235.4,ETH-26JUN20,1581418740521,open,0.18,5.0,0.121,0.23,0.174102,88.22,0.177,0.0,ETH-26JUN20-220-P,221.12,84.63,0.166,243.0,0.179,423.0,90.4,0.53002,-0.17206,-0.45619,0.00291,-0.34648
241.27,SYN.ETH-25SEP20,1581418740521,open,0.54,0.0,0.512,0.575,0.54353,89.7,0.359,0.0,ETH-25SEP20-120-C,221.12,66.53,0.518,53.0,0.561,53.0,102.66,0.30871,-0.06103,0.54969,0.00095,0.91007
223.7,SYN.ETH-28FEB20,1581418740525,open,0.03,1741.0,0.008,0.053,0.026557,82.11,0.027,0.0,ETH-28FEB20-200-P,221.12,78.2,0.024,561.0,0.028,240.0,84.28,0.14779,-0.35953,-0.02705,0.00778,-0.23493
235.4,ETH-26JUN20,1581418740528,open,0.23,1058.0,0.187,0.29,0.239567,88.24,0.256,0.0,ETH-26JUN20-220-C,221.12,84.44,0.231,259.0,0.244,439.0,90.21,0.53001,-0.1721,0.36276,0.00291,0.65353
227.99,ETH-27MAR20,1581418740535,open,0.0,7001.0,0.001,0.013,0.003259,109.6,0.004,0.0,ETH-27MAR20-520-C,221.12,102.53,0.002,240.0,0.005,590.0,116.86,0.04733,-0.05779,0.0062,0.00068,0.02539
223.7,SYN.ETH-28FEB20,1581418740535,open,0.1,1447.0,0.067,0.137,0.102667,81.51,0.107,0.0,ETH-28FEB20-210-C,221.12,78.07,0.1,252.0,0.106,210.0,85.8,0.17355,-0.41915,0.05899,0.0092,0.67303
241.27,SYN.ETH-25SEP20,1581418740537,open,0.31,509.0,0.25,0.364,0.308705,89.09,0.315,0.0,ETH-25SEP20-220-C,221.12,85.99,0.3,263.0,0.314,373.0,90.98,0.67544,-0.13262,0.56478,0.0021,0.6853
241.27,SYN.ETH-25SEP20,1581418740537,open,0.07,403.0,0.035,0.1,0.064786,89.06,0.06,0.0,ETH-25SEP20-140-P,221.12,85.55,0.059,291.0,0.068,291.0,90.97,0.40246,-0.07899,-0.29216,0.00125,-0.13003
227.99,ETH-27MAR20,1581418740540,open,0.0,279.0,0.001,0.012,0.002942,109.64,0.005,0.0,ETH-27MAR20-110-P,221.12,102.97,0.002,240.0,0.006,240.0,125.07,0.03606,-0.04405,-0.00598,0.00051,-0.0184
223.7,SYN.ETH-28FEB20,1581418740540,open,0.05,863.0,0.027,0.09,0.0576,81.48,0.062,0.0,ETH-28FEB20-230-C,221.12,79.61,0.056,264.0,0.06,210.0,84.29,0.19142,-0.46211,0.04284,0.01015,0.47177
235.4,ETH-26JUN20,1581418740542,open,0.09,2557.0,0.047,0.138,0.089527,92.72,0.085,0.0,ETH-26JUN20-360-C,221.12,86.88,0.077,285.0,0.097,285.0,96.12,0.51353,-0.17522,0.20185,0.00268,0.31987
235.4,ETH-26JUN20,1581418740542,open,0.02,1144.0,0.008,0.041,0.021481,91.51,0.024,0.0,ETH-26JUN20-120-P,221.12,88.36,0.019,300.0,0.024,200.0,94.56,0.18995,-0.06396,-0.07897,0.00101,-0.06864
241.27,SYN.ETH-25SEP20,1581418740542,open,0.43,31.0,0.387,0.476,0.432559,89.1,0.441,0.0,ETH-25SEP20-160-C,221.12,71.55,0.398,51.0,0.444,120.0,94.7,0.48971,-0.09616,0.58905,0.00152,0.82535
227.99,ETH-27MAR20,1581418740547,open,0.16,210.0,0.104,0.197,0.149211,84.65,0.152,0.0,ETH-27MAR20-240-P,221.12,82.35,0.146,322.0,0.154,5.0,88.07,0.31883,-0.30069,-0.18473,0.00589,-0.5098
227.99,ETH-27MAR20,1581418740547,open,0.0,1796.0,0.001,0.011,0.001462,109.91,0.002,0.0,ETH-27MAR20-100-P,221.12,104.28,0.001,557.0,0.006,97.0,139.45,0.02107,-0.0258,-0.00318,0.0003,-0.00987
235.4,ETH-26JUN20,1581418740547,open,0.04,798.0,0.016,0.08,0.04243,94.96,0.046,0.0,ETH-26JUN20-480-C,221.12,89.33,0.034,297.0,0.047,417.0,97.82,0.36834,-0.12871,0.11494,0.00188,0.1736
235.4,ETH-26JUN20,1581418740557,open,0.14,1076.0,0.084,0.179,0.129722,88.22,0.117,0.0,ETH-26JUN20-200-P,221.12,81.09,0.115,262.0,0.132,262.0,89.33,0.48654,-0.15796,-0.36228,0.00267,-0.2837
235.4,ETH-26JUN20,1581418740557,open,0.1,900.0,0.054,0.134,0.091669,88.25,0.082,0.0,ETH-26JUN20-180-P,221.12,85.11,0.086,276.0,0.094,276.0,89.54,0.42678,-0.1386,-0.27432,0.00234,-0.22137
227.99,ETH-27MAR20,1581418740558,open,0.02,2537.0,0.004,0.038,0.016517,95.49,0.018,0.0,ETH-27MAR20-360-C,221.12,93.22,0.015,300.0,0.018,270.0,97.62,0.15581,-0.16577,0.02779,0.00255,0.11567
227.99,ETH-27MAR20,1581418740558,open,0.18,4326.0,0.144,0.221,0.183487,85.37,0.18,0.0,ETH-27MAR20-200-C,221.12,81.55,0.179,253.0,0.19,553.0,90.88,0.26841,-0.25532,0.1508,0.00492,0.72148
223.7,SYN.ETH-28FEB20,1581418740557,open,0.28,534.0,0.265,0.316,0.289889,102.21,0.28,0.0,ETH-28FEB20-160-C,221.12,0.0,0.284,1.0,0.303,35.0,143.43,0.05043,-0.1527,0.06817,0.00213,0.94896
223.7,SYN.ETH-28FEB20,1581418740557,open,0.32,676.0,0.31,0.356,0.332512,106.43,0.339,0.0,ETH-28FEB20-150-C,221.12,0.0,0.329,1.0,0.345,37.0,156.0,0.03397,-0.10712,0.06579,0.00138,0.96862
241.27,SYN.ETH-25SEP20,1581418740557,open,0.01,468.0,0.001,0.023,0.010939,91.7,0.021,0.0,ETH-25SEP20-80-P,221.12,87.85,0.009,300.0,0.013,270.0,95.43,0.12758,-0.02578,-0.06062,0.00038,-0.02948
235.4,ETH-26JUN20,1581418740561,open,0.11,1627.0,0.066,0.164,0.113269,90.08,0.124,0.0,ETH-26JUN20-320-C,221.12,85.66,0.103,279.0,0.119,419.0,92.52,0.55036,-0.18243,0.24098,0.00296,0.38827
241.27,SYN.ETH-25SEP20,1581418740559,open,0.03,243.0,0.01,0.044,0.023861,91.47,0.033,0.0,ETH-25SEP20-100-P,221.12,87.03,0.02,300.0,0.028,470.0,95.93,0.21717,-0.04378,-0.12103,0.00066,-0.05684
241.27,SYN.ETH-25SEP20,1581418740560,open,0.18,371.0,0.124,0.245,0.184091,90.25,0.18,0.0,ETH-25SEP20-320-C,221.12,88.63,0.179,276.0,0.19,376.0,92.13,0.75821,-0.15081,0.44918,0.00232,0.48361
235.4,ETH-26JUN20,1581418740565,open,0.01,846.0,0.001,0.023,0.010405,93.18,0.011,0.0,ETH-26JUN20-100-P,221.12,87.94,0.008,300.0,0.013,200.0,98.18,0.11541,-0.03957,-0.04129,0.0006,-0.03671
227.99,ETH-27MAR20,1581418740565,open,0.0,3248.0,0.001,0.015,0.004343,105.48,0.006,0.0,ETH-27MAR20-480-C,221.12,99.77,0.003,540.0,0.006,270.0,111.16,0.05999,-0.07051,0.00825,0.00089,0.03378
241.27,SYN.ETH-25SEP20,1581418740559,open,0.22,933.0,0.163,0.284,0.223867,89.47,0.22,0.0,ETH-25SEP20-280-C,221.12,85.67,0.212,271.0,0.231,271.0,91.76,0.75128,-0.14814,0.49856,0.00232,0.55632
227.99,ETH-27MAR20,1581418740564,open,0.01,2309.0,0.001,0.02,0.006389,102.09,0.008,0.0,ETH-27MAR20-440-C,221.12,97.87,0.005,540.0,0.008,530.0,106.34,0.08071,-0.0918,0.01186,0.00124,0.04868
223.7,SYN.ETH-28FEB20,1581418740565,open,0.05,780.0,0.016,0.072,0.041268,81.33,0.042,0.0,ETH-28FEB20-210-P,221.12,75.8,0.037,535.0,0.042,240.0,82.27,0.1735,-0.4181,-0.03806,0.00922,-0.32675
235.4,ETH-26JUN20,1581418740569,open,0.04,717.0,0.018,0.068,0.039755,91.39,0.039,0.0,ETH-26JUN20-140-P,221.12,87.25,0.035,297.0,0.045,297.0,95.8,0.27533,-0.0926,-0.13387,0.00146,-0.11301
241.27,SYN.ETH-25SEP20,1581418740559,open,0.38,176.0,0.335,0.435,0.386231,89.1,0.397,0.0,ETH-25SEP20-180-C,221.12,85.58,0.378,260.0,0.392,380.0,91.56,0.56492,-0.11093,0.58878,0.00175,0.77884
235.4,ETH-26JUN20,1581418740569,open,0.06,1368.0,0.032,0.095,0.060407,88.29,0.064,0.0,ETH-26JUN20-160-P,221.12,81.89,0.051,288.0,0.064,468.0,90.67,0.35235,-0.11447,-0.19493,0.00193,-0.16203
241.27,SYN.ETH-25SEP20,1581418740565,open,0.01,813.0,0.001,0.014,0.004406,95.18,0.004,0.0,ETH-25SEP20-60-P,221.12,89.19,0.003,300.0,0.006,300.0,100.73,0.06318,-0.01325,-0.02593,0.00018,-0.01288
223.7,SYN.ETH-28FEB20,1581418740565,open,0.01,2983.0,0.001,0.028,0.010948,89.03,0.011,0.0,ETH-28FEB20-180-P,221.12,86.63,0.01,300.0,0.012,340.0,91.6,0.08994,-0.23724,-0.01242,0.00437,-0.10914
241.27,SYN.ETH-25SEP20,1581418740565,open,0.13,488.0,0.076,0.189,0.129628,92.13,0.131,0.0,ETH-25SEP20-400-C,221.12,90.57,0.125,283.0,0.135,383.0,93.93,0.71796,-0.14577,0.3599,0.00215,0.36962
241.27,SYN.ETH-25SEP20,1581418740565,open,0.27,296.0,0.216,0.334,0.276471,89.09,0.285,0.0,ETH-25SEP20-240-C,221.12,86.9,0.27,20.0,0.282,375.0,90.97,0.71157,-0.13971,0.54531,0.00221,0.64009
223.7,SYN.ETH-28FEB20,1581418740561,open,0.07,1479.0,0.044,0.11,0.076956,80.46,0.081,0.0,ETH-28FEB20-220-C,221.12,78.14,0.075,252.0,0.08,210.0,84.07,0.18871,-0.44985,0.05126,0.01014,0.5726
223.7,SYN.ETH-28FEB20,1581418740565,open,0.02,5375.0,0.004,0.04,0.017721,86.21,0.017,0.0,ETH-28FEB20-190-P,221.12,84.85,0.017,245.0,0.018,240.0,86.73,0.11947,-0.30516,-0.01891,0.00599,-0.16513
241.27,SYN.ETH-25SEP20,1581418740565,open,0.68,1.0,0.663,0.697,0.679415,91.8,0.684,0.0,ETH-25SEP20-80-C,221.12,56.99,0.669,60.0,0.69,60.0,108.63,0.12791,-0.02588,0.43642,0.00039,0.97042
223.7,SYN.ETH-28FEB20,1581418740569,open,0.03,3943.0,0.011,0.061,0.032488,85.53,0.032,0.0,ETH-28FEB20-250-C,221.12,82.2,0.03,283.0,0.034,280.0,87.53,0.16829,-0.42646,0.0281,0.0085,0.30419
223.7,SYN.ETH-28FEB20,1581418740565,open,0.0,1679.0,0.001,0.011,0.001859,112.03,0.001,0.0,ETH-28FEB20-140-P,221.12,101.88,0.001,300.0,0.003,600.0,121.68,0.02271,-0.07537,-0.0022,0.00088,-0.01941
241.27,SYN.ETH-25SEP20,1581418740562,open,0.15,341.0,0.096,0.214,0.153651,91.22,0.162,0.0,ETH-25SEP20-360-C,221.12,87.43,0.142,280.0,0.16,521.0,93.27,0.74429,-0.14963,0.40238,0.00226,0.42196
223.7,SYN.ETH-28FEB20,1581418740570,open,0.01,636.0,0.001,0.021,0.007273,94.74,0.007,0.0,ETH-28FEB20-170-P,221.12,90.3,0.006,300.0,0.009,918.0,100.21,0.06711,-0.18838,-0.00836,0.00306,-0.0736
222.66,SYN.ETH-21FEB20,1581418740687,open,0.0,364.0,0.001,0.016,0.004022,87.72,0.004,0.0,ETH-21FEB20-180-P,221.12,82.18,0.003,300.0,0.005,340.0,92.37,0.0442,-0.19631,-0.00392,0.00376,-0.06101
223.7,SYN.ETH-28FEB20,1581418740699,open,0.1,1447.0,0.067,0.137,0.102667,81.51,0.107,0.0,ETH-28FEB20-210-C,221.12,78.07,0.1,30.0,0.106,210.0,85.8,0.17355,-0.41915,0.05899,0.0092,0.67303
223.7,SYN.ETH-28FEB20,1581418740702,open,0.1,1447.0,0.067,0.137,0.102667,81.51,0.107,0.0,ETH-28FEB20-210-C,221.12,76.77,0.099,180.0,0.106,210.0,85.8,0.17355,-0.41915,0.05899,0.0092,0.67303
223.7,SYN.ETH-28FEB20,1581418740716,open,0.1,1447.0,0.067,0.137,0.102667,81.51,0.107,0.0,ETH-28FEB20-210-C,221.12,76.77,0.099,402.0,0.106,210.0,85.8,0.17355,-0.41915,0.05899,0.0092,0.67303
227.99,ETH-27MAR20,1581418741187,open,0.18,4326.0,0.144,0.221,0.183487,85.37,0.18,0.0,ETH-27MAR20-200-C,221.12,81.55,0.179,25.0,0.19,553.0,90.88,0.26841,-0.25532,0.1508,0.00492,0.72148
227.99,ETH-27MAR20,1581418741193,open,0.18,4326.0,0.144,0.221,0.183487,85.37,0.18,0.0,ETH-27MAR20-200-C,221.12,74.63,0.171,42.0,0.19,553.0,90.88,0.26841,-0.25532,0.1508,0.00492,0.72148
222.63,SYN.ETH-21FEB20,1581418741201,open,0.05,207.0,0.017,0.077,0.044158,76.46,0.05,0.0,ETH-21FEB20-220-P,221.11,71.59,0.041,423.0,0.046,6.0,79.3,0.1443,-0.5586,-0.02901,0.01407,-0.43745
227.97,ETH-27MAR20,1581418741204,open,0.18,4326.0,0.144,0.221,0.183487,85.41,0.18,0.0,ETH-27MAR20-200-C,221.11,76.42,0.173,228.0,0.19,553.0,90.92,0.26846,-0.25548,0.15075,0.00492,0.72133
223.7,SYN.ETH-28FEB20,1581418741202,open,0.24,0.0,0.182,0.274,0.226198,91.05,None,0.0,ETH-28FEB20-270-P,221.11,0.0,0.0,0.0,0.0,0.0,0.0,0.13225,-0.35679,-0.10675,0.00628,-0.80589
223.7,SYN.ETH-28FEB20,1581418741201,open,0.33,0.0,0.264,0.361,0.310443,101.27,None,0.0,ETH-28FEB20-290-P,221.11,0.0,0.0,0.0,0.0,0.0,0.0,0.10674,-0.32029,-0.12112,0.00456,-0.86061
223.7,SYN.ETH-28FEB20,1581418741202,open,0.2,0.0,0.143,0.232,0.186465,87.29,None,0.0,ETH-28FEB20-260-P,221.11,0.0,0.0,0.0,0.0,0.0,0.0,0.14943,-0.38646,-0.09792,0.0074,-0.7603
223.7,SYN.ETH-28FEB20,1581418741201,open,0.02,255.0,0.005,0.043,0.019426,91.36,0.018,0.0,ETH-28FEB20-270-C,221.11,88.93,0.018,240.0,0.021,280.0,93.98,0.13266,-0.3591,0.01817,0.00628,0.1951
223.7,SYN.ETH-28FEB20,1581418741202,open,0.01,300.0,0.003,0.037,0.015315,94.33,0.015,0.0,ETH-28FEB20-280-C,221.11,93.72,0.015,240.0,0.016,20.0,95.64,0.11578,-0.32358,0.01469,0.0053,0.15738
223.7,SYN.ETH-28FEB20,1581418741202,open,0.28,0.0,0.222,0.315,0.266782,93.96,None,0.0,ETH-28FEB20-280-P,221.11,0.0,0.0,0.0,0.0,0.0,0.0,0.11523,-0.3208,-0.11486,0.0053,-0.84375
223.7,SYN.ETH-28FEB20,1581418741202,open,0.01,240.0,0.003,0.036,0.01428,101.68,0.018,0.0,ETH-28FEB20-290-C,221.11,98.96,0.013,300.0,0.016,340.0,105.18,0.10735,-0.3234,0.01306,0.00456,0.14055
222.63,SYN.ETH-21FEB20,1581418741202,open,0.08,140.0,0.037,0.109,0.071566,80.11,0.068,0.0,ETH-21FEB20-230-P,221.11,71.45,0.066,180.0,0.073,205.0,82.33,0.14372,-0.58288,-0.03876,0.01338,-0.5719
10544.73,SYN.BTC-25SEP20,1581418741337,open,0.09,287.0,0.0545,0.141,0.09083618,71.57,0.092,0.0,BTC-25SEP20-16000-C,9784.55,71.1,0.0895,1.0,0.0925,4.9,72.16,29.88062,-4.71336,15.27727,6e-05,0.32392
9790.27,SYN.BTC-12FEB20,1581418741727,open,0.03,0.0,0.0105,0.0505,0.03062121,46.46,None,0.0,BTC-12FEB20-9500-C,9784.55,0.0,0.0295,6.0,0.0325,6.0,64.63,0.7857,-18.2499,0.2063,0.00074,0.90891
9790.27,SYN.BTC-12FEB20,1581418741727,open,0.0,104.5,0.0005,0.0215,0.00439007,40.67,0.004,0.0,BTC-12FEB20-9875-C,9784.55,38.48,0.004,0.6,0.0045,10.0,41.29,1.74968,-35.58211,0.07796,0.00187,0.3363
9790.27,SYN.BTC-12FEB20,1581418741727,open,0.01,106.0,0.0005,0.03,0.01006361,40.18,0.01,0.0,BTC-12FEB20-9750-C,9784.55,34.59,0.009,2.0,0.011,1.0,45.08,1.86764,-37.52317,0.13546,0.00202,0.58678
10544.73,SYN.BTC-25SEP20,1581418741779,open,0.24,262.3,0.187,0.2925,0.2344646,66.81,0.2285,0.0,BTC-25SEP20-11000-P,9784.55,66.01,0.232,4.9,0.2395,5.8,68.44,32.61463,-4.80202,-43.37817,7e-05,-0.42736
9803.43,SYN.BTC-14FEB20,1581418741989,open,0.01,492.9,0.0005,0.033,0.00805673,45.13,0.008,0.0,BTC-14FEB20-10000-C,9784.55,44.95,0.008,1.1,0.0085,0.1,46.53,3.1003,-24.32738,0.23877,0.00091,0.31719
9803.43,SYN.BTC-14FEB20,1581418741989,open,0.13,0.0,0.1005,0.148,0.12276026,68.2,None,0.0,BTC-14FEB20-11000-P,9784.55,0.0,0.056,4.0,0.1715,4.0,263.58,0.60188,-7.13739,-0.84356,0.00012,-0.9694
9803.43,SYN.BTC-14FEB20,1581418741989,open,0.08,23.0,0.051,0.099,0.07275616,54.07,0.074,0.0,BTC-14FEB20-10500-P,9784.55,0.0,0.0255,5.6,0.143,2.8,283.44,1.29145,-12.14093,-0.76692,0.00032,-0.92018
9803.43,SYN.BTC-14FEB20,1581418741989,open,0.08,9.8,0.0635,0.1035,0.0822542,47.08,0.0865,0.0,BTC-14FEB20-9000-C,9784.55,0.0,0.0685,5.0,0.095,6.8,123.42,0.40977,-3.35408,0.69389,0.00011,0.98064
9803.43,SYN.BTC-14FEB20,1581418741989,open,0.0,674.3,0.0005,0.017,0.00148578,46.82,0.002,0.0,BTC-14FEB20-9250-P,9784.55,42.7,0.001,66.0,0.002,30.1,50.52,1.26843,-10.32598,-0.06135,0.00036,-0.07795
9803.43,SYN.BTC-14FEB20,1581418741989,open,0.03,260.3,0.012,0.058,0.02810144,45.11,0.0275,0.0,BTC-14FEB20-10000-P,9784.55,36.65,0.0255,25.9,0.0285,1.0,46.37,3.09997,-24.31442,-0.54915,0.00091,-0.68289
9803.43,SYN.BTC-14FEB20,1581418741991,open,0.0,479.3,0.0005,0.0145,0.00170921,54.12,0.002,0.0,BTC-14FEB20-10500-C,9784.55,52.48,0.0015,31.1,0.002,29.1,56.24,1.29382,-12.17411,0.06048,0.00032,0.08001
9803.43,SYN.BTC-14FEB20,1581418741991,open,0.02,481.5,0.003,0.041,0.01253278,42.77,0.0125,0.0,BTC-14FEB20-9750-P,9784.55,38.38,0.011,39.1,0.013,9.0,44.1,3.42568,-25.47291,-0.34588,0.00106,-0.43528
9803.43,SYN.BTC-14FEB20,1581418741991,open,0.18,0.0,0.1505,0.1995,0.1733588,79.09,None,0.0,BTC-14FEB20-11500-P,9784.55,0.0,0.1065,4.0,0.222,4.0,301.51,0.28329,-3.89547,-0.89655,5e-05,-0.98741
9803.43,SYN.BTC-14FEB20,1581418741991,open,0.2,0.0,0.1755,0.2245,0.19867747,78.94,None,0.0,BTC-14FEB20-11750-P,9784.55,0.0,0.132,4.0,0.2475,4.0,319.68,0.13449,-1.84597,-0.92167,2e-05,-0.99461
221.56,SYN.ETH-14FEB20,1581418742208,open,0.01,1638.0,0.001,0.026,0.006751,89.27,0.007,0.0,ETH-14FEB20-240-C,221.1,85.8,0.006,50.0,0.008,259.0,94.75,0.04904,-0.7612,0.00278,0.01421,0.16618
221.56,SYN.ETH-14FEB20,1581418742208,open,0.1,53.0,0.054,0.128,0.089828,88.59,0.08,0.0,ETH-14FEB20-240-P,221.1,61.25,0.085,60.0,0.092,60.0,98.0,0.04866,-0.74952,-0.01616,0.0142,-0.83581
227.96,ETH-27MAR20,1581418742228,open,0.64,20.0,0.639,0.66,0.64938,113.95,0.625,0.0,ETH-27MAR20-80-C,221.1,0.0,0.641,55.0,0.656,55.0,178.29,0.00597,-0.00758,0.0976,8e-05,0.9976
235.38,ETH-26JUN20,1581418742242,open,0.58,1.0,0.567,0.606,0.585633,93.32,0.38,0.0,ETH-26JUN20-100-C,221.1,60.72,0.576,52.0,0.603,52.0,120.77,0.11581,-0.03977,0.33077,0.0006,0.96313
235.38,ETH-26JUN20,1581418742527,open,0.58,1.0,0.567,0.606,0.585633,93.32,0.38,0.0,ETH-26JUN20-100-C,221.1,60.72,0.576,52.0,0.604,52.0,122.09,0.11581,-0.03977,0.33077,0.0006,0.96313
241.27,SYN.ETH-25SEP20,1581418742530,open,0.54,0.0,0.512,0.575,0.54353,89.7,0.359,0.0,ETH-25SEP20-120-C,221.1,65.38,0.517,53.0,0.561,53.0,102.66,0.30871,-0.06103,0.54969,0.00095,0.91007
10079.52,BTC-27MAR20,1581418742562,open,0.01,1997.4,0.0005,0.022,0.00721431,79.84,0.008,0.0,BTC-27MAR20-16000-C,9784.48,78.19,0.0065,44.0,0.008,48.2,81.55,4.50441,-4.00682,0.72148,5e-05,0.06543
10312.17,BTC-26JUN20,1581418742562,open,0.01,177.7,0.0005,0.027,0.0087146,85.19,0.01,0.0,BTC-26JUN20-28000-C,9784.48,83.99,0.008,30.0,0.0095,21.0,86.44,6.30928,-1.97789,1.51852,2e-05,0.04827
10079.52,BTC-27MAR20,1581418742562,open,0.01,1289.2,0.0005,0.0155,0.00524053,67.5,0.0055,0.0,BTC-27MAR20-7000-P,9784.48,65.32,0.0045,45.0,0.006,56.0,69.57,3.56193,-2.67879,-0.66691,4e-05,-0.04858
10079.52,BTC-27MAR20,1581418742562,open,0.0,898.4,0.0005,0.0105,6.368e-05,115.0,0.0005,0.0,BTC-27MAR20-40000-C,9784.48,0.0,0.0,0.0,0.001,30.4,144.89,0.07989,-0.10236,0.00725,0.0,0.00065
10079.52,BTC-27MAR20,1581418742562,open,0.81,0.0,0.752,0.8355,0.79022805,86.91,1.23,0.0,BTC-27MAR20-18000-P,9784.48,0.0,0.0125,1.0,0.0,0.0,0.0,3.04683,-2.95037,-21.68942,3e-05,-0.95998
10079.52,BTC-27MAR20,1581418742562,open,0.45,18.4,0.4435,0.469,0.45544967,79.84,0.436,0.0,BTC-27MAR20-5500-C,9784.48,0.0,0.4415,8.0,0.466,8.0,123.75,0.99232,-0.8827,6.61678,1e-05,0.98938
10079.52,BTC-27MAR20,1581418742562,open,1.8,0.0,1.7235,1.8385,1.77856508,107.86,None,0.0,BTC-27MAR20-28000-P,9784.48,0.0,0.0005,1.0,0.0,0.0,0.0,0.60057,-0.72175,-34.359,0.0,-0.994
10312.1,BTC-26JUN20,1581418742562,open,0.03,410.5,0.013,0.064,0.03145757,74.53,0.032,0.0,BTC-26JUN20-18000-C,9784.48,73.88,0.0305,14.7,0.0325,4.9,75.23,15.26023,-4.18529,4.90488,5e-05,0.15923
10079.52,BTC-27MAR20,1581418742562,open,0.21,1135.9,0.198,0.2445,0.21989004,61.05,0.218,0.0,BTC-27MAR20-8000-C,9784.48,56.69,0.217,2.0,0.2235,12.0,66.04,6.97523,-4.74481,8.20853,9e-05,0.88227
10079.52,BTC-27MAR20,1581418742562,open,0.0,499.9,0.0005,0.011,0.00123643,108.45,0.002,0.0,BTC-27MAR20-26000-C,9784.48,105.88,0.001,50.0,0.0015,24.0,110.94,0.99713,-1.20489,0.11696,1e-05,0.01067
10079.52,BTC-27MAR20,1581418742562,open,0.0,1427.8,0.0005,0.0115,0.00196763,75.81,0.0025,0.0,BTC-27MAR20-6000-P,9784.48,72.63,0.0015,63.0,0.0025,56.0,78.91,1.60611,-1.35665,-0.25442,2e-05,-0.01856
10312.1,BTC-26JUN20,1581418742562,open,1.74,0.0,1.6645,1.7945,1.72392129,85.11,None,0.0,BTC-26JUN20-28000-P,9784.48,0.0,0.0,0.0,0.0,0.0,0.0,6.28718,-1.96907,-102.72107,2e-05,-0.95194
10079.52,BTC-27MAR20,1581418742562,open,0.0,342.6,0.0005,0.0115,0.0019631,97.79,0.0035,0.0,BTC-27MAR20-22000-C,9784.48,94.47,0.0015,54.0,0.0025,24.0,101.02,1.53816,-1.67584,0.19433,1e-05,0.01764
10079.52,BTC-27MAR20,1581418742562,open,0.4,24.7,0.3935,0.422,0.40671837,75.92,0.42,0.0,BTC-27MAR20-6000-C,9784.48,0.0,0.4045,0.1,0.4195,8.0,115.84,1.61476,-1.36589,7.12074,2e-05,0.98132
10079.52,BTC-27MAR20,1581418742562,open,0.26,7.3,0.245,0.286,0.26420148,63.65,0.2695,0.0,BTC-27MAR20-7500-C,9784.48,0.0,0.2395,12.0,0.2835,7.0,92.87,5.02842,-3.56632,8.18272,6e-05,0.9245
10079.52,BTC-27MAR20,1581418742562,open,0.6,33.4,0.5935,0.613,0.60322865,87.81,0.5865,0.0,BTC-27MAR20-4000-C,9784.48,0.0,0.594,10.0,0.6105,10.0,160.98,0.09703,-0.09493,4.90706,0.0,0.9992
10079.52,BTC-27MAR20,1581418742562,open,1.2,5.6,1.1405,1.235,1.18454392,97.37,1.545,0.0,BTC-27MAR20-22000-P,9784.48,0.0,0.0005,1.0,0.0,0.0,0.0,1.50459,-1.63229,-26.85883,1e-05,-0.98281
10079.52,BTC-27MAR20,1581418742562,open,2.2,0.0,2.1125,2.2425,2.17508501,112.24,None,0.0,BTC-27MAR20-32000-P,9784.48,0.0,0.0005,1.0,0.0,0.0,0.0,0.33171,-0.41484,-39.30893,0.0,-0.99691
10079.52,BTC-27MAR20,1581418742562,open,0.15,103.9,0.1115,0.181,0.14353164,62.13,0.1515,0.0,BTC-27MAR20-11000-P,9784.48,60.99,0.142,3.0,0.1455,3.0,63.6,13.51046,-9.35306,-9.39921,0.00017,-0.61493
10312.1,BTC-26JUN20,1581418742563,open,0.61,0.5,0.605,0.6265,0.61459923,77.83,0.589,0.0,BTC-26JUN20-4000-C,9784.48,60.92,0.6125,8.0,0.624,8.0,105.11,2.07997,-0.59567,14.30291,1e-05,0.98719
10079.52,BTC-27MAR20,1581418742562,open,0.0,248.6,0.0005,0.0105,0.00043144,115.0,0.0005,0.0,BTC-27MAR20-32000-C,9784.48,0.0,0.0,0.0,0.0015,22.0,130.69,0.40646,-0.52081,0.04261,0.0,0.00387
10079.52,BTC-27MAR20,1581418742562,open,0.0,529.8,0.0005,0.0105,0.00072869,86.19,0.001,0.0,BTC-27MAR20-5000-P,9784.48,82.27,0.0005,0.3,0.001,24.0,89.86,0.66606,-0.63964,-0.09255,1e-05,-0.00674
10079.52,BTC-27MAR20,1581418742562,open,0.14,1352.1,0.1175,0.1735,0.14321707,59.3,0.1425,0.0,BTC-27MAR20-9000-C,9784.48,57.34,0.141,3.0,0.145,30.7,60.87,11.42397,-7.54837,7.4173,0.00015,0.74175
10079.52,BTC-27MAR20,1581418742562,open,0.02,1056.6,0.004,0.03,0.0135558,61.02,0.0135,0.0,BTC-27MAR20-8000-P,9784.48,60.21,0.013,9.9,0.014,20.0,61.66,6.97089,-4.73929,-1.62567,9e-05,-0.11763
10312.1,BTC-26JUN20,1581418742562,open,0.98,0.1,0.912,1.025,0.96238433,76.92,1.85,0.0,BTC-26JUN20-20000-P,9784.48,0.0,0.001,2.0,1.55,1.0,348.92,12.55907,-3.55484,-70.73954,4e-05,-0.88036
10079.52,BTC-27MAR20,1581418742562,open,2.6,0.0,2.5015,2.6455,2.57165846,106.71,None,0.0,BTC-27MAR20-36000-P,9784.48,0.0,0.0005,1.0,0.0,0.0,0.0,0.08026,-0.09542,-44.25362,0.0,-0.99935
10079.52,BTC-27MAR20,1581418742562,open,0.01,1913.0,0.004,0.033,0.01370174,72.38,0.013,0.0,BTC-27MAR20-14000-C,9784.48,71.38,0.013,30.0,0.0145,60.3,73.5,7.13136,-5.75138,1.33568,8e-05,0.12148
10312.1,BTC-26JUN20,1581418742562,open,0.22,634.0,0.185,0.2605,0.22006063,65.38,0.2155,0.0,BTC-26JUN20-9000-C,9784.48,63.93,0.217,2.0,0.221,24.8,65.83,21.68787,-5.21798,18.63944,8e-05,0.70561
10312.1,BTC-26JUN20,1581418742562,open,0.0,314.9,0.0005,0.0105,0.00090991,86.6,0.001,0.0,BTC-26JUN20-3000-P,9784.48,80.57,0.0005,48.0,0.0015,15.0,92.57,0.85236,-0.27162,-0.21334,0.0,-0.00465
10079.52,BTC-27MAR20,1581418742562,open,0.31,584.7,0.2935,0.3305,0.310783,67.56,0.3155,0.0,BTC-27MAR20-7000-C,9784.48,49.86,0.3065,10.4,0.327,7.0,98.71,3.56896,-2.68632,7.93765,4e-05,0.9513
10079.52,BTC-27MAR20,1581418742562,open,0.35,0.0,0.3435,0.3765,0.35862539,72.55,None,0.0,BTC-27MAR20-6500-C,9784.48,0.0,0.3395,12.0,0.3725,7.0,106.26,2.53903,-2.05248,7.55122,3e-05,0.96796
10079.52,BTC-27MAR20,1581418742563,open,0.5,27.1,0.494,0.5165,0.50468904,86.43,0.4665,0.0,BTC-27MAR20-5000-C,9784.48,0.0,0.492,9.0,0.5135,9.0,133.6,0.67588,-0.65085,6.05321,1e-05,0.99315
10312.1,BTC-26JUN20,1581418742563,open,2.13,0.0,2.044,2.186,2.10955083,89.31,None,0.0,BTC-26JUN20-32000-P,9784.48,0.0,0.0,0.0,0.0,0.0,0.0,4.91551,-1.6154,-118.00783,1e-05,-0.96453
10312.1,BTC-26JUN20,1581418742563,open,0.52,0.0,0.508,0.5385,0.52138279,72.04,None,0.0,BTC-26JUN20-5000-C,9784.48,0.0,0.515,12.1,0.535,7.0,94.97,4.39583,-1.16532,17.18416,2e-05,0.96903
10079.45,BTC-27MAR20,1581418742563,open,0.0,232.3,0.0005,0.013,0.00347881,72.48,0.0035,0.0,BTC-27MAR20-6500-P,9784.48,70.49,0.003,24.0,0.004,44.0,74.47,2.53141,-2.04421,-0.43867,3e-05,-0.03192
10079.45,BTC-27MAR20,1581418742563,open,0.61,25.2,0.559,0.6375,0.59454564,79.71,0.6,0.0,BTC-27MAR20-16000-P,9784.48,0.0,0.05,0.1,0.95,0.1,368.17,4.48488,-3.98312,-18.95388,5e-05,-0.93493
10312.1,BTC-26JUN20,1581418742563,open,0.28,34.6,0.2245,0.3235,0.26937113,67.25,0.27,0.0,BTC-26JUN20-12000-P,9784.48,47.72,0.2235,4.0,0.277,5.1,70.42,24.76405,-6.12846,-32.03921,9e-05,-0.56524
10079.45,BTC-27MAR20,1581418742563,open,0.05,708.4,0.0295,0.0815,0.05224123,62.16,0.052,0.0,BTC-27MAR20-11000-C,9784.48,60.48,0.05,32.2,0.0535,36.5,63.1,13.51106,-9.35726,4.12538,0.00017,0.38514
10079.45,BTC-27MAR20,1581418742563,open,1.6,0.0,1.529,1.638,1.58065013,107.49,None,0.0,BTC-27MAR20-26000-P,9784.48,0.0,0.001,1.0,0.0,0.0,0.0,0.94356,-1.13009,-31.85626,1e-05,-0.98998
10079.45,BTC-27MAR20,1581418742563,open,0.55,28.5,0.544,0.5635,0.55380135,86.9,0.5365,0.0,BTC-27MAR20-4500-C,9784.48,0.0,0.543,9.0,0.5615,9.0,144.95,0.28064,-0.27173,5.49769,0.0,0.99744
10079.45,BTC-27MAR20,1581418742563,open,0.0,199.0,0.0005,0.011,0.00109328,79.66,0.0015,0.0,BTC-27MAR20-5500-P,9784.48,71.91,0.0005,113.2,0.002,44.0,87.21,0.98211,-0.87168,-0.14355,1e-05,-0.01049
10079.45,BTC-27MAR20,1581418742563,open,0.51,0.0,0.463,0.5395,0.49783379,76.02,None,0.0,BTC-27MAR20-15000-P,9784.48,0.0,0.435,4.0,0.5505,4.0,133.91,5.60665,-4.74911,-17.48089,6e-05,-0.91278
10079.45,BTC-27MAR20,1581418742563,open,0.0,317.4,0.0005,0.0105,0.00016256,115.0,0.0005,0.0,BTC-27MAR20-36000-C,9784.48,0.0,0.0,0.0,0.001,35.0,135.58,0.17892,-0.22925,0.01734,0.0,0.00156
10079.45,BTC-27MAR20,1581418742563,open,0.0,1389.6,0.0005,0.0105,6.034e-05,86.4,0.0009,0.0,BTC-27MAR20-4000-P,9784.48,0.0,0.0,0.0,0.001,24.5,115.99,0.08372,-0.0806,-0.0092,0.0,-0.00068
10079.45,BTC-27MAR20,1581418742563,open,0.0,802.0,0.0005,0.0125,0.00273435,92.07,0.003,0.0,BTC-27MAR20-20000-C,9784.48,90.89,0.0025,44.0,0.003,0.1,93.33,2.06069,-2.1139,0.27505,2e-05,0.02493
10312.1,BTC-26JUN20,1581418742563,open,0.35,125.9,0.325,0.379,0.34975275,65.39,0.3545,0.0,BTC-26JUN20-7000-C,9784.48,63.94,0.348,2.0,0.3645,21.0,76.64,12.65158,-3.0441,20.32106,5e-05,0.87911
10079.45,BTC-27MAR20,1581418742563,open,0.0,156.2,0.0005,0.0105,0.00071355,115.0,0.001,0.0,BTC-27MAR20-30000-C,9784.48,111.02,0.0005,11.6,0.001,20.0,119.13,0.61455,-0.78744,0.06742,0.0,0.00615
10079.45,BTC-27MAR20,1581418742564,open,0.17,85.8,0.155,0.2065,0.1789009,59.41,0.176,0.0,BTC-27MAR20-8500-C,9784.48,57.87,0.1775,3.0,0.182,24.0,62.74,9.21528,-6.10038,7.9671,0.00012,0.8218
10079.45,BTC-27MAR20,1581418742564,open,0.04,550.3,0.019,0.0625,0.03609017,59.28,0.037,0.0,BTC-27MAR20-9000-P,9784.48,57.87,0.0345,12.5,0.036,3.0,59.2,11.42275,-7.54436,-3.64697,0.00015,-0.2582
10079.45,BTC-27MAR20,1581418742564,open,0.32,1.0,0.276,0.3505,0.30990627,68.47,0.295,0.0,BTC-27MAR20-13000-P,9784.48,0.0,0.247,4.0,0.3625,4.0,115.11,9.06664,-6.91729,-14.08057,0.00011,-0.82632
10079.45,BTC-27MAR20,1581418742564,open,0.0,244.1,0.0005,0.011,0.00144158,102.62,0.002,0.0,BTC-27MAR20-24000-C,9784.48,98.32,0.001,63.0,0.002,24.0,106.9,1.17018,-1.33797,0.1412,1e-05,0.01284
10079.45,BTC-27MAR20,1581418742564,open,0.02,778.9,0.0075,0.0425,0.02019988,68.53,0.019,0.0,BTC-27MAR20-13000-C,9784.48,67.74,0.0195,0.5,0.021,19.3,69.41,9.07423,-6.92831,1.90481,0.00011,0.17391
10079.45,BTC-27MAR20,1581418742564,open,2.4,0.0,2.307,2.444,2.37334297,109.36,None,0.0,BTC-27MAR20-34000-P,9784.48,0.0,0.0005,1.0,0.0,0.0,0.0,0.16677,-0.20321,-41.78587,0.0,-0.99855
10312.1,BTC-26JUN20,1581418742564,open,0.17,626.6,0.1345,0.2145,0.17128805,65.38,0.1705,0.0,BTC-26JUN20-10000-C,9784.48,64.83,0.17,15.0,0.1725,25.6,65.9,24.1591,-5.81241,16.7997,9e-05,0.60892
10312.1,BTC-26JUN20,1581418742564,open,0.79,1.0,0.7275,0.838,0.77694258,74.51,0.9,0.0,BTC-26JUN20-18000-P,9784.48,0.0,0.001,2.0,1.0,1.0,176.54,15.25277,-4.18183,-62.10545,5e-05,-0.84089
10079.45,BTC-27MAR20,1581418742564,open,1.0,5.2,0.946,1.034,0.9868929,91.69,2.035,0.0,BTC-27MAR20-20000-P,9784.48,0.0,0.0005,1.0,0.0,0.0,0.0,2.02284,-2.06654,-24.32017,2e-05,-0.97562
10312.1,BTC-26JUN20,1581418742564,open,0.01,120.7,0.0005,0.024,0.0072124,86.94,0.008,0.0,BTC-26JUN20-30000-C,9784.48,85.55,0.0065,15.0,0.008,21.0,88.38,5.4478,-1.74287,1.26771,2e-05,0.04024
9895.56,SYN.BTC-28FEB20,1581418742561,open,0.0,334.6,0.0005,0.0105,0.00019472,88.4,0.0005,0.0,BTC-28FEB20-6000-P,9784.48,0.0,0.0,0.0,0.0005,5.0,98.5,0.20593,-0.53935,-0.0155,1e-05,-0.00319
10079.45,BTC-27MAR20,1581418742565,open,0.02,693.3,0.01,0.0435,0.02217076,59.38,0.024,0.0,BTC-27MAR20-8500-P,9784.48,58.09,0.021,22.3,0.023,22.3,60.28,9.21192,-6.09477,-2.48175,0.00012,-0.17809
10079.45,BTC-27MAR20,1581418742565,open,3.0,1.4,2.891,3.0495,2.96839245,0.0,3.051,0.0,BTC-27MAR20-40000-P,9784.48,0.0,0.0005,1.0,0.0,0.0,0.0,0.0,0.0,-49.17884,0.0,-1.0
10079.45,BTC-27MAR20,1581418742566,open,0.0,37.0,0.0005,0.0105,0.00023833,86.32,0.0005,0.0,BTC-27MAR20-4500-P,9784.48,0.0,0.0,0.0,0.001,20.0,102.2,0.2676,-0.25735,-0.0331,0.0,-0.00243
10079.45,BTC-27MAR20,1581418742565,open,2.0,0.0,1.918,2.041,1.97696011,113.15,None,0.0,BTC-27MAR20-30000-P,9784.48,0.0,0.0005,1.0,0.0,0.0,0.0,0.5451,-0.68723,-36.82504,0.0,-0.99462
10544.73,SYN.BTC-25SEP20,1581418742562,open,0.62,1.9,0.55,0.679,0.60819908,71.58,0.6255,0.0,BTC-25SEP20-16000-P,9784.48,0.0,0.0005,1.0,0.655,0.5,87.44,29.88181,-4.71395,-84.17417,6e-05,-0.67605
10079.45,BTC-27MAR20,1581418742565,open,0.41,67.7,0.368,0.444,0.40261681,72.31,0.4,0.0,BTC-27MAR20-14000-P,9784.48,0.0,0.34,4.0,0.4555,4.0,124.73,7.11977,-5.73654,-15.87977,8e-05,-0.8788
10312.1,BTC-26JUN20,1581418742565,open,0.71,28.7,0.7,0.7195,0.70999574,86.67,0.715,0.0,BTC-26JUN20-3000-C,9784.48,0.0,0.703,9.0,0.716,9.0,119.39,0.85634,-0.27312,10.95336,0.0,0.99533
10079.45,BTC-27MAR20,1581418742566,open,0.0,806.8,0.0005,0.0165,0.00448011,87.08,0.0045,0.0,BTC-27MAR20-18000-C,9784.48,85.45,0.004,44.0,0.005,28.1,88.73,3.06816,-2.97685,0.4447,3e-05,0.04037
10312.1,BTC-26JUN20,1581418742566,open,0.02,1156.9,0.0085,0.0515,0.02295118,76.95,0.0245,0.0,BTC-26JUN20-20000-C,9784.48,76.16,0.022,16.0,0.024,6.0,77.8,12.56842,-3.55886,3.71637,4e-05,0.11976
10312.1,BTC-26JUN20,1581418742566,open,0.01,406.2,0.001,0.031,0.01071537,83.32,0.0105,0.0,BTC-26JUN20-26000-C,9784.48,82.3,0.01,15.0,0.0115,6.0,84.4,7.37828,-2.26234,1.84631,2e-05,0.05881
10312.1,BTC-26JUN20,1581418742566,open,1.17,0.0,1.0985,1.2145,1.15061573,79.09,None,0.0,BTC-26JUN20-22000-P,9784.48,0.0,0.001,2.0,2.21,1.0,500.0,10.38061,-3.02131,-79.02833,3e-05,-0.90805
10312.1,BTC-26JUN20,1581418742566,open,0.1,484.0,0.071,0.1495,0.10571445,67.26,0.1055,0.0,BTC-26JUN20-12000-C,9784.48,66.55,0.104,16.4,0.108,16.0,68.21,24.7644,-6.12949,12.63263,9e-05,0.43479
10079.45,BTC-27MAR20,1581418742566,open,0.0,201.1,0.0005,0.0105,0.00026352,115.0,0.001,0.0,BTC-27MAR20-34000-C,9784.48,0.0,0.0,0.0,0.0005,20.0,121.81,0.26929,-0.34506,0.02709,0.0,0.00245
10079.45,BTC-27MAR20,1581418742566,open,0.01,832.5,0.0005,0.021,0.00826313,63.61,0.0095,0.0,BTC-27MAR20-7500-P,9784.48,62.05,0.0075,44.0,0.009,45.6,65.06,5.02253,-3.55968,-1.03661,6e-05,-0.07539
10312.1,BTC-26JUN20,1581418742566,open,1.55,0.0,1.4755,1.6,1.53197164,83.25,None,0.0,BTC-26JUN20-26000-P,9784.48,0.0,0.0,0.0,0.0,0.0,0.0,7.35671,-2.25369,-94.9482,2e-05,-0.94141
10079.45,BTC-27MAR20,1581418742566,open,0.23,60.9,0.1885,0.262,0.22243798,65.22,0.21,0.0,BTC-27MAR20-12000-P,9784.48,59.85,0.2165,14.9,0.2605,5.6,95.89,11.42701,-8.30352,-11.94691,0.00014,-0.74161
10079.45,BTC-27MAR20,1581418742566,open,0.0,246.5,0.0005,0.0105,0.00073494,109.15,0.0015,0.0,BTC-27MAR20-28000-C,9784.48,104.99,0.0005,35.2,0.001,24.0,112.78,0.65383,-0.79512,0.07268,0.0,0.0066
10079.45,BTC-27MAR20,1581418742566,open,1.4,0.0,1.335,1.436,1.38243884,101.87,None,0.0,BTC-27MAR20-24000-P,9784.48,0.0,0.0095,1.0,0.0,0.0,0.0,1.12137,-1.2728,-29.37269,1e-05,-0.98778
10312.1,BTC-26JUN20,1581418742566,open,1.36,0.0,1.2865,1.4065,1.34075945,81.27,None,0.0,BTC-26JUN20-24000-P,9784.48,0.0,0.0,0.0,0.0,0.0,0.0,8.69926,-2.60145,-87.06535,3e-05,-0.92727
10312.1,BTC-26JUN20,1581418742566,open,0.44,12.5,0.378,0.4845,0.42624026,70.14,0.415,0.0,BTC-26JUN20-14000-P,9784.48,0.0,0.001,3.0,0.51,1.0,106.37,22.14537,-5.71545,-42.91338,8e-05,-0.69164
10312.1,BTC-26JUN20,1581418742566,open,0.61,1.6,0.548,0.656,0.59646941,72.0,0.61,0.0,BTC-26JUN20-16000-P,9784.48,0.0,0.001,3.0,0.71,1.0,124.21,18.5115,-4.90426,-52.9327,6e-05,-0.78242
10312.1,BTC-26JUN20,1581418742567,open,0.43,72.7,0.4135,0.4545,0.43169722,67.35,0.44,0.0,BTC-26JUN20-6000-C,9784.48,48.15,0.421,12.0,0.4515,7.0,88.5,7.86658,-1.94969,19.3654,3e-05,0.93616
10312.1,BTC-26JUN20,1581418742567,open,1.94,0.0,1.854,1.9895,1.91635409,86.82,None,0.0,BTC-26JUN20-30000-P,9784.48,0.0,0.0,0.0,0.0,0.0,0.0,5.41841,-1.73112,-110.41881,2e-05,-0.96003
10312.1,BTC-26JUN20,1581418742567,open,0.28,231.3,0.249,0.315,0.27944279,65.38,0.2815,0.0,BTC-26JUN20-8000-C,9784.48,63.95,0.277,3.0,0.284,21.0,68.02,17.69978,-4.25857,19.92114,7e-05,0.79838
9895.56,SYN.BTC-28FEB20,1581418742562,open,0.24,97.1,0.227,0.261,0.24333424,66.57,0.275,0.0,BTC-28FEB20-7500-C,9784.48,0.0,0.242,0.1,0.261,11.0,126.51,1.13054,-2.22985,3.35976,4e-05,0.97768
9895.56,SYN.BTC-28FEB20,1581418742562,open,0.1,329.2,0.0815,0.1285,0.1025243,52.48,0.1145,0.0,BTC-28FEB20-9000-C,9784.48,36.18,0.0945,11.0,0.125,6.0,86.55,5.67657,-8.82636,3.26045,0.00024,0.81516
9895.56,SYN.BTC-28FEB20,1581418742562,open,0.0,248.8,0.0005,0.0105,5.47e-06,88.42,0.0005,0.0,BTC-28FEB20-5000-P,9784.48,0.0,0.0,0.0,0.0005,20.1,130.9,0.00953,-0.02496,-0.00055,0.0,-0.00011
9895.56,SYN.BTC-28FEB20,1581418742562,open,0.14,379.6,0.126,0.1675,0.14580304,53.93,0.148,0.0,BTC-28FEB20-8500-C,9784.48,0.0,0.1385,11.0,0.154,11.0,73.26,3.32574,-5.31394,3.51691,0.00014,0.91449
9849.5,SYN.BTC-21FEB20,1581418742562,open,0.03,58.6,0.023,0.0695,0.03602916,47.05,0.0355,0.0,BTC-21FEB20-9750-C,9784.48,46.24,0.0355,0.2,0.0375,0.1,49.33,6.37082,-15.17757,1.4162,0.00052,0.56745
9895.56,SYN.BTC-28FEB20,1581418742563,open,0.01,735.4,0.0025,0.031,0.01201411,52.46,0.0115,0.0,BTC-28FEB20-9000-P,9784.48,48.86,0.01,44.1,0.012,54.1,52.44,5.67537,-8.82182,-0.90035,0.00024,-0.18478
10544.73,SYN.BTC-25SEP20,1581418742562,open,0.62,300.1,0.6155,0.6425,0.62716256,72.93,0.63,0.0,BTC-25SEP20-4000-C,9784.48,0.0,0.6205,6.1,0.633,6.0,83.77,4.73272,-0.76068,22.84908,1e-05,0.97577
9895.56,SYN.BTC-28FEB20,1581418742562,open,0.06,429.7,0.046,0.0945,0.0669242,52.47,0.0645,0.0,BTC-28FEB20-9500-C,9784.48,50.66,0.0655,22.2,0.07,54.3,56.37,7.77858,-12.09361,2.72265,0.00033,0.66201
10544.73,SYN.BTC-25SEP20,1581418742563,open,0.16,281.8,0.1205,0.2155,0.16322,67.98,0.1655,0.0,BTC-25SEP20-12000-C,9784.48,67.27,0.161,1.0,0.166,3.6,68.86,33.15415,-4.96681,22.77278,7e-05,0.51066
9895.56,SYN.BTC-28FEB20,1581418742562,open,0.28,0.0,0.24,0.2995,0.26740783,69.4,None,0.0,BTC-28FEB20-12500-P,9784.48,0.0,0.199,4.0,0.3145,4.0,152.7,2.79248,-5.74164,-5.48771,9e-05,-0.93204
9895.56,SYN.BTC-28FEB20,1581418742563,open,0.0,357.1,0.0005,0.0155,0.00422754,69.44,0.005,0.0,BTC-28FEB20-12500-C,9784.48,68.62,0.004,20.0,0.0045,30.0,70.39,2.79688,-5.7544,0.29222,9e-05,0.0681
9895.56,SYN.BTC-28FEB20,1581418742562,open,0.01,1090.5,0.0005,0.0165,0.00476564,53.9,0.005,0.0,BTC-28FEB20-8500-P,9784.48,51.53,0.004,50.0,0.0055,30.0,56.02,3.32303,-5.30708,-0.41258,0.00014,-0.08541
9895.56,SYN.BTC-28FEB20,1581418742562,open,0.32,0.0,0.289,0.3495,0.31692354,73.97,None,0.0,BTC-28FEB20-13000-P,9784.48,0.0,0.0055,0.1,0.0,0.0,0.0,2.22686,-4.88069,-5.79217,7e-05,-0.94907
9895.56,SYN.BTC-28FEB20,1581418742563,open,0.0,865.4,0.0005,0.011,0.00124242,66.5,0.002,0.0,BTC-28FEB20-7500-P,9784.48,64.23,0.001,1.0,0.0015,0.1,68.64,1.12631,-2.21929,-0.10736,4e-05,-0.02222
9895.56,SYN.BTC-28FEB20,1581418742563,open,0.19,288.9,0.176,0.2135,0.19405319,60.48,0.196,0.0,BTC-28FEB20-8000-C,9784.48,0.0,0.1865,11.0,0.2025,11.0,87.61,2.00069,-3.58518,3.48352,7e-05,0.95545
10544.73,SYN.BTC-25SEP20,1581418742562,open,0.12,345.7,0.079,0.171,0.11894555,69.41,0.122,0.0,BTC-25SEP20-14000-C,9784.48,68.44,0.116,8.9,0.1225,4.9,70.57,32.19045,-4.92393,18.64922,7e-05,0.40348
9849.5,SYN.BTC-21FEB20,1581418742561,open,0.01,724.3,0.0005,0.035,0.00886439,47.12,0.0085,0.0,BTC-21FEB20-9250-P,9784.48,44.07,0.0075,20.1,0.0085,26.5,46.32,4.50781,-10.7544,-0.55117,0.00036,-0.19796
10544.73,SYN.BTC-25SEP20,1581418742565,open,0.07,111.1,0.038,0.1175,0.0699669,73.08,0.0755,0.0,BTC-25SEP20-18000-C,9784.48,72.51,0.0685,1.0,0.072,14.9,73.87,27.02345,-4.35233,12.52599,5e-05,0.26108
9895.56,SYN.BTC-28FEB20,1581418742564,open,0.01,263.0,0.0005,0.0245,0.00885806,61.02,0.0085,0.0,BTC-28FEB20-11500-C,9784.48,59.2,0.008,80.0,0.0095,0.1,62.35,4.73986,-8.5698,0.60078,0.00017,0.14017
9895.56,SYN.BTC-28FEB20,1581418742565,open,0.0,776.8,0.0005,0.0105,0.00073405,74.51,0.0015,0.0,BTC-28FEB20-7000-P,9784.48,70.71,0.0005,20.3,0.001,30.0,77.95,0.68942,-1.52199,-0.06064,2e-05,-0.01252
10544.73,SYN.BTC-25SEP20,1581418742562,open,0.02,59.5,0.0045,0.042,0.01545153,84.85,0.0145,0.0,BTC-25SEP20-36000-C,9784.48,83.39,0.014,16.0,0.0165,16.0,85.86,10.75096,-2.01042,3.35739,2e-05,0.06668
10544.73,SYN.BTC-25SEP20,1581418742563,open,0.22,174.0,0.1875,0.2785,0.22917914,66.8,0.227,0.0,BTC-25SEP20-10000-C,9784.48,65.89,0.2265,2.0,0.23,10.0,67.08,31.03945,-4.56982,27.06366,7e-05,0.64209
9895.56,SYN.BTC-28FEB20,1581418742562,open,0.06,132.9,0.0305,0.0805,0.0506874,52.46,0.0495,0.0,BTC-28FEB20-10000-P,9784.48,46.99,0.046,38.7,0.0505,49.8,52.24,8.48287,-13.18502,-2.58642,0.00036,-0.51463
10544.73,SYN.BTC-25SEP20,1581418742563,open,0.02,201.1,0.0065,0.0505,0.02024774,83.04,0.0215,0.0,BTC-25SEP20-32000-C,9784.48,82.43,0.0195,0.2,0.021,16.0,83.64,13.0052,-2.37999,4.28362,2e-05,0.0856
9895.56,SYN.BTC-28FEB20,1581418742562,open,0.0,670.6,0.0005,0.0105,0.00072501,88.37,0.0005,0.0,BTC-28FEB20-6500-P,9784.48,84.14,0.0005,25.5,0.001,20.5,92.48,0.59332,-1.55346,-0.0515,1e-05,-0.01053
9895.56,SYN.BTC-28FEB20,1581418742564,open,0.0,745.9,0.0005,0.0135,0.00321604,74.03,0.003,0.0,BTC-28FEB20-13000-C,9784.48,73.06,0.003,20.0,0.0035,30.1,75.26,2.23202,-4.89586,0.21897,7e-05,0.05108
9895.56,SYN.BTC-28FEB20,1581418742562,open,0.13,11.1,0.099,0.157,0.12602011,57.88,0.1115,0.0,BTC-28FEB20-11000-P,9784.48,0.0,0.078,5.6,0.195,2.8,146.2,6.22342,-10.67297,-4.16638,0.00024,-0.78463
9895.56,SYN.BTC-28FEB20,1581418742562,open,0.01,388.2,0.0005,0.019,0.00595611,65.18,0.0055,0.0,BTC-28FEB20-12000-C,9784.48,63.91,0.0055,7.6,0.0065,30.1,66.63,3.61887,-6.98831,0.4111,0.00012,0.09581
10544.73,SYN.BTC-25SEP20,1581418742562,open,0.97,0.1,0.892,1.0285,0.95308761,75.08,1.21,0.0,BTC-25SEP20-20000-P,9784.48,0.0,0.0005,1.0,1.0,1.0,93.37,24.36432,-4.03158,-113.84735,5e-05,-0.78388
10544.73,SYN.BTC-25SEP20,1581418742566,open,2.08,0.0,1.983,2.143,2.05497354,83.07,None,0.0,BTC-25SEP20-32000-P,9784.48,0.0,0.0005,1.0,0.0,0.0,0.0,13.01732,-2.38301,-194.61638,2e-05,-0.91429
9895.56,SYN.BTC-28FEB20,1581418742562,open,0.34,15.3,0.33,0.359,0.34387126,88.48,0.301,0.0,BTC-28FEB20-6500-C,9784.48,0.0,0.343,0.1,0.3585,12.0,161.67,0.5969,-1.56479,2.95339,1e-05,0.98939
10544.73,SYN.BTC-25SEP20,1581418742562,open,0.46,1.0,0.4365,0.488,0.45951141,67.02,0.425,0.0,BTC-25SEP20-6000-C,9784.48,51.68,0.4425,5.0,0.482,5.0,82.7,13.6702,-2.01898,29.42642,3e-05,0.90847
10544.73,SYN.BTC-25SEP20,1581418742561,open,2.45,0.0,2.3525,2.522,2.42951805,84.89,None,0.0,BTC-25SEP20-36000-P,9784.48,0.0,0.0005,1.0,0.0,0.0,0.0,10.76668,-2.01426,-220.40471,2e-05,-0.9332
10544.73,SYN.BTC-25SEP20,1581418742563,open,0.27,106.7,0.2345,0.3205,0.27416588,66.8,0.28,0.0,BTC-25SEP20-9000-C,9784.48,64.88,0.269,9.7,0.2755,15.7,67.3,28.28761,-4.16466,28.80573,6e-05,0.71366
9895.56,SYN.BTC-28FEB20,1581418742562,open,0.04,978.2,0.022,0.067,0.04014316,52.47,0.039,0.0,BTC-28FEB20-10000-C,9784.48,51.14,0.039,38.0,0.0415,0.2,54.05,8.48288,-13.18801,2.03707,0.00036,0.48539
10544.73,SYN.BTC-25SEP20,1581418742564,open,0.79,0.2,0.7175,0.85,0.77700016,73.09,1.02,0.0,BTC-25SEP20-18000-P,9784.48,0.0,0.0005,1.0,0.835,0.5,93.91,27.02563,-4.35313,-99.3565,5e-05,-0.73888
9849.5,SYN.BTC-21FEB20,1581418742561,open,0.03,320.9,0.015,0.06,0.0259196,47.04,0.024,0.0,BTC-21FEB20-9750-P,9784.48,40.98,0.022,24.6,0.025,18.6,45.62,6.37079,-15.17357,-1.22178,0.00052,-0.43254
9849.5,SYN.BTC-21FEB20,1581418742561,open,0.05,48.8,0.036,0.0845,0.05131667,47.07,0.051,0.0,BTC-21FEB20-9500-C,9784.48,45.65,0.0505,0.1,0.054,6.4,51.67,5.68868,-13.55719,1.71095,0.00046,0.69334
9895.56,SYN.BTC-28FEB20,1581418742563,open,0.44,4.1,0.433,0.4555,0.44423986,89.39,0.414,0.0,BTC-28FEB20-5500-C,9784.48,0.0,0.433,8.0,0.4555,8.0,195.17,0.05913,-0.15661,2.539,0.0,0.99919
9895.56,SYN.BTC-28FEB20,1581418742562,open,0.01,921.0,0.004,0.033,0.01442146,57.9,0.0145,0.0,BTC-28FEB20-11000-C,9784.48,56.42,0.0135,44.1,0.0155,57.1,59.6,6.22479,-10.67858,0.91977,0.00024,0.21546
9803.43,SYN.BTC-14FEB20,1581418742562,open,0.23,0.0,0.2005,0.2495,0.22410195,78.41,None,0.0,BTC-14FEB20-12000-P,9784.48,0.0,0.1575,4.0,0.273,4.0,337.0,0.05645,-0.76961,-0.94388,1e-05,-0.99795
9895.56,SYN.BTC-28FEB20,1581418742562,open,0.39,1.1,0.3815,0.407,0.39386818,88.69,0.3535,0.0,BTC-28FEB20-6000-C,9784.48,0.0,0.3815,7.0,0.4065,7.0,176.7,0.21061,-0.5534,2.75819,1e-05,0.99673
10544.73,SYN.BTC-25SEP20,1581418742564,open,1.33,0.0,1.25,1.3925,1.31348121,77.86,None,0.0,BTC-25SEP20-24000-P,9784.48,0.0,0.0005,1.0,0.0,0.0,0.0,19.45397,-3.338,-141.74882,4e-05,-0.84918
9895.56,SYN.BTC-28FEB20,1581418742566,open,0.18,0.1,0.144,0.202,0.17098393,61.0,0.1525,0.0,BTC-28FEB20-11500-P,9784.48,0.0,0.104,4.0,0.2195,4.0,131.84,4.73739,-8.56192,-4.71665,0.00017,-0.85994
10544.73,SYN.BTC-25SEP20,1581418742562,open,0.06,183.4,0.028,0.101,0.05638399,75.07,0.056,0.0,BTC-25SEP20-20000-C,9784.48,74.47,0.055,4.0,0.057,14.9,75.34,24.36106,-4.03054,10.46623,5e-05,0.21607
9849.5,SYN.BTC-21FEB20,1581418742562,open,0.06,47.2,0.039,0.0925,0.05701689,48.93,0.0565,0.0,BTC-21FEB20-10250-P,9784.48,42.0,0.053,3.0,0.058,15.1,50.58,5.82788,-14.43726,-1.95195,0.00045,-0.67544
10544.73,SYN.BTC-25SEP20,1581418742568,open,0.46,4.2,0.391,0.514,0.44663808,69.41,0.45,0.0,BTC-25SEP20-14000-P,9784.48,0.0,0.001,1.0,0.47,1.0,77.0,32.19089,-4.92435,-68.37115,7e-05,-0.5965
10544.73,SYN.BTC-25SEP20,1581418742563,open,1.7,0.0,1.615,1.7655,1.68245321,80.74,None,0.0,BTC-25SEP20-28000-P,9784.48,0.0,0.0005,1.0,0.0,0.0,0.0,15.83853,-2.81842,-168.47481,3e-05,-0.88797
10544.73,SYN.BTC-25SEP20,1581418742563,open,0.03,229.9,0.014,0.052,0.0285225,67.02,0.0275,0.0,BTC-25SEP20-6000-P,9784.48,66.23,0.0275,0.1,0.0295,6.0,67.77,13.67129,-2.01929,-7.86929,3e-05,-0.09154
9895.56,SYN.BTC-28FEB20,1581418742567,open,0.0,1060.1,0.0005,0.012,0.00248858,60.44,0.003,0.0,BTC-28FEB20-8000-P,9784.48,57.87,0.002,50.0,0.003,40.0,62.85,1.99715,-3.57647,-0.21478,7e-05,-0.04446
9895.56,SYN.BTC-28FEB20,1581418742562,open,0.29,60.6,0.2785,0.3095,0.29335309,74.61,0.2995,0.0,BTC-28FEB20-7000-C,9784.48,0.0,0.2925,0.1,0.309,11.0,142.1,0.6938,-1.53373,3.17535,2e-05,0.98739
9895.56,SYN.BTC-28FEB20,1581418742567,open,0.49,0.6,0.4845,0.5045,0.49473335,92.36,0.465,0.0,BTC-28FEB20-5000-C,9784.48,0.0,0.485,8.0,0.505,8.0,216.57,0.01632,-0.04466,2.31076,0.0,0.9998
10544.73,SYN.BTC-25SEP20,1581418742562,open,0.54,0.0,0.5235,0.562,0.54034959,69.34,None,0.0,BTC-25SEP20-5000-C,9784.48,0.0,0.5215,6.0,0.5565,6.0,85.86,8.66743,-1.32455,26.80518,2e-05,0.94932
9849.5,SYN.BTC-21FEB20,1581418742561,open,0.16,0.0,0.146,0.183,0.16333298,56.67,None,0.0,BTC-21FEB20-8250-C,9784.48,0.0,0.162,0.1,0.183,6.0,126.0,0.96967,-2.78193,2.16113,7e-05,0.97428
10544.73,SYN.BTC-25SEP20,1581418742563,open,0.03,86.7,0.01,0.0615,0.02706813,80.72,0.028,0.0,BTC-25SEP20-28000-C,9784.48,80.34,0.0265,1.0,0.0275,6.0,81.01,15.82963,-2.81613,5.56303,3e-05,0.11194
9849.5,SYN.BTC-21FEB20,1581418742564,open,0.04,197.2,0.025,0.0755,0.03994835,47.99,0.0375,0.0,BTC-21FEB20-10000-P,9784.48,40.34,0.035,39.8,0.0385,18.0,45.76,6.38855,-15.5226,-1.60058,0.00051,-0.56066
9895.56,SYN.BTC-28FEB20,1581418742563,open,0.0,278.7,0.0005,0.0105,3.919e-05,88.41,0.001,0.0,BTC-28FEB20-5500-P,9784.48,0.0,0.0,0.0,0.0005,20.1,114.0,0.05329,-0.1396,-0.0035,0.0,-0.00072
9895.56,SYN.BTC-28FEB20,1581418742562,open,0.23,0.2,0.1915,0.2505,0.21860919,65.14,0.233,0.0,BTC-28FEB20-12000-P,9784.48,0.0,0.151,4.0,0.2665,4.0,142.41,3.61538,-6.97801,-5.13759,0.00012,-0.90432
9895.56,SYN.BTC-28FEB20,1581418742683,open,0.09,60.3,0.0595,0.1145,0.08470709,54.49,0.081,0.0,BTC-28FEB20-10500-P,9784.48,45.63,0.078,16.1,0.0855,10.7,55.51,7.67985,-12.39792,-3.46545,0.00031,-0.67274
9895.56,SYN.BTC-28FEB20,1581418742687,open,0.09,60.3,0.0595,0.1145,0.08470709,54.49,0.081,0.0,BTC-28FEB20-10500-P,9784.48,45.63,0.078,16.1,0.0855,10.4,55.51,7.67985,-12.39792,-3.46545,0.00031,-0.67274
9790.27,SYN.BTC-12FEB20,1581418742729,open,0.01,97.5,0.0005,0.025,0.00594472,40.15,0.006,0.0,BTC-12FEB20-9750-P,9784.48,32.54,0.0045,44.0,0.0065,27.0,43.06,1.86759,-37.49575,-0.09844,0.00202,-0.41316
9790.27,SYN.BTC-12FEB20,1581418742732,open,0.02,0.2,0.002,0.0395,0.01900475,40.44,0.0185,0.0,BTC-12FEB20-9625-C,9784.48,32.21,0.018,6.0,0.0205,6.0,50.79,1.31104,-26.51113,0.18525,0.00141,0.80768
9790.27,SYN.BTC-12FEB20,1581418742733,open,0.03,0.0,0.0105,0.0505,0.03062121,46.46,None,0.0,BTC-12FEB20-9500-C,9784.48,0.0,0.0295,6.0,0.032,6.0,60.42,0.7857,-18.2499,0.2063,0.00074,0.90891
9849.5,SYN.BTC-21FEB20,1581418742838,open,0.04,197.2,0.025,0.0755,0.03994835,47.99,0.0375,0.0,BTC-21FEB20-10000-P,9784.48,40.34,0.035,39.8,0.039,18.0,46.53,6.38855,-15.5226,-1.60058,0.00051,-0.56066
9849.5,SYN.BTC-21FEB20,1581418742841,open,0.04,197.2,0.025,0.0755,0.03994835,47.99,0.0375,0.0,BTC-21FEB20-10000-P,9784.48,40.34,0.035,39.8,0.039,24.4,46.53,6.38855,-15.5226,-1.60058,0.00051,-0.56066
9803.43,SYN.BTC-14FEB20,1581418742850,open,0.03,260.3,0.012,0.058,0.02810144,45.11,0.0275,0.0,BTC-14FEB20-10000-P,9784.48,38.32,0.026,18.0,0.0285,1.0,46.37,3.09997,-24.31442,-0.54915,0.00091,-0.68289
9849.5,SYN.BTC-21FEB20,1581418742861,open,0.01,357.2,0.0005,0.0215,0.00512491,54.98,0.005,0.0,BTC-21FEB20-11000-C,9784.48,53.02,0.0045,26.8,0.0055,0.1,56.1,3.2356,-9.00646,0.30539,0.00022,0.11972
10079.45,BTC-27MAR20,1581418742863,open,0.05,708.4,0.0295,0.0815,0.05224123,62.16,0.052,0.0,BTC-27MAR20-11000-C,9784.48,60.48,0.05,32.2,0.053,19.3,62.72,13.51106,-9.35726,4.12538,0.00017,0.38514
9849.5,SYN.BTC-21FEB20,1581418742863,open,0.01,357.2,0.0005,0.0215,0.00512491,54.98,0.005,0.0,BTC-21FEB20-11000-C,9784.48,53.02,0.0045,26.6,0.0055,0.1,56.1,3.2356,-9.00646,0.30539,0.00022,0.11972
9803.43,SYN.BTC-14FEB20,1581418742865,open,0.03,290.3,0.0185,0.063,0.03555628,44.1,0.0355,0.0,BTC-14FEB20-9500-C,9784.48,41.85,0.035,7.0,0.038,1.0,53.25,2.47452,-18.97266,0.58634,0.00074,0.7947
10079.45,BTC-27MAR20,1581418742868,open,0.05,708.4,0.0295,0.0815,0.05224123,62.16,0.052,0.0,BTC-27MAR20-11000-C,9784.48,60.48,0.05,32.2,0.053,29.3,62.72,13.51106,-9.35726,4.12538,0.00017,0.38514
9849.5,SYN.BTC-21FEB20,1581418742870,open,0.02,290.4,0.0065,0.0455,0.01636284,48.94,0.0175,0.0,BTC-21FEB20-10250-C,9784.48,47.48,0.0155,20.1,0.017,0.1,50.02,5.82829,-14.44242,0.82148,0.00045,0.32462
9895.56,SYN.BTC-28FEB20,1581418742878,open,0.06,429.7,0.046,0.0945,0.0669242,52.47,0.0645,0.0,BTC-28FEB20-9500-C,9784.48,50.66,0.0655,4.2,0.07,54.3,56.37,7.77858,-12.09361,2.72265,0.00033,0.66201
9895.56,SYN.BTC-28FEB20,1581418742882,open,0.06,429.7,0.046,0.0945,0.0669242,52.47,0.0645,0.0,BTC-28FEB20-9500-C,9784.48,50.66,0.0655,0.1,0.07,54.3,56.37,7.77858,-12.09361,2.72265,0.00033,0.66201
9895.56,SYN.BTC-28FEB20,1581418742884,open,0.06,429.7,0.046,0.0945,0.0669242,52.47,0.0645,0.0,BTC-28FEB20-9500-C,9784.48,50.66,0.0655,0.1,0.07,54.6,56.37,7.77858,-12.09361,2.72265,0.00033,0.66201
9790.27,SYN.BTC-12FEB20,1581418743238,open,0.01,97.5,0.0005,0.025,0.00594472,40.15,0.006,0.0,BTC-12FEB20-9750-P,9784.48,32.54,0.0045,38.0,0.0065,27.0,43.06,1.86759,-37.49575,-0.09844,0.00202,-0.41316
9790.27,SYN.BTC-12FEB20,1581418743240,open,0.01,97.5,0.0005,0.025,0.00594472,40.15,0.006,0.0,BTC-12FEB20-9750-P,9784.48,32.54,0.0045,38.0,0.0065,21.0,43.06,1.86759,-37.49575,-0.09844,0.00202,-0.41316
235.37,ETH-26JUN20,1581418743456,open,0.37,395.0,0.341,0.419,0.380732,88.34,0.393,0.0,ETH-26JUN20-160-C,221.1,77.5,0.365,46.0,0.397,180.0,98.95,0.35248,-0.11458,0.40052,0.00193,0.83784
227.95,ETH-27MAR20,1581418743456,open,0.09,5286.0,0.059,0.135,0.096637,84.77,0.097,0.0,ETH-27MAR20-240-C,221.1,82.88,0.094,265.0,0.1,330.0,87.17,0.31877,-0.30107,0.11029,0.00589,0.49015
227.95,ETH-27MAR20,1581418743456,open,0.03,3109.0,0.009,0.056,0.028407,91.79,0.028,0.0,ETH-27MAR20-320-C,221.1,89.19,0.026,333.0,0.03,222.0,93.47,0.21403,-0.2189,0.04415,0.00365,0.18595
235.37,ETH-26JUN20,1581418743456,open,0.03,1690.0,0.009,0.061,0.028849,97.61,0.03,0.0,ETH-26JUN20-560-C,221.1,96.1,0.027,3.0,0.031,420.0,99.31,0.29314,-0.10529,0.08294,0.00146,0.12351
227.95,ETH-27MAR20,1581418743456,open,0.02,7966.0,0.006,0.039,0.018594,92.16,0.017,0.0,ETH-27MAR20-160-P,221.1,89.61,0.017,240.0,0.021,270.0,95.87,0.14474,-0.14863,-0.03447,0.00246,-0.1044
227.95,ETH-27MAR20,1581418743456,open,0.0,14286.0,0.001,0.012,0.002844,122.35,0.002,0.0,ETH-27MAR20-600-C,221.1,116.91,0.002,10.0,0.004,450.0,128.25,0.03969,-0.05411,0.00498,0.00051,0.02061
223.7,SYN.ETH-28FEB20,1581418743456,open,0.0,930.0,0.001,0.011,0.000273,112.21,0.001,0.0,ETH-28FEB20-120-P,221.1,0.0,0.0,0.0,0.002,300.0,145.79,0.00499,-0.01657,-0.00038,0.00019,-0.00345
9849.5,SYN.BTC-21FEB20,1581418743469,open,0.01,357.2,0.0005,0.0215,0.00512491,54.98,0.005,0.0,BTC-21FEB20-11000-C,9784.48,53.02,0.0045,56.6,0.0055,0.1,56.1,3.2356,-9.00646,0.30539,0.00022,0.11972
223.7,SYN.ETH-28FEB20,1581418743470,open,0.13,2781.0,0.098,0.166,0.132651,82.31,0.13,0.0,ETH-28FEB20-200-C,221.1,70.35,0.125,213.0,0.146,213.0,101.75,0.14794,-0.36078,0.06537,0.00777,0.76465
223.7,SYN.ETH-28FEB20,1581418743472,open,0.37,113.0,0.356,0.398,0.376125,112.95,0.233,0.0,ETH-28FEB20-140-C,221.1,0.0,0.363,38.0,0.387,38.0,167.63,0.02341,-0.07834,0.06245,0.0009,0.97988
223.7,SYN.ETH-28FEB20,1581418743476,open,0.04,1851.0,0.017,0.073,0.042885,82.98,0.042,0.0,ETH-28FEB20-240-C,221.1,79.45,0.04,274.0,0.044,270.0,84.34,0.18318,-0.45038,0.03489,0.00954,0.38023
223.7,SYN.ETH-28FEB20,1581418743476,open,0.0,1891.0,0.001,0.012,0.002941,105.76,0.004,0.0,ETH-28FEB20-150-P,221.1,98.72,0.002,300.0,0.004,340.0,112.25,0.03332,-0.1044,-0.00347,0.00136,-0.03065
235.37,ETH-26JUN20,1581418743480,open,1.78,0.0,1.647,1.844,1.739145,99.45,None,0.0,ETH-26JUN20-640-P,221.1,0.0,0.01,50.0,0.0,0.0,0.0,0.23182,-0.08483,-2.32179,0.00113,-0.91072
227.95,ETH-27MAR20,1581418743480,open,1.14,0.0,1.046,1.181,1.109604,103.67,None,0.0,ETH-27MAR20-480-P,221.1,0.0,0.004,50.0,0.0,0.0,0.0,0.05584,-0.0645,-0.58255,0.00084,-0.96903
223.7,SYN.ETH-28FEB20,1581418743486,open,0.16,1765.0,0.135,0.201,0.168511,86.45,0.197,0.0,ETH-28FEB20-190-C,221.1,55.57,0.155,55.0,0.198,55.0,134.51,0.11972,-0.30666,0.06886,0.00599,0.83432
235.37,ETH-26JUN20,1581418743488,open,1.28,0.0,1.161,1.339,1.24487,96.91,None,0.0,ETH-26JUN20-520-P,221.1,0.0,0.01,50.0,0.0,0.0,0.0,0.33189,-0.11836,-1.83724,0.00166,-0.85197
241.27,SYN.ETH-25SEP20,1581418743488,open,1.59,0.0,1.446,1.664,1.549152,95.54,None,0.0,ETH-25SEP20-600-P,221.1,0.0,0.001,19.0,0.0,0.0,0.0,0.53644,-0.11295,-3.51928,0.00155,-0.79755
241.27,SYN.ETH-25SEP20,1581418743490,open,0.81,0.0,0.697,0.882,0.787248,92.03,None,0.0,ETH-25SEP20-400-P,221.1,0.0,0.001,28.0,0.0,0.0,0.0,0.7177,-0.14557,-2.1266,0.00216,-0.63079
235.37,ETH-26JUN20,1581418743492,open,1.11,0.0,1.0,1.172,1.081339,94.69,None,0.0,ETH-26JUN20-480-P,221.1,0.0,0.01,50.0,0.0,0.0,0.0,0.36674,-0.12779,-1.67256,0.00188,-0.82756
235.37,ETH-26JUN20,1581418743500,open,1.44,0.0,1.322,1.505,1.407779,97.37,None,0.0,ETH-26JUN20-560-P,221.1,0.0,0.01,50.0,0.0,0.0,0.0,0.29165,-0.1045,-2.00225,0.00145,-0.87739
227.95,ETH-27MAR20,1581418743502,open,0.56,1148.0,0.549,0.578,0.562866,110.92,0.346,0.0,ETH-27MAR20-100-C,221.1,0.0,0.561,1.0,0.572,49.0,157.74,0.02197,-0.02715,0.11961,0.00031,0.98964
223.7,SYN.ETH-28FEB20,1581418743502,open,0.24,1118.0,0.22,0.275,0.247453,95.12,0.246,0.0,ETH-28FEB20-170-C,221.1,0.0,0.24,1.0,0.263,55.0,134.43,0.0676,-0.19051,0.07015,0.00307,0.92571
227.95,ETH-27MAR20,1581418743505,open,0.0,2356.0,0.001,0.011,0.000257,111.4,0.001,0.0,ETH-27MAR20-80-P,221.1,0.0,0.0,0.0,0.002,332.0,143.7,0.0051,-0.00633,-0.00064,7e-05,-0.00201
235.37,ETH-26JUN20,1581418743509,open,0.44,533.0,0.411,0.479,0.445073,91.49,0.434,0.0,ETH-26JUN20-140-C,221.1,60.0,0.415,47.0,0.471,47.0,112.11,0.27559,-0.09278,0.38706,0.00146,0.88682
223.7,SYN.ETH-28FEB20,1581418743519,open,0.59,20.0,0.586,0.609,0.597745,139.54,0.328,0.0,ETH-28FEB20-90-C,221.1,0.0,0.591,50.0,0.605,50.0,258.82,0.0012,-0.00498,0.04153,4e-05,0.99928
223.7,SYN.ETH-28FEB20,1581418743519,open,0.5,46.0,0.494,0.523,0.508431,119.41,0.428,0.0,ETH-28FEB20-110-C,221.1,0.0,0.5,45.0,0.517,45.0,215.73,0.00292,-0.01034,0.05065,0.00011,0.99809
241.27,SYN.ETH-25SEP20,1581418743525,open,0.28,226.0,0.205,0.339,0.271043,89.03,0.25,0.0,ETH-25SEP20-240-P,221.1,81.26,0.248,203.0,0.279,203.0,91.74,0.71163,-0.13963,-0.94635,0.00221,-0.35999
227.95,ETH-27MAR20,1581418743528,open,0.43,112.0,0.415,0.46,0.43683,103.55,0.194,0.0,ETH-27MAR20-130-C,221.1,63.21,0.43,42.0,0.448,42.0,131.11,0.07161,-0.08262,0.14607,0.00108,0.95803
227.95,ETH-27MAR20,1581418743531,open,0.62,7.0,0.54,0.657,0.595325,94.8,1.702,0.0,ETH-27MAR20-360-P,221.1,0.0,0.01,30.0,1.108,1.0,499.46,0.15361,-0.16225,-0.41532,0.00254,-0.88659
235.37,ETH-26JUN20,1581418743531,open,0.02,3811.0,0.006,0.048,0.020368,99.8,0.021,0.0,ETH-26JUN20-640-C,221.1,98.4,0.019,10.0,0.022,120.0,101.41,0.23396,-0.08592,0.06135,0.00114,0.09039
223.7,SYN.ETH-28FEB20,1581418743531,open,0.2,1819.0,0.176,0.236,0.206433,89.33,0.204,0.0,ETH-28FEB20-180-C,221.1,48.56,0.196,34.0,0.226,54.0,129.05,0.09033,-0.23907,0.07072,0.00437,0.89021
227.95,ETH-27MAR20,1581418743533,open,0.3,162.0,0.228,0.335,0.28006,88.3,0.28,0.0,ETH-27MAR20-280-P,221.1,0.0,0.003,21.0,0.333,20.0,128.74,0.28006,-0.27553,-0.27321,0.00496,-0.69478
227.95,ETH-27MAR20,1581418743533,open,0.96,0.0,0.876,1.004,0.93621,100.88,None,0.0,ETH-27MAR20-440-P,221.1,0.0,0.003,50.0,0.0,0.0,0.0,0.07744,-0.08704,-0.52968,0.0012,-0.95376
223.7,SYN.ETH-28FEB20,1581418743533,open,0.07,1341.0,0.029,0.096,0.060252,80.28,0.062,0.0,ETH-28FEB20-220-P,221.1,74.05,0.055,455.0,0.061,210.0,81.17,0.18871,-0.44887,-0.05044,0.01016,-0.42739
241.27,SYN.ETH-25SEP20,1581418743533,open,0.4,0.0,0.309,0.461,0.384201,89.41,None,0.0,ETH-25SEP20-280-P,221.1,0.0,0.001,25.0,0.0,0.0,0.0,0.75132,-0.14804,-1.24179,0.00232,-0.44384
235.37,ETH-26JUN20,1581418743535,open,0.23,9.0,0.166,0.285,0.22404,88.14,0.232,0.0,ETH-26JUN20-240-P,221.1,81.39,0.208,197.0,0.234,197.0,92.35,0.55761,-0.18086,-0.5538,0.00307,-0.40801
235.37,ETH-26JUN20,1581418743535,open,0.02,2628.0,0.007,0.053,0.023834,98.48,0.024,0.0,ETH-26JUN20-600-C,221.1,96.78,0.022,8.0,0.026,420.0,100.39,0.26,-0.09422,0.07057,0.00128,0.10437
235.37,ETH-26JUN20,1581418743535,open,0.79,0.0,0.69,0.851,0.767485,93.03,None,0.0,ETH-26JUN20-400-P,221.1,0.0,0.01,50.0,0.0,0.0,0.0,0.46365,-0.15872,-1.32288,0.00242,-0.74232
227.95,ETH-27MAR20,1581418743535,open,0.24,3243.0,0.209,0.279,0.244953,87.81,0.24,0.0,ETH-27MAR20-180-C,221.1,71.56,0.231,65.0,0.253,325.0,96.38,0.20864,-0.20412,0.16158,0.00372,0.82148
241.27,SYN.ETH-25SEP20,1581418743537,open,0.06,140.0,0.027,0.111,0.062722,95.73,0.06,0.0,ETH-25SEP20-600-C,221.1,90.74,0.052,296.0,0.074,296.0,100.63,0.53784,-0.11347,0.21088,0.00155,0.20334
223.7,SYN.ETH-28FEB20,1581418743537,open,0.0,1868.0,0.001,0.016,0.005013,101.72,0.004,0.0,ETH-28FEB20-160-P,221.1,96.91,0.004,300.0,0.006,640.0,105.95,0.04988,-0.15032,-0.00572,0.00212,-0.05034
241.27,SYN.ETH-25SEP20,1581418743537,open,0.18,304.0,0.12,0.231,0.173931,89.04,0.17,0.0,ETH-25SEP20-200-P,221.1,82.15,0.156,260.0,0.181,260.0,91.76,0.62685,-0.12301,-0.66307,0.00195,-0.26821
227.95,ETH-27MAR20,1581418743540,open,0.45,10.0,0.378,0.491,0.431916,91.46,1.59,0.0,ETH-27MAR20-320-P,221.1,0.0,0.011,5.0,0.957,1.0,500.0,0.2132,-0.21727,-0.34952,0.00365,-0.81521
227.95,ETH-27MAR20,1581418743540,open,0.11,1794.0,0.061,0.141,0.099489,84.79,0.101,0.0,ETH-27MAR20-220-P,221.1,81.46,0.095,440.0,0.104,465.0,88.13,0.30761,-0.29059,-0.1384,0.00568,-0.39433
241.27,SYN.ETH-25SEP20,1581418743540,open,1.43,0.0,1.292,1.503,1.392397,95.03,None,0.0,ETH-25SEP20-560-P,221.1,0.0,0.001,17.0,0.0,0.0,0.0,0.57315,-0.12004,-3.24759,0.00167,-0.77314
227.95,ETH-27MAR20,1581418743542,open,1.32,0.0,1.216,1.36,1.283959,107.06,None,0.0,ETH-27MAR20-520-P,221.1,0.0,0.006,50.0,0.0,0.0,0.0,0.04237,-0.05055,-0.63386,0.00062,-0.97774
227.95,ETH-27MAR20,1581418743542,open,0.07,2070.0,0.031,0.095,0.060603,85.23,0.065,0.0,ETH-27MAR20-200-P,221.1,82.15,0.057,488.0,0.064,463.0,88.1,0.26838,-0.25484,-0.09505,0.00493,-0.27855
227.95,ETH-27MAR20,1581418743545,open,1.49,0.0,1.386,1.542,1.459596,115.66,None,0.0,ETH-27MAR20-560-P,221.1,0.0,0.02,50.0,0.0,0.0,0.0,0.042,-0.05413,-0.68315,0.00057,-0.97797
235.37,ETH-26JUN20,1581418743545,open,0.64,1.0,0.543,0.699,0.618709,92.59,1.827,0.0,ETH-26JUN20-360-P,221.1,0.0,0.015,2.0,0.0,0.0,0.0,0.51305,-0.17479,-1.13858,0.00269,-0.68075
235.37,ETH-26JUN20,1581418743545,open,0.49,0.0,0.401,0.548,0.472542,89.97,1.06,0.0,ETH-26JUN20-320-P,221.1,0.0,0.015,2.0,0.0,0.0,0.0,0.5501,-0.18213,-0.95045,0.00296,-0.61221
235.37,ETH-26JUN20,1581418743545,open,0.35,0.0,0.273,0.409,0.33998,88.72,None,0.0,ETH-26JUN20-280-P,221.1,0.0,0.011,3.0,0.0,0.0,0.0,0.57219,-0.18682,-0.75348,0.00313,-0.51997
235.37,ETH-26JUN20,1581418743545,open,0.0,1994.0,0.001,0.011,0.001832,105.02,0.004,0.0,ETH-26JUN20-60-P,221.1,96.67,0.001,160.0,0.003,301.0,113.27,0.02824,-0.01092,-0.0078,0.00013,-0.00707
227.95,ETH-27MAR20,1581418743545,open,0.47,158.0,0.459,0.5,0.479121,110.16,0.211,0.0,ETH-27MAR20-120-C,221.1,0.0,0.473,45.0,0.489,44.0,139.49,0.05714,-0.07013,0.13706,0.00081,0.96815
241.27,SYN.ETH-25SEP20,1581418743545,open,0.96,0.0,0.841,1.033,0.933494,92.75,None,0.0,ETH-25SEP20-440-P,221.1,0.0,0.001,32.0,0.0,0.0,0.0,0.68391,-0.1398,-2.41344,0.00204,-0.67582
241.27,SYN.ETH-25SEP20,1581418743545,open,0.53,0.0,0.429,0.594,0.510187,90.18,None,0.0,ETH-25SEP20-320-P,221.1,0.0,0.001,26.0,0.0,0.0,0.0,0.7582,-0.15069,-1.53989,0.00232,-0.51663
241.27,SYN.ETH-25SEP20,1581418743545,open,1.11,0.0,0.988,1.187,1.083786,93.54,None,0.0,ETH-25SEP20-480-P,221.1,0.0,0.001,29.0,0.0,0.0,0.0,0.64728,-0.13344,-2.69551,0.00191,-0.71361
227.95,ETH-27MAR20,1581418743547,open,0.01,2308.0,0.001,0.023,0.009501,98.31,0.01,0.0,ETH-27MAR20-140-P,221.1,94.38,0.008,540.0,0.011,330.0,101.95,0.09059,-0.09923,-0.01845,0.00144,-0.05631
241.27,SYN.ETH-25SEP20,1581418743547,open,0.14,1055.0,0.086,0.182,0.13216,89.04,0.13,0.0,ETH-25SEP20-180-P,221.1,81.26,0.114,271.0,0.138,271.0,91.54,0.56491,-0.11086,-0.52985,0.00175,-0.22115
227.95,ETH-27MAR20,1581418743549,open,0.0,1277.0,0.001,0.011,0.000656,110.52,0.001,0.0,ETH-27MAR20-90-P,221.1,0.0,0.0,0.0,0.004,198.0,144.07,0.01109,-0.01366,-0.00152,0.00016,-0.00477
241.27,SYN.ETH-25SEP20,1581418743549,open,1.75,0.0,1.601,1.824,1.706317,95.51,None,0.0,ETH-25SEP20-640-P,221.1,0.0,0.001,37.0,0.0,0.0,0.0,0.49743,-0.1047,-3.79011,0.00144,-0.82098
241.27,SYN.ETH-25SEP20,1581418743549,open,0.1,349.0,0.048,0.15,0.094642,93.67,0.1,0.0,ETH-25SEP20-480-C,221.1,89.25,0.083,289.0,0.1,389.0,95.65,0.64792,-0.13375,0.28845,0.00191,0.28698
241.27,SYN.ETH-25SEP20,1581418743551,open,0.67,0.0,0.559,0.735,0.645509,91.14,None,0.0,ETH-25SEP20-360-P,221.1,0.0,0.001,26.0,0.0,0.0,0.0,0.74417,-0.14947,-1.8354,0.00226,-0.57836
241.27,SYN.ETH-25SEP20,1581418743551,open,0.07,565.0,0.032,0.122,0.071729,95.2,0.082,0.0,ETH-25SEP20-560-C,221.1,90.56,0.061,294.0,0.083,294.0,99.81,0.57427,-0.12048,0.23383,0.00167,0.22765
227.95,ETH-27MAR20,1581418743553,open,0.13,2706.0,0.094,0.174,0.134661,85.01,0.136,0.0,ETH-27MAR20-220-C,221.1,80.81,0.129,278.0,0.138,722.0,87.48,0.30761,-0.29134,0.13201,0.00566,0.6057
227.95,ETH-27MAR20,1581418743553,open,0.31,2797.0,0.287,0.347,0.31689,92.49,0.309,0.0,ETH-27MAR20-160-C,221.1,74.73,0.307,64.0,0.325,325.0,104.39,0.14533,-0.14976,0.16202,0.00246,0.89501
235.37,ETH-26JUN20,1581418743553,open,0.74,2.0,0.737,0.757,0.746968,105.46,0.749,0.0,ETH-26JUN20-60-C,221.1,0.0,0.745,1.0,0.752,64.0,131.51,0.02877,-0.01117,0.21538,0.00013,0.99278
227.95,ETH-27MAR20,1581418743553,open,0.6,0.0,0.594,0.619,0.605919,112.23,None,0.0,ETH-27MAR20-90-C,221.1,0.0,0.605,1.0,0.614,51.0,168.16,0.01209,-0.01511,0.10897,0.00017,0.99474
227.95,ETH-27MAR20,1581418743553,open,0.0,275.0,0.001,0.011,8.2e-05,112.29,0.003,0.0,ETH-27MAR20-70-P,221.1,0.0,0.0,0.0,0.002,399.0,160.91,0.00193,-0.00242,-0.00022,3e-05,-0.0007
227.95,ETH-27MAR20,1581418743553,open,0.0,5673.0,0.001,0.011,0.001884,122.36,0.001,0.0,ETH-27MAR20-640-C,221.1,113.77,0.001,20.0,0.002,20.0,123.26,0.02888,-0.03937,0.00345,0.00037,0.0142
235.37,ETH-26JUN20,1581418743553,open,0.66,0.0,0.651,0.679,0.664679,97.31,None,0.0,ETH-26JUN20-80-C,221.1,0.0,0.66,58.0,0.679,57.0,132.64,0.06126,-0.02194,0.2787,0.00031,0.98276
241.27,SYN.ETH-25SEP20,1581418743553,open,0.1,223.0,0.057,0.139,0.095607,89.05,0.105,0.0,ETH-25SEP20-160-P,221.1,81.27,0.08,282.0,0.103,282.0,92.67,0.48965,-0.09609,-0.40525,0.00152,-0.17462
223.7,SYN.ETH-28FEB20,1581418743553,open,0.0,838.0,0.001,0.011,7.9e-05,112.24,0.001,0.0,ETH-28FEB20-110-P,221.1,0.0,0.0,0.0,0.002,399.0,163.96,0.00177,-0.00588,-0.00012,7e-05,-0.0011
227.95,ETH-27MAR20,1581418743555,open,1.67,0.0,1.556,1.721,1.634194,117.19,None,0.0,ETH-27MAR20-600-P,221.1,0.0,0.03,50.0,0.0,0.0,0.0,0.03162,-0.04129,-0.73383,0.00042,-0.98422
223.7,SYN.ETH-28FEB20,1581418743555,open,0.55,21.0,0.54,0.566,0.553065,127.32,0.267,0.0,ETH-28FEB20-100-C,221.1,0.0,0.546,47.0,0.561,47.0,236.46,0.00168,-0.00635,0.04612,6e-05,0.99896
223.7,SYN.ETH-28FEB20,1581418743555,open,0.0,830.0,0.001,0.011,3e-06,112.42,0.001,0.0,ETH-28FEB20-90-P,221.1,0.0,0.0,0.0,0.001,10.0,186.54,0.0001,-0.00033,-1e-05,0.0,-5e-05
223.7,SYN.ETH-28FEB20,1581418743555,open,0.1,224.0,0.049,0.125,0.085591,81.3,0.076,0.0,ETH-28FEB20-230-P,221.1,73.59,0.079,373.0,0.086,200.0,81.78,0.19141,-0.46106,-0.06351,0.01018,-0.52845
223.7,SYN.ETH-28FEB20,1581418743555,open,0.0,1339.0,0.001,0.011,0.0,112.7,0.002,0.0,ETH-28FEB20-80-P,221.1,0.0,0.0,0.0,0.001,10.0,209.06,1e-05,-5e-05,0.0,0.0,-1e-05
241.27,SYN.ETH-25SEP20,1581418743555,open,0.08,60.0,0.039,0.135,0.082287,94.54,0.087,0.0,ETH-25SEP20-520-C,221.1,89.98,0.071,292.0,0.094,292.0,99.06,0.61128,-0.12736,0.25959,0.00179,0.25538
227.95,ETH-27MAR20,1581418743557,open,0.0,1411.0,0.001,0.015,0.00539,109.51,0.006,0.0,ETH-27MAR20-120-P,221.1,103.4,0.004,240.0,0.007,590.0,115.57,0.05622,-0.0686,-0.01026,0.0008,-0.03123
227.95,ETH-27MAR20,1581418743557,open,0.01,672.0,0.001,0.018,0.007006,103.15,0.006,0.0,ETH-27MAR20-130-P,221.1,99.79,0.006,240.0,0.008,350.0,106.23,0.07096,-0.08155,-0.01359,0.00108,-0.04149
235.37,ETH-26JUN20,1581418743557,open,0.0,2008.0,0.001,0.014,0.004497,97.03,0.004,0.0,ETH-26JUN20-80-P,221.1,95.03,0.004,2.0,0.005,100.0,98.92,0.0607,-0.02167,-0.01888,0.0003,-0.01705
227.95,ETH-27MAR20,1581418743557,open,0.0,2556.0,0.001,0.013,0.003456,118.42,0.002,0.0,ETH-27MAR20-560-C,221.1,116.11,0.003,10.0,0.004,25.0,120.94,0.04699,-0.062,0.00609,0.00062,0.02518
241.27,SYN.ETH-25SEP20,1581418743557,open,0.75,0.0,0.746,0.768,0.755763,95.34,0.764,0.0,ETH-25SEP20-60-C,221.1,0.0,0.751,68.0,0.762,66.0,113.44,0.06353,-0.01335,0.34683,0.00018,0.98703
227.95,ETH-27MAR20,1581418743559,open,0.04,1680.0,0.014,0.062,0.034408,87.6,0.038,0.0,ETH-27MAR20-180-P,221.1,84.94,0.032,511.0,0.037,511.0,90.41,0.20836,-0.20336,-0.05957,0.00372,-0.17814
223.7,SYN.ETH-28FEB20,1581418743559,open,0.13,3.0,0.076,0.158,0.115572,82.78,0.115,0.0,ETH-28FEB20-240-P,221.1,74.69,0.109,180.0,0.116,200.0,83.31,0.18312,-0.44915,-0.0761,0.00956,-0.62021
241.27,SYN.ETH-25SEP20,1581418743559,open,1.27,0.0,1.139,1.344,1.237193,94.39,None,0.0,ETH-25SEP20-520-P,221.1,0.0,0.001,24.0,0.0,0.0,0.0,0.61042,-0.12698,-2.9731,0.00179,-0.74531
227.95,ETH-27MAR20,1581418743561,open,0.05,5942.0,0.024,0.086,0.052097,88.61,0.053,0.0,ETH-27MAR20-280-C,221.1,85.25,0.048,313.0,0.055,765.0,90.95,0.28046,-0.27689,0.07122,0.00495,0.30621
227.95,ETH-27MAR20,1581418743561,open,1.85,0.0,1.726,1.899,1.808655,114.04,None,0.0,ETH-27MAR20-640-P,221.1,0.0,0.01,50.0,0.0,0.0,0.0,0.01869,-0.02375,-0.78473,0.00026,-0.99139
223.7,SYN.ETH-28FEB20,1581418743561,open,0.46,101.0,0.448,0.481,0.463929,115.51,0.397,0.0,ETH-28FEB20-120-C,221.1,0.0,0.454,42.0,0.474,42.0,201.02,0.00601,-0.02057,0.05501,0.00022,0.99575
241.27,SYN.ETH-25SEP20,1581418743561,open,0.48,19.0,0.446,0.523,0.484619,89.12,0.505,0.0,ETH-25SEP20-140-C,221.1,73.56,0.46,61.0,0.49,2.0,92.31,0.40259,-0.07907,0.57781,0.00125,0.86991
235.37,ETH-26JUN20,1581418743563,open,1.61,0.0,1.484,1.673,1.57247,97.98,None,0.0,ETH-26JUN20-600-P,221.1,0.0,0.01,50.0,0.0,0.0,0.0,0.25696,-0.09265,-2.164,0.00127,-0.89731
227.95,ETH-27MAR20,1581418743563,open,0.79,5.0,0.707,0.829,0.764581,98.44,2.004,0.0,ETH-27MAR20-400-P,221.1,0.0,0.046,50.0,1.262,1.0,499.34,0.11039,-0.12108,-0.47418,0.00176,-0.92738
223.7,SYN.ETH-28FEB20,1581418743563,open,0.16,0.0,0.108,0.194,0.14987,85.3,0.135,0.0,ETH-28FEB20-250-P,221.1,0.0,0.001,1.0,0.202,20.0,149.62,0.16813,-0.42494,-0.08753,0.00852,-0.69645
235.37,ETH-26JUN20,1581418743566,open,0.95,0.0,0.844,1.01,0.922852,94.06,None,0.0,ETH-26JUN20-440-P,221.1,0.0,0.01,50.0,0.0,0.0,0.0,0.41498,-0.14364,-1.49996,0.00214,-0.78905
235.37,ETH-26JUN20,1581418743566,open,0.04,227.0,0.012,0.071,0.035874,97.12,0.037,0.0,ETH-26JUN20-520-C,221.1,95.78,0.034,2.0,0.038,420.0,98.6,0.33309,-0.11904,0.09897,0.00166,0.14883
241.27,SYN.ETH-25SEP20,1581418743566,open,0.34,272.0,0.29,0.397,0.345121,89.09,0.352,0.0,ETH-25SEP20-200-C,221.1,82.51,0.328,261.0,0.35,371.0,90.97,0.62683,-0.12308,0.5799,0.00194,0.7318
223.7,SYN.ETH-28FEB20,1581418743566,open,0.64,1.0,0.632,0.652,0.642438,154.73,0.522,0.0,ETH-28FEB20-80-C,221.1,0.0,0.636,54.0,0.649,54.0,283.23,0.00095,-0.00437,0.03692,3e-05,0.99944
10312.0,BTC-26JUN20,1581418743568,open,0.15,523.6,0.1035,0.1875,0.14101398,65.37,0.1385,0.0,BTC-26JUN20-10000-P,9784.24,63.66,0.137,19.7,0.1425,24.7,66.01,24.1591,-5.81188,-20.42651,9e-05,-0.3911
10079.36,BTC-27MAR20,1581418743569,open,0.03,1927.7,0.0145,0.058,0.03192917,65.25,0.0325,0.0,BTC-27MAR20-12000-C,9784.24,64.43,0.031,0.9,0.0325,19.3,65.75,11.42964,-8.30929,2.8078,0.00014,0.25851
10312.0,BTC-26JUN20,1581418743569,open,0.0,436.2,0.0005,0.012,0.00248996,77.81,0.0035,0.0,BTC-26JUN20-4000-P,9784.24,77.86,0.0025,15.0,0.003,25.0,80.2,2.07836,-0.59509,-0.58701,1e-05,-0.0128
10312.0,BTC-26JUN20,1581418743569,open,0.06,356.5,0.032,0.088,0.05521896,65.38,0.0575,0.0,BTC-26JUN20-8000-P,9784.24,63.19,0.0515,23.4,0.0545,13.5,64.96,17.69916,-4.25789,-9.85897,7e-05,-0.20161
10311.76,BTC-26JUN20,1581418743569,open,0.1,654.7,0.062,0.133,0.09281086,65.37,0.096,0.0,BTC-26JUN20-9000-P,9784.24,64.03,0.09,4.9,0.0925,16.7,65.22,21.68784,-5.21707,-14.86402,8e-05,-0.29441
227.95,ETH-27MAR20,1581418743572,open,0.69,0.0,0.684,0.703,0.693092,120.4,None,0.0,ETH-27MAR20-70-C,221.1,0.0,0.687,58.0,0.698,58.0,187.78,0.00346,-0.00464,0.08564,4e-05,0.99868
227.95,ETH-27MAR20,1581418743572,open,0.51,20.0,0.504,0.539,0.520526,110.53,0.272,0.0,ETH-27MAR20-110-C,221.1,0.0,0.517,2.0,0.53,46.0,147.34,0.03712,-0.04572,0.12904,0.00053,0.98095
9790.23,SYN.BTC-12FEB20,1581418743568,open,0.0,50.6,0.0005,0.0105,1.925e-05,50.92,0.0005,0.0,BTC-12FEB20-10500-C,9784.24,0.0,0.0,0.0,0.001,30.0,88.36,0.03863,-0.18849,0.00061,3e-05,0.00261
9849.37,SYN.BTC-21FEB20,1581418743568,open,0.02,95.5,0.0135,0.0565,0.0246743,48.01,0.025,0.0,BTC-21FEB20-10000-C,9784.24,46.2,0.0235,21.0,0.026,25.8,50.05,6.3884,-15.52796,1.10498,0.00051,0.43931
10544.64,SYN.BTC-25SEP20,1581418743569,open,0.32,35.5,0.292,0.369,0.32711807,66.81,0.33,0.0,BTC-25SEP20-8000-C,9784.24,64.8,0.3225,2.0,0.329,15.6,67.62,24.31961,-3.58065,29.98236,5e-05,0.78456
9895.37,SYN.BTC-28FEB20,1581418743569,open,0.03,363.2,0.0125,0.052,0.0269469,52.46,0.028,0.0,BTC-28FEB20-9500-P,9784.48,48.69,0.024,2.1,0.026,44.2,51.25,7.77872,-12.09064,-1.66975,0.00033,-0.33802
241.27,SYN.ETH-25SEP20,1581418743569,open,0.23,131.0,0.16,0.283,0.220396,89.04,0.239,0.0,ETH-25SEP20-220-P,221.1,81.43,0.199,242.0,0.227,242.0,91.4,0.67549,-0.13255,-0.80253,0.0021,-0.31474
10544.64,SYN.BTC-25SEP20,1581418743569,open,0.19,179.4,0.1485,0.2425,0.19128136,66.81,0.195,0.0,BTC-25SEP20-11000-C,9784.24,65.58,0.1875,8.2,0.195,13.6,68.01,32.6145,-4.80189,24.99502,7e-05,0.57263
10544.64,SYN.BTC-25SEP20,1581418743568,open,0.38,5.2,0.359,0.424,0.38871164,66.81,0.392,0.0,BTC-25SEP20-7000-C,9784.24,64.76,0.385,2.0,0.4155,5.0,80.81,19.28743,-2.83977,30.30713,4e-05,0.85111
9895.37,SYN.BTC-28FEB20,1581418743571,open,0.02,337.9,0.009,0.0455,0.02363489,54.51,0.024,0.0,BTC-28FEB20-10500-C,9784.24,53.69,0.023,24.1,0.0245,0.3,55.62,7.67987,-12.40253,1.38921,0.00031,0.32728
10544.64,SYN.BTC-25SEP20,1581418743569,open,0.09,172.9,0.0555,0.1265,0.08579089,66.8,0.0845,0.0,BTC-25SEP20-8000-P,9784.24,64.5,0.0805,13.8,0.085,4.9,66.46,24.3194,-3.58047,-19.74319,5e-05,-0.21543
241.27,SYN.ETH-25SEP20,1581418743569,open,0.06,1674.0,0.022,0.1,0.054126,95.73,0.052,0.0,ETH-25SEP20-640-C,221.1,91.14,0.045,297.0,0.059,27.0,98.04,0.49917,-0.10531,0.18881,0.00144,0.18002
223.7,SYN.ETH-28FEB20,1581418743569,open,0.0,404.0,0.001,0.011,1.8e-05,112.3,0.001,0.0,ETH-28FEB20-100-P,221.1,0.0,0.0,0.0,0.001,99.0,166.42,0.00049,-0.00163,-3e-05,2e-05,-0.00027
10544.64,SYN.BTC-25SEP20,1581418743571,open,0.04,69.4,0.016,0.0765,0.03743436,77.84,0.0385,0.0,BTC-25SEP20-24000-C,9784.24,77.33,0.0365,10.0,0.038,6.0,78.15,19.44722,-3.33621,7.42648,4e-05,0.15074
223.7,SYN.ETH-28FEB20,1581418743569,open,0.0,901.0,0.001,0.011,0.000773,112.16,0.001,0.0,ETH-28FEB20-130-P,221.1,0.0,0.0,0.0,0.002,300.0,129.01,0.01154,-0.03834,-0.001,0.00044,-0.00886
9790.23,SYN.BTC-12FEB20,1581418743569,open,0.0,116.2,0.0005,0.015,0.00198775,44.94,0.0025,0.0,BTC-12FEB20-10000-C,9784.24,45.04,0.002,2.0,0.003,57.3,52.56,1.21597,-19.46053,0.03959,0.00118,0.17054
241.27,SYN.ETH-25SEP20,1581418743569,open,0.61,0.0,0.586,0.635,0.609456,91.55,None,0.0,ETH-25SEP20-100-C,221.1,56.27,0.588,56.0,0.622,56.0,104.37,0.21743,-0.04387,0.50032,0.00066,0.94307
10544.64,SYN.BTC-25SEP20,1581418743594,open,0.04,69.4,0.016,0.0765,0.03743436,77.84,0.0385,0.0,BTC-25SEP20-24000-C,9784.24,77.33,0.0365,10.0,0.0385,6.0,78.42,19.44722,-3.33621,7.42648,4e-05,0.15074
10544.64,SYN.BTC-25SEP20,1581418743600,open,0.04,69.4,0.016,0.0765,0.03743436,77.84,0.0385,0.0,BTC-25SEP20-24000-C,9784.24,77.33,0.0365,10.0,0.0385,16.0,78.42,19.44722,-3.33621,7.42648,4e-05,0.15074
223.68,SYN.ETH-28FEB20,1581418744121,open,0.37,0.0,0.307,0.405,0.353359,105.68,None,0.0,ETH-28FEB20-300-P,221.1,0.0,0.0,0.0,0.0,0.0,0.0,0.09583,-0.30006,-0.12762,0.00392,-0.88067
223.68,SYN.ETH-28FEB20,1581418744121,open,0.01,2720.0,0.001,0.03,0.01082,110.52,0.009,0.0,ETH-28FEB20-310-C,221.1,108.38,0.01,300.0,0.012,40.0,113.47,0.08734,-0.286,0.00972,0.00342,0.10481
223.68,SYN.ETH-28FEB20,1581418744121,open,0.01,1701.0,0.002,0.033,0.012298,106.06,0.013,0.0,ETH-28FEB20-300-C,221.1,102.98,0.011,300.0,0.014,340.0,109.9,0.09641,-0.30296,0.01117,0.00393,0.12035
223.68,SYN.ETH-28FEB20,1581418744121,open,0.41,0.0,0.349,0.45,0.396583,110.08,None,0.0,ETH-28FEB20-310-P,221.1,0.0,0.0,0.0,0.0,0.0,0.0,0.08669,-0.28274,-0.1337,0.0034,-0.89626
223.68,SYN.ETH-28FEB20,1581418744548,open,0.02,15.0,0.007,0.05,0.024348,87.53,0.023,0.0,ETH-28FEB20-260-C,221.1,83.97,0.022,280.0,0.026,280.0,89.98,0.14961,-0.38799,0.02233,0.00739,0.24027
10311.68,BTC-26JUN20,1581418744576,open,0.01,450.1,0.0005,0.0165,0.00624024,72.01,0.0065,0.0,BTC-26JUN20-5000-P,9784.2,70.22,0.0055,21.0,0.007,34.2,73.74,4.39208,-1.16389,-1.42735,2e-05,-0.03094
10311.68,BTC-26JUN20,1581418744576,open,0.01,536.8,0.004,0.0295,0.01352659,67.33,0.0145,0.0,BTC-26JUN20-6000-P,9784.2,66.64,0.013,21.0,0.014,0.5,67.95,7.86367,-1.94842,-2.96874,3e-05,-0.06381
10079.04,BTC-27MAR20,1581418744576,open,0.08,1405.6,0.061,0.1185,0.08645346,59.3,0.0855,0.0,BTC-27MAR20-10000-C,9784.2,57.53,0.084,15.3,0.0885,54.4,60.78,13.95792,-9.22174,5.82341,0.00019,0.55639
10311.68,BTC-26JUN20,1581418744576,open,0.01,461.4,0.0005,0.0225,0.00646136,89.44,0.008,0.0,BTC-26JUN20-32000-C,9784.2,88.45,0.006,15.0,0.0065,6.0,89.52,4.94516,-1.62751,1.12376,1e-05,0.03574
10311.68,BTC-26JUN20,1581418744576,open,0.03,279.4,0.0135,0.0525,0.02855535,65.37,0.0295,0.0,BTC-26JUN20-7000-P,9784.2,64.09,0.027,20.8,0.029,0.4,65.73,12.65006,-3.04306,-5.73608,5e-05,-0.12087
10311.68,BTC-26JUN20,1581418744577,open,0.01,497.9,0.0035,0.036,0.01344072,81.32,0.0135,0.0,BTC-26JUN20-24000-C,9784.2,80.18,0.0125,15.0,0.014,6.0,81.97,8.71468,-2.60784,2.28239,3e-05,0.0729
9790.23,SYN.BTC-12FEB20,1581418744575,open,0.0,43.7,0.0005,0.0105,5.8e-07,51.08,0.0005,0.0,BTC-12FEB20-10750-C,9784.2,0.0,0.0,0.0,0.0005,30.0,98.33,0.00185,-0.00567,2e-05,0.0,0.0001
10079.04,BTC-27MAR20,1581418744577,open,0.01,402.2,0.0005,0.0265,0.0097088,76.12,0.012,0.0,BTC-27MAR20-15000-C,9784.2,74.83,0.009,20.0,0.0105,47.3,77.51,5.62121,-4.76758,0.96432,6e-05,0.08753
10311.64,BTC-26JUN20,1581418744580,open,0.02,107.7,0.0055,0.0425,0.01724352,79.14,0.017,0.0,BTC-26JUN20-22000-C,9784.2,78.39,0.0165,15.0,0.018,6.0,79.88,10.39369,-3.02691,2.87376,3e-05,0.09211
9803.38,SYN.BTC-14FEB20,1581418744576,open,0.0,78.2,0.0005,0.0105,0.0,47.09,0.0005,0.0,BTC-14FEB20-7500-P,9784.2,0.0,0.0,0.0,0.0005,0.1,136.43,0.0,0.0,0.0,0.0,0.0
9849.37,SYN.BTC-21FEB20,1581418744575,open,0.01,308.4,0.0015,0.036,0.01114374,51.06,0.0115,0.0,BTC-21FEB20-10500-C,9784.2,49.78,0.0105,20.0,0.012,29.2,52.74,4.98905,-12.89818,0.59893,0.00037,0.23589
9849.37,SYN.BTC-21FEB20,1581418744575,open,0.13,0.0,0.1205,0.1605,0.13896384,55.84,None,0.0,BTC-21FEB20-8500-C,9784.2,0.0,0.137,0.1,0.16,6.0,117.52,1.65687,-4.68449,2.16274,0.00011,0.95053
9849.37,SYN.BTC-21FEB20,1581418744575,open,0.11,0.0,0.096,0.1395,0.1148869,52.86,None,0.0,BTC-21FEB20-8750-C,9784.2,0.0,0.0915,6.0,0.1375,6.0,109.24,2.40964,-6.44841,2.14543,0.00017,0.91995
9849.37,SYN.BTC-21FEB20,1581418744575,open,0.0,168.8,0.0005,0.0105,0.00013464,56.78,0.0005,0.0,BTC-21FEB20-7750-P,9784.2,0.0,0.0,0.0,0.001,30.7,74.08,0.21249,-0.61081,-0.0123,1e-05,-0.00448
9803.38,SYN.BTC-14FEB20,1581418744575,open,0.15,0.0,0.1255,0.175,0.14827454,79.13,None,0.0,BTC-14FEB20-11250-P,9784.2,0.0,0.081,4.0,0.1965,4.0,282.34,0.54466,-7.49324,-0.86593,9e-05,-0.97286
9790.23,SYN.BTC-12FEB20,1581418744576,open,0.0,89.4,0.0005,0.0105,0.0003237,50.77,0.0005,0.0,BTC-12FEB20-10250-C,9784.2,0.0,0.0,0.0,0.001,35.5,63.71,0.35657,-3.16913,0.00777,0.00031,0.0334
10544.64,SYN.BTC-25SEP20,1581418744576,open,0.31,7.9,0.25,0.363,0.30123864,67.98,0.3,0.0,BTC-25SEP20-12000-P,9784.2,66.79,0.2975,3.6,0.306,4.3,69.49,33.15387,-4.96683,-51.81691,7e-05,-0.48934
9849.37,SYN.BTC-21FEB20,1581418744575,open,0.01,662.8,0.0005,0.0255,0.004608,47.54,0.005,0.0,BTC-21FEB20-9000-P,9784.2,45.6,0.004,26.8,0.005,35.0,48.73,3.1745,-7.64002,-0.32284,0.00025,-0.11654
9803.38,SYN.BTC-14FEB20,1581418744575,open,0.0,707.9,0.0005,0.0105,0.00071116,68.32,0.0005,0.0,BTC-14FEB20-11000-C,9784.2,64.52,0.0005,20.2,0.001,0.1,72.52,0.60538,-6.97172,0.02325,0.00012,0.03082
9849.37,SYN.BTC-21FEB20,1581418744576,open,0.28,0.0,0.2445,0.3,0.27033475,73.23,None,0.0,BTC-21FEB20-12500-P,9784.2,0.0,0.0,0.0,0.0,0.0,0.0,1.02658,-3.80609,-3.31195,5e-05,-0.97246
9790.23,SYN.BTC-12FEB20,1581418744575,open,0.06,0.0,0.049,0.0865,0.06795893,48.58,None,0.0,BTC-12FEB20-9125-C,9784.2,0.0,0.051,5.0,0.0875,5.0,242.42,0.02331,-0.56617,0.21857,2e-05,0.99851
9849.37,SYN.BTC-21FEB20,1581418744575,open,0.25,0.0,0.22,0.274,0.24515992,69.9,None,0.0,BTC-21FEB20-12250-P,9784.2,0.0,0.0,0.0,0.0,0.0,0.0,1.18995,-4.21095,-3.23055,6e-05,-0.96709
10544.64,SYN.BTC-25SEP20,1581418744576,open,0.01,173.2,0.0005,0.0165,0.00650267,72.94,0.0065,0.0,BTC-25SEP20-4000-P,9784.2,71.79,0.006,10.0,0.007,6.0,74.02,4.73419,-0.76099,-2.01483,1e-05,-0.02424
9803.38,SYN.BTC-14FEB20,1581418744576,open,0.0,175.9,0.0005,0.0105,0.0,47.06,0.0005,0.0,BTC-14FEB20-7750-P,9784.2,0.0,0.0,0.0,0.0005,0.1,121.63,0.0,0.0,0.0,0.0,0.0
9849.37,SYN.BTC-21FEB20,1581418744575,open,0.21,0.1,0.1975,0.2295,0.21329235,57.22,0.2215,0.0,BTC-21FEB20-7750-C,9784.2,0.0,0.1965,6.0,0.231,6.0,146.35,0.22355,-0.64763,2.08387,1e-05,0.99526
9790.23,SYN.BTC-12FEB20,1581418744576,open,0.0,23.6,0.0005,0.0115,0.00096682,46.38,0.001,0.0,BTC-12FEB20-9500-P,9784.2,39.64,0.0005,35.1,0.0015,34.0,52.4,0.78378,-9.46535,-0.02155,0.00073,-0.09079
9849.37,SYN.BTC-21FEB20,1581418744575,open,0.18,0.0,0.1455,0.199,0.17053863,61.38,None,0.0,BTC-21FEB20-11500-P,9784.2,0.0,0.142,4.0,0.1995,4.0,130.65,2.14903,-6.67892,-2.93576,0.00013,-0.9311
9803.38,SYN.BTC-14FEB20,1581418744575,open,0.0,269.1,0.0005,0.0105,0.0,47.05,0.0005,0.0,BTC-14FEB20-8000-P,9784.2,0.0,0.0,0.0,0.001,20.7,119.23,2e-05,-4e-05,0.0,0.0,0.0
9849.37,SYN.BTC-21FEB20,1581418744575,open,0.0,54.8,0.0005,0.0165,0.00393574,58.55,0.004,0.0,BTC-21FEB20-11250-C,9784.2,56.89,0.0035,20.0,0.0045,30.1,60.57,2.66051,-7.88681,0.233,0.00017,0.09137
9849.37,SYN.BTC-21FEB20,1581418744576,open,0.0,180.1,0.0005,0.018,0.00325723,52.81,0.003,0.0,BTC-21FEB20-8750-P,9784.2,51.74,0.003,2.0,0.0035,49.0,53.79,2.40582,-6.43268,-0.22155,0.00017,-0.07988
9803.38,SYN.BTC-14FEB20,1581418744576,open,0.13,1.4,0.1155,0.1505,0.13295996,50.48,0.132,0.0,BTC-14FEB20-8500-C,9784.2,0.0,0.1295,5.0,0.141,8.4,144.84,0.02034,-0.17856,0.66916,1e-05,0.99933
9803.38,SYN.BTC-14FEB20,1581418744576,open,0.0,199.3,0.0005,0.0105,0.00012487,79.45,0.0005,0.0,BTC-14FEB20-11750-C,9784.2,0.0,0.0,0.0,0.0005,35.0,94.42,0.14032,-1.22412,0.00427,2e-05,0.00565
9803.38,SYN.BTC-14FEB20,1581418744576,open,0.05,83.5,0.0285,0.0775,0.04929428,49.92,0.0525,0.0,BTC-14FEB20-10250-P,9784.2,0.0,0.043,5.0,0.056,8.4,75.7,2.14088,-18.58344,-0.68474,0.00057,-0.83725
9849.37,SYN.BTC-21FEB20,1581418744575,open,0.0,59.2,0.0005,0.013,0.0029662,61.45,0.003,0.0,BTC-21FEB20-11500-C,9784.2,59.22,0.0025,20.4,0.0035,30.0,63.79,2.15451,-6.70319,0.17633,0.00013,0.06913
9803.38,SYN.BTC-14FEB20,1581418744575,open,0.0,372.3,0.0005,0.011,0.00121478,63.02,0.001,0.0,BTC-14FEB20-10750-C,9784.2,60.65,0.001,20.5,0.0015,5.1,65.84,0.9348,-10.2432,0.03971,0.0002,0.05263
9849.37,SYN.BTC-21FEB20,1581418744575,open,0.11,1.5,0.0765,0.1315,0.09893281,52.91,0.072,0.0,BTC-21FEB20-10750-P,9784.2,0.0,0.0675,5.0,0.13,5.0,110.47,4.06952,-10.90096,-2.48072,0.00029,-0.83195
9803.38,SYN.BTC-14FEB20,1581418744575,open,0.0,333.1,0.0005,0.0105,0.00030732,79.33,0.0005,0.0,BTC-14FEB20-11500-C,9784.2,0.0,0.0,0.0,0.001,31.0,94.57,0.28772,-3.01277,0.00966,5e-05,0.01282
9803.38,SYN.BTC-14FEB20,1581418744575,open,0.0,691.5,0.0005,0.0105,0.00029446,46.94,0.001,0.0,BTC-14FEB20-9000-P,9784.2,0.0,0.0,0.0,0.001,30.0,58.1,0.405,-2.88668,-0.01497,0.00011,-0.01909
9790.23,SYN.BTC-12FEB20,1581418744576,open,0.0,10.0,0.0005,0.0105,6.4e-07,46.79,0.0005,0.0,BTC-12FEB20-9000-P,9784.2,0.0,0.0,0.0,0.0005,30.4,91.41,0.00216,-0.00625,-3e-05,0.0,-0.00011
9790.23,SYN.BTC-12FEB20,1581418744576,open,0.0,59.7,0.0005,0.0105,0.00024773,46.6,0.0005,0.0,BTC-12FEB20-9375-P,9784.2,0.0,0.0,0.0,0.0005,0.1,52.99,0.30865,-2.42536,-0.00665,0.00029,-0.02806
9790.23,SYN.BTC-12FEB20,1581418744576,open,0.04,0.0,0.023,0.062,0.04266457,46.72,None,0.0,BTC-12FEB20-9375-C,9784.2,0.0,0.0205,5.0,0.064,5.0,205.06,0.31149,-7.27617,0.2182,0.00029,0.97163
9790.23,SYN.BTC-12FEB20,1581418744576,open,0.05,0.0,0.036,0.074,0.05523195,47.13,None,0.0,BTC-12FEB20-9250-C,9784.2,0.0,0.0335,5.0,0.0755,5.0,222.83,0.09047,-2.13182,0.22033,8e-05,0.99325
9849.37,SYN.BTC-21FEB20,1581418744576,open,0.0,16.5,0.0005,0.011,0.00123428,73.38,0.001,0.0,BTC-21FEB20-12500-C,9784.2,71.0,0.001,18.0,0.0015,30.0,75.76,1.03486,-3.84472,0.07081,5e-05,0.0278
9803.38,SYN.BTC-14FEB20,1581418744575,open,0.05,112.7,0.039,0.082,0.05793871,46.86,0.058,0.0,BTC-14FEB20-9250-C,9784.2,0.0,0.0545,5.0,0.067,8.4,89.9,1.2707,-10.35296,0.66727,0.00036,0.92187
9849.37,SYN.BTC-21FEB20,1581418744576,open,0.0,80.8,0.0005,0.012,0.00195216,55.78,0.0015,0.0,BTC-21FEB20-8500-P,9784.2,52.89,0.0015,20.0,0.0025,30.0,58.83,1.65199,-4.66534,-0.13656,0.00011,-0.04929
9849.37,SYN.BTC-21FEB20,1581418744575,open,0.01,178.3,0.0005,0.028,0.00750641,52.94,0.008,0.0,BTC-21FEB20-10750-C,9784.2,51.7,0.007,20.1,0.008,24.0,54.12,4.07207,-10.91458,0.42828,0.00029,0.16822
9803.38,SYN.BTC-14FEB20,1581418744576,open,0.0,318.3,0.0005,0.0105,4.826e-05,79.6,0.001,0.0,BTC-14FEB20-12000-C,9784.2,0.0,0.0,0.0,0.0005,30.0,103.64,0.06396,-0.47313,0.00178,1e-05,0.00235
9790.23,SYN.BTC-12FEB20,1581418744576,open,0.0,81.1,0.0005,0.0105,3.63e-06,51.0,0.001,0.0,BTC-12FEB20-10625-C,9784.2,0.0,0.0,0.0,0.0005,30.0,88.05,0.00932,-0.03552,0.00013,1e-05,0.00055
9849.37,SYN.BTC-21FEB20,1581418744575,open,0.0,81.7,0.0005,0.0105,0.0009325,56.59,0.001,0.0,BTC-21FEB20-8250-P,9784.2,51.31,0.0005,68.0,0.0015,30.0,61.58,0.96544,-2.76624,-0.07067,6e-05,-0.02559
9803.38,SYN.BTC-14FEB20,1581418744575,open,0.0,728.1,0.0005,0.0225,0.0037422,49.95,0.0035,0.0,BTC-14FEB20-10250-C,9784.2,46.42,0.003,54.0,0.0045,0.1,53.31,2.14209,-18.60431,0.12292,0.00057,0.16289
9849.37,SYN.BTC-21FEB20,1581418744575,open,0.2,0.0,0.1705,0.224,0.19530454,64.61,None,0.0,BTC-21FEB20-11750-P,9784.2,0.0,0.167,4.0,0.224,4.0,138.25,1.77685,-5.81259,-3.04142,0.0001,-0.94598
9803.38,SYN.BTC-14FEB20,1581418744576,open,0.18,0.6,0.1675,0.2,0.18395936,67.44,0.154,0.0,BTC-14FEB20-8000-C,9784.2,0.0,0.1665,6.0,0.2005,6.0,235.64,0.00982,-0.11519,0.63005,0.0,0.99969
9790.23,SYN.BTC-12FEB20,1581418744576,open,0.04,0.0,0.0145,0.0575,0.03521272,50.63,None,0.0,BTC-12FEB20-10125-P,9784.2,0.0,0.0125,5.0,0.061,5.0,209.88,0.7761,-19.64839,-0.22211,0.00067,-0.91041
9849.37,SYN.BTC-21FEB20,1581418744575,open,0.18,0.3,0.1715,0.206,0.18815313,56.91,0.189,0.0,BTC-21FEB20-8000-C,9784.2,0.0,0.1705,6.0,0.2065,6.0,135.05,0.49347,-1.42198,2.13244,3e-05,0.98834
9803.38,SYN.BTC-14FEB20,1581418744575,open,0.0,326.0,0.0005,0.0105,3.15e-06,47.04,0.0005,0.0,BTC-14FEB20-8500-P,9784.2,0.0,0.0,0.0,0.001,22.6,88.47,0.00942,-0.0309,-0.00023,0.0,-0.00029
9790.23,SYN.BTC-12FEB20,1581418744576,open,0.07,0.0,0.039,0.082,0.0598115,50.53,None,0.0,BTC-12FEB20-10375-P,9784.2,0.0,0.038,4.0,0.085,4.0,246.23,0.12628,-3.19071,-0.24662,0.00011,-0.99014
9849.37,SYN.BTC-21FEB20,1581418744575,open,0.13,0.3,0.0985,0.1525,0.12192972,54.93,0.1065,0.0,BTC-21FEB20-11000-P,9784.2,0.0,0.0915,5.0,0.1525,5.0,116.99,3.23074,-8.9849,-2.67148,0.00022,-0.88053
9803.38,SYN.BTC-14FEB20,1581418744576,open,0.23,5.0,0.2195,0.25,0.23496189,86.98,0.237,0.0,BTC-14FEB20-7500-C,9784.2,0.0,0.219,6.0,0.2505,6.0,280.19,0.00739,-0.1118,0.59072,0.0,0.99977
9803.38,SYN.BTC-14FEB20,1581418744576,open,0.21,0.0,0.1935,0.225,0.20946062,77.1,None,0.0,BTC-14FEB20-7750-C,9784.2,0.0,0.1925,6.0,0.2255,6.0,257.9,0.00847,-0.11361,0.61039,0.0,0.99974
9803.38,SYN.BTC-14FEB20,1581418744575,open,0.0,445.5,0.0005,0.0105,3.857e-05,47.01,0.0005,0.0,BTC-14FEB20-8750-P,9784.2,0.0,0.0,0.0,0.0005,30.0,64.98,0.08018,-0.37814,-0.00237,2e-05,-0.00302
9803.38,SYN.BTC-14FEB20,1581418744576,open,0.1,25.0,0.0755,0.123,0.0977694,62.95,0.098,0.0,BTC-14FEB20-10750-P,9784.2,0.0,0.031,4.0,0.1465,4.0,243.39,0.93209,-10.20267,-0.80738,0.0002,-0.94756
9790.23,SYN.BTC-12FEB20,1581418744576,open,0.0,48.2,0.0005,0.0105,8.614e-05,50.85,0.0005,0.0,BTC-12FEB20-10375-C,9784.2,0.0,0.0,0.0,0.0005,2.0,66.45,0.13067,-0.84332,0.00239,0.00011,0.01026
9790.23,SYN.BTC-12FEB20,1581418744577,open,0.0,0.7,0.0005,0.0105,4.733e-05,46.72,0.0005,0.0,BTC-12FEB20-9250-P,9784.2,0.0,0.0,0.0,0.0005,30.0,65.98,0.08574,-0.46336,-0.0015,8e-05,-0.00635
10544.64,SYN.BTC-25SEP20,1581418744576,open,0.01,413.9,0.005,0.031,0.01452418,69.35,0.015,0.0,BTC-25SEP20-5000-P,9784.2,68.7,0.014,0.2,0.015,14.0,69.92,8.66854,-1.3248,-4.27448,2e-05,-0.05069
9803.38,SYN.BTC-14FEB20,1581418744575,open,0.26,0.1,0.2455,0.275,0.26046316,97.09,0.274,0.0,BTC-14FEB20-7250-C,9784.2,0.0,0.245,6.0,0.275,6.0,299.46,0.0065,-0.10974,0.57104,0.0,0.9998
9849.37,SYN.BTC-21FEB20,1581418744575,open,0.0,124.0,0.0005,0.0115,0.00162928,66.01,0.002,0.0,BTC-21FEB20-12000-C,9784.2,60.79,0.001,68.0,0.002,30.0,68.53,1.36231,-4.55292,0.09909,8e-05,0.03881
9790.23,SYN.BTC-12FEB20,1581418744576,open,0.05,0.0,0.0265,0.0695,0.04728129,50.66,None,0.0,BTC-12FEB20-10250-P,9784.2,0.0,0.025,5.0,0.0725,5.0,226.11,0.35386,-8.96265,-0.23822,0.0003,-0.96691
9849.37,SYN.BTC-21FEB20,1581418744575,open,0.09,80.0,0.073,0.1195,0.09085567,47.57,0.1135,0.0,BTC-21FEB20-9000-C,9784.2,0.0,0.085,9.4,0.0975,13.0,64.78,3.17763,-7.65323,2.1118,0.00025,0.8833
10544.64,SYN.BTC-25SEP20,1581418744578,open,0.18,215.6,0.1345,0.231,0.1775243,66.8,0.1775,0.0,BTC-25SEP20-10000-P,9784.2,65.27,0.173,4.9,0.1795,7.3,67.48,31.03937,-4.5698,-35.09445,7e-05,-0.35792
9790.23,SYN.BTC-12FEB20,1581418744577,open,0.0,97.6,0.0005,0.0175,0.00211812,40.4,0.0025,0.0,BTC-12FEB20-9625-P,9784.2,35.54,0.0015,24.0,0.0025,24.0,43.18,1.31017,-20.73688,-0.04562,0.00141,-0.19212
9790.23,SYN.BTC-12FEB20,1581418744576,open,0.09,0.0,0.064,0.107,0.08526454,0.0,None,0.0,BTC-12FEB20-10625-P,9784.2,0.0,0.0635,4.0,0.11,4.0,283.13,0.0,0.0,-0.25491,0.0,-1.0
9803.38,SYN.BTC-14FEB20,1581418744575,open,0.0,191.4,0.0005,0.0105,0.0,47.15,0.0005,0.0,BTC-14FEB20-7250-P,9784.2,0.0,0.0,0.0,0.0005,0.1,151.59,0.0,0.0,0.0,0.0,0.0
9849.37,SYN.BTC-21FEB20,1581418744577,open,0.0,126.9,0.0005,0.011,0.00144146,70.02,0.0015,0.0,BTC-21FEB20-12250-C,9784.2,65.98,0.001,38.0,0.002,30.0,74.17,1.19778,-4.24638,0.08455,7e-05,0.03317
9849.37,SYN.BTC-21FEB20,1581418744575,open,0.15,0.0,0.1215,0.175,0.14612616,58.5,None,0.0,BTC-21FEB20-11250-P,9784.2,0.0,0.117,4.0,0.1755,4.0,123.34,2.65595,-7.86621,-2.81141,0.00017,-0.90884
9803.38,SYN.BTC-14FEB20,1581418744576,open,0.1,0.4,0.0895,0.1265,0.10749411,47.61,0.108,0.0,BTC-14FEB20-8750-C,9784.2,0.0,0.104,5.0,0.1155,8.4,123.6,0.08808,-0.72917,0.68675,2e-05,0.99664
9790.23,SYN.BTC-12FEB20,1581418744576,open,0.08,0.0,0.0515,0.0945,0.07251239,49.75,None,0.0,BTC-12FEB20-10500-P,9784.2,0.0,0.0505,4.0,0.0975,4.0,265.18,0.03203,-0.79681,-0.25142,3e-05,-0.99788
9790.23,SYN.BTC-12FEB20,1581418744575,open,0.08,0.0,0.062,0.0985,0.08072081,53.3,None,0.0,BTC-12FEB20-9000-C,9784.2,0.0,0.06,5.0,0.0995,5.0,261.15,0.01017,-0.27095,0.21578,1e-05,0.99939
9803.38,SYN.BTC-14FEB20,1581418744575,open,0.0,466.5,0.0005,0.0105,1.5e-07,47.05,0.0005,0.0,BTC-14FEB20-8250-P,9784.2,0.0,0.0,0.0,0.0005,0.1,92.91,0.00063,-0.00149,-1e-05,0.0,-2e-05
9790.23,SYN.BTC-12FEB20,1581418744575,open,0.1,0.0,0.077,0.12,0.09802927,0.0,None,0.0,BTC-12FEB20-10750-P,9784.2,0.0,0.076,4.0,0.123,4.0,303.21,0.0,0.0,-0.25791,0.0,-1.0
9849.37,SYN.BTC-21FEB20,1581418744576,open,0.0,235.6,0.0005,0.0105,0.00037743,56.71,0.001,0.0,BTC-21FEB20-8000-P,9784.2,0.0,0.0,0.0,0.0005,0.1,58.97,0.4848,-1.39197,-0.03144,3e-05,-0.01142
9849.37,SYN.BTC-21FEB20,1581418744575,open,0.08,3.2,0.0565,0.111,0.07718813,51.04,0.087,0.0,BTC-21FEB20-10500-P,9784.2,37.5,0.071,7.0,0.0835,5.0,62.84,4.98757,-12.88773,-2.24232,0.00037,-0.76424
9803.38,SYN.BTC-14FEB20,1581418744576,open,0.02,548.3,0.006,0.0465,0.0179753,42.75,0.018,0.0,BTC-14FEB20-9750-C,9784.2,41.39,0.0175,26.7,0.02,5.1,48.54,3.42572,-25.46511,0.42226,0.00106,0.56468
9849.37,SYN.BTC-21FEB20,1581418744575,open,0.0,94.4,0.0005,0.012,0.0023501,64.69,0.002,0.0,BTC-21FEB20-11750-C,9784.2,59.4,0.0015,67.1,0.0025,30.0,65.51,1.78307,-5.84036,0.13834,0.00011,0.05426
9803.38,SYN.BTC-14FEB20,1581418744577,open,0.01,640.9,0.0005,0.0275,0.00459742,44.06,0.005,0.0,BTC-14FEB20-9500-P,9784.2,39.55,0.0035,45.2,0.0055,63.1,47.56,2.47361,-18.95146,-0.16202,0.00074,-0.20518
9790.23,SYN.BTC-12FEB20,1581418744576,open,0.0,20.8,0.0005,0.0105,6.54e-06,46.77,0.0005,0.0,BTC-12FEB20-9125-P,9784.2,0.0,0.0,0.0,0.0005,30.3,78.75,0.0165,-0.06406,-0.00024,2e-05,-0.00102
9849.37,SYN.BTC-21FEB20,1581418744575,open,0.07,121.6,0.053,0.101,0.06973766,47.16,0.0705,0.0,BTC-21FEB20-9250-C,9784.2,48.8,0.0705,0.1,0.0885,6.0,82.71,4.51065,-10.76953,1.95096,0.00036,0.80183
10544.64,SYN.BTC-25SEP20,1581418744580,open,0.05,149.2,0.0305,0.085,0.05255035,66.8,0.0535,0.0,BTC-25SEP20-7000-P,9784.2,65.13,0.0495,8.0,0.05,1.0,65.4,19.28695,-2.83957,-13.20254,4e-05,-0.14888
9790.23,SYN.BTC-12FEB20,1581418744576,open,0.0,67.8,0.0005,0.0115,0.0010229,50.69,0.001,0.0,BTC-12FEB20-10125-C,9784.2,50.4,0.001,5.0,0.0015,31.8,56.17,0.77754,-10.01447,0.02086,0.00067,0.08982
9849.37,SYN.BTC-21FEB20,1581418744576,open,0.02,232.1,0.006,0.0465,0.01583612,47.07,0.0145,0.0,BTC-21FEB20-9500-P,9784.2,43.87,0.014,0.1,0.015,26.6,45.62,5.68903,-13.55756,-0.85957,0.00046,-0.30672
9849.37,SYN.BTC-21FEB20,1581418744576,open,0.23,0.0,0.195,0.2485,0.21996572,65.9,None,0.0,BTC-21FEB20-12000-P,9784.2,0.0,0.192,4.0,0.2485,4.0,145.32,1.35481,-4.52031,-3.14837,8e-05,-0.96145
9803.38,SYN.BTC-14FEB20,1581418744576,open,0.15,2.4,0.1415,0.175,0.15845823,58.1,0.128,0.0,BTC-14FEB20-8250-C,9784.2,0.0,0.155,5.0,0.167,8.4,169.1,0.01182,-0.11938,0.64969,0.0,0.99963
9803.38,SYN.BTC-14FEB20,1581418744576,open,0.0,267.7,0.0005,0.0105,0.00071738,79.25,0.001,0.0,BTC-14FEB20-11250-C,9784.2,74.91,0.0005,9.5,0.001,30.0,83.8,0.54784,-7.03275,0.02055,9e-05,0.02733
222.61,SYN.ETH-21FEB20,1581418744806,open,0.03,253.0,0.007,0.054,0.026351,77.88,0.03,0.0,ETH-21FEB20-210-P,221.1,73.76,0.024,4.0,0.028,270.0,80.74,0.12766,-0.50337,-0.01977,0.01223,-0.30182
222.61,SYN.ETH-21FEB20,1581418744806,open,0.02,66.0,0.006,0.052,0.025284,82.05,0.025,0.0,ETH-21FEB20-240-C,221.1,78.09,0.023,522.0,0.028,280.0,86.67,0.12956,-0.53817,0.01727,0.01178,0.31208
222.61,SYN.ETH-21FEB20,1581418744806,open,0.15,45.0,0.124,0.184,0.15421,83.22,0.16,0.0,ETH-21FEB20-190-C,221.1,46.85,0.147,1.0,0.175,33.0,134.92,0.06894,-0.29045,0.04431,0.00618,0.88981
222.61,SYN.ETH-21FEB20,1581418744806,open,0.02,231.0,0.002,0.035,0.013708,77.95,0.017,0.0,ETH-21FEB20-200-P,221.1,76.32,0.013,240.0,0.014,1.0,78.62,0.09749,-0.38476,-0.01192,0.00933,-0.18424
222.61,SYN.ETH-21FEB20,1581418744806,open,0.0,21.0,0.001,0.011,0.001811,90.58,0.002,0.0,ETH-21FEB20-170-P,221.1,81.97,0.001,300.0,0.004,602.0,105.98,0.02476,-0.11357,-0.0019,0.00204,-0.02978
222.61,SYN.ETH-21FEB20,1581418744806,open,0.27,0.0,0.26,0.304,0.281983,93.48,None,0.0,ETH-21FEB20-160-C,221.1,0.0,0.268,34.0,0.296,34.0,173.65,0.0123,-0.05821,0.04246,0.00098,0.98695
222.61,SYN.ETH-21FEB20,1581418744810,open,0.01,25.0,0.002,0.031,0.011362,88.14,0.023,0.0,ETH-21FEB20-260-C,221.1,84.64,0.01,539.0,0.013,280.0,92.14,0.08873,-0.39594,0.00889,0.00751,0.15901
222.61,SYN.ETH-21FEB20,1581418744810,open,0.02,27.0,0.003,0.04,0.016853,84.98,0.014,0.0,ETH-21FEB20-250-C,221.1,81.15,0.015,532.0,0.019,280.0,89.28,0.10941,-0.47073,0.01245,0.0096,0.22353
222.61,SYN.ETH-21FEB20,1581418744810,open,0.19,0.0,0.139,0.222,0.179209,87.81,None,0.0,ETH-21FEB20-260-P,221.1,0.0,0.0,0.0,0.0,0.0,0.0,0.08836,-0.39284,-0.06151,0.0075,-0.84201
222.61,SYN.ETH-21FEB20,1581418744810,open,0.19,6.0,0.168,0.223,0.19552,88.11,0.205,0.0,ETH-21FEB20-180-C,221.1,0.0,0.191,1.0,0.213,33.0,144.46,0.04474,-0.19956,0.04472,0.00379,0.93803
222.61,SYN.ETH-21FEB20,1581418744810,open,0.05,61.0,0.026,0.087,0.056035,76.63,0.069,0.0,ETH-21FEB20-220-C,221.1,73.49,0.054,433.0,0.061,210.0,84.29,0.1443,-0.55987,0.03049,0.01404,0.56218
222.61,SYN.ETH-21FEB20,1581418744810,open,0.0,740.0,0.001,0.011,0.000658,92.0,0.001,0.0,ETH-21FEB20-160-P,221.1,0.0,0.0,0.0,0.002,307.0,109.53,0.01142,-0.05317,-0.00076,0.00093,-0.01197
222.61,SYN.ETH-21FEB20,1581418744810,open,0.11,2.0,0.065,0.143,0.103297,81.84,0.086,0.0,ETH-21FEB20-240-P,221.1,72.55,0.098,180.0,0.105,205.0,84.76,0.12946,-0.53643,-0.04769,0.0118,-0.68847
222.61,SYN.ETH-21FEB20,1581418744812,open,0.23,0.0,0.213,0.263,0.238219,91.32,None,0.0,ETH-21FEB20-170-C,221.1,0.0,0.236,1.0,0.253,33.0,155.44,0.02543,-0.11758,0.04403,0.00208,0.96925
222.61,SYN.ETH-21FEB20,1581418744812,open,0.15,0.0,0.1,0.182,0.139783,84.73,None,0.0,ETH-21FEB20-250-P,221.1,0.0,0.0,0.0,0.0,0.0,0.0,0.10919,-0.46839,-0.05523,0.00961,-0.77727
222.61,SYN.ETH-21FEB20,1581418744812,open,0.01,225.0,0.001,0.024,0.007637,82.91,0.009,0.0,ETH-21FEB20-190-P,221.1,77.34,0.006,600.0,0.009,340.0,87.19,0.0686,-0.28798,-0.00705,0.00617,-0.10944
222.61,SYN.ETH-21FEB20,1581418744812,open,0.11,1.0,0.083,0.147,0.115364,78.18,0.114,0.0,ETH-21FEB20-200-C,221.1,65.09,0.11,195.0,0.129,195.0,106.51,0.09769,-0.38664,0.04215,0.00932,0.81517
222.61,SYN.ETH-21FEB20,1581418744812,open,0.03,172.0,0.013,0.068,0.038562,80.32,0.044,0.0,ETH-21FEB20-230-C,221.1,76.34,0.036,449.0,0.041,210.0,84.09,0.1437,-0.58433,0.02346,0.01334,0.42809
222.61,SYN.ETH-21FEB20,1581418744812,open,0.08,55.0,0.05,0.115,0.08309,78.06,0.086,0.0,ETH-21FEB20-210-C,221.1,74.4,0.081,180.0,0.088,205.0,86.53,0.12772,-0.50477,0.03703,0.0122,0.69786
221.54,SYN.ETH-14FEB20,1581418744970,open,0.18,77.0,0.163,0.212,0.187681,95.53,0.189,0.0,ETH-14FEB20-180-C,221.1,0.0,0.187,1.0,0.203,31.0,233.71,0.00352,-0.05851,0.01407,0.00095,0.99364
221.54,SYN.ETH-14FEB20,1581418744970,open,0.0,574.0,0.001,0.011,0.0,101.86,0.001,0.0,ETH-14FEB20-130-P,221.1,0.0,0.0,0.0,0.001,1.0,276.94,0.0,0.0,0.0,0.0,0.0
221.54,SYN.ETH-14FEB20,1581418744970,open,0.0,38.0,0.001,0.011,0.0,100.89,0.001,0.0,ETH-14FEB20-140-P,221.1,0.0,0.0,0.0,0.001,11.0,242.24,0.0,0.0,0.0,0.0,0.0
221.54,SYN.ETH-14FEB20,1581418744970,open,0.0,2070.0,0.001,0.011,1e-06,96.32,0.001,0.0,ETH-14FEB20-160-P,221.1,0.0,0.0,0.0,0.001,4.0,178.89,5e-05,-0.00027,0.0,1e-05,-6e-05
221.54,SYN.ETH-14FEB20,1581418744970,open,0.41,39.0,0.396,0.43,0.413252,201.65,0.318,0.0,ETH-14FEB20-130-C,221.1,0.0,0.403,39.0,0.423,39.0,421.29,0.00071,-0.02488,0.01022,9e-05,0.99892
221.54,SYN.ETH-14FEB20,1581418744970,open,0.0,30.0,0.001,0.011,0.0,99.1,0.001,0.0,ETH-14FEB20-150-P,221.1,0.0,0.0,0.0,0.001,43.0,209.68,0.0,-2e-05,0.0,0.0,0.0
221.54,SYN.ETH-14FEB20,1581418744970,open,0.22,12.0,0.209,0.256,0.232727,109.93,0.228,0.0,ETH-14FEB20-170-C,221.1,0.0,0.219,32.0,0.247,32.0,270.96,0.00173,-0.033,0.01334,0.00041,0.99713
221.54,SYN.ETH-14FEB20,1581418744970,open,0.27,2.0,0.256,0.3,0.27785,130.17,0.288,0.0,ETH-14FEB20-160-C,221.1,0.0,0.265,33.0,0.291,33.0,308.06,0.00126,-0.02854,0.01257,0.00025,0.99798
221.54,SYN.ETH-14FEB20,1581418744970,open,0.36,1.0,0.349,0.387,0.368118,176.49,0.27,0.0,ETH-14FEB20-140-C,221.1,0.0,0.357,37.0,0.379,37.0,383.02,0.00085,-0.02611,0.01101,0.00012,0.99869
221.54,SYN.ETH-14FEB20,1581418744974,open,0.0,1344.0,0.001,0.011,1.3e-05,92.86,0.001,0.0,ETH-14FEB20-170-P,221.1,0.0,0.0,0.0,0.001,11.0,149.57,0.00039,-0.00282,-1e-05,0.00011,-0.00057
221.54,SYN.ETH-14FEB20,1581418744974,open,0.01,1500.0,0.001,0.03,0.008477,77.91,0.009,0.0,ETH-14FEB20-210-P,221.1,71.99,0.007,240.0,0.01,280.0,83.75,0.0566,-0.76675,-0.00381,0.01879,-0.20954
221.54,SYN.ETH-14FEB20,1581418744974,open,0.09,508.0,0.07,0.13,0.100362,86.78,0.1,0.0,ETH-14FEB20-200-C,221.1,0.0,0.081,55.0,0.129,55.0,207.94,0.03084,-0.4654,0.0142,0.00919,0.91409
221.54,SYN.ETH-14FEB20,1581418744974,open,0.0,666.0,0.001,0.011,0.000101,89.58,0.001,0.0,ETH-14FEB20-180-P,221.1,0.0,0.0,0.0,0.002,341.0,137.47,0.00233,-0.02239,-7e-05,0.00067,-0.00401
221.54,SYN.ETH-14FEB20,1581418744974,open,0.13,219.0,0.116,0.17,0.143086,89.06,0.139,0.0,ETH-14FEB20-190-C,221.1,0.0,0.142,1.0,0.167,55.0,230.04,0.011,-0.17032,0.01454,0.00319,0.97627
221.54,SYN.ETH-14FEB20,1581418744974,open,0.31,1.0,0.302,0.344,0.322983,152.68,0.332,0.0,ETH-14FEB20-150-C,221.1,0.0,0.311,35.0,0.335,35.0,345.34,0.00103,-0.02722,0.01179,0.00017,0.99839
221.54,SYN.ETH-14FEB20,1581418744974,open,0.0,2014.0,0.001,0.011,0.000641,87.34,0.001,0.0,ETH-14FEB20-190-P,221.1,0.0,0.0,0.0,0.003,641.0,117.41,0.0102,-0.14199,-0.00039,0.00302,-0.0217
221.54,SYN.ETH-14FEB20,1581418744976,open,0.03,2109.0,0.006,0.059,0.030422,75.98,0.03,0.0,ETH-14FEB20-220-C,221.1,69.07,0.028,435.0,0.035,210.0,89.02,0.07771,-1.02662,0.00915,0.02645,0.55452
221.54,SYN.ETH-14FEB20,1581418744976,open,0.05,610.0,0.029,0.091,0.060653,78.27,0.058,0.0,ETH-14FEB20-210-C,221.1,71.64,0.059,60.0,0.065,60.0,94.4,0.05675,-0.77234,0.01272,0.01875,0.7895
221.54,SYN.ETH-14FEB20,1581418744976,open,0.0,2366.0,0.001,0.017,0.003051,86.15,0.005,0.0,ETH-14FEB20-200-P,221.1,77.74,0.002,300.0,0.004,340.0,92.63,0.03045,-0.45613,-0.00153,0.00914,-0.08445
221.54,SYN.ETH-14FEB20,1581418744976,open,0.03,1677.0,0.003,0.053,0.02338,75.7,0.025,0.0,ETH-14FEB20-220-P,221.1,66.06,0.02,180.0,0.026,190.0,83.17,0.07771,-1.02291,-0.00818,0.02655,-0.44538
221.54,SYN.ETH-14FEB20,1581418745229,open,0.0,897.0,0.001,0.012,0.001391,119.14,0.001,0.0,ETH-14FEB20-270-C,221.09,112.8,0.001,300.0,0.002,5.0,127.17,0.01503,-0.30815,0.00058,0.00326,0.03455
221.54,SYN.ETH-14FEB20,1581418745229,open,0.15,0.0,0.097,0.172,0.132149,99.47,None,0.0,ETH-14FEB20-250-P,221.09,0.0,0.0,0.0,0.0,0.0,0.0,0.03262,-0.56418,-0.01814,0.00848,-0.90737
222.61,SYN.ETH-21FEB20,1581418745229,open,0.01,516.0,0.001,0.02,0.005372,94.44,0.007,0.0,ETH-21FEB20-280-C,221.09,92.9,0.005,600.0,0.006,1.0,96.91,0.05491,-0.26252,0.00455,0.00434,0.08091
221.54,SYN.ETH-14FEB20,1581418745229,open,0.01,2564.0,0.001,0.039,0.014294,81.9,0.015,0.0,ETH-14FEB20-230-C,221.09,74.54,0.012,524.0,0.017,270.0,90.37,0.06994,-0.99595,0.00526,0.02208,0.31589
222.61,SYN.ETH-21FEB20,1581418745229,open,0.24,0.0,0.181,0.265,0.221039,92.51,None,0.0,ETH-21FEB20-270-P,221.09,0.0,0.0,0.0,0.0,0.0,0.0,0.07176,-0.33612,-0.06652,0.00579,-0.88343
221.54,SYN.ETH-14FEB20,1581418745230,open,0.19,1.0,0.14,0.214,0.174931,99.5,0.241,0.0,ETH-14FEB20-260-P,221.09,0.0,0.0,0.0,0.0,0.0,0.0,0.01642,-0.28414,-0.01984,0.00427,-0.96151
222.61,SYN.ETH-21FEB20,1581418745229,open,0.37,0.0,0.309,0.398,0.350923,104.06,None,0.0,ETH-21FEB20-300-P,221.09,0.0,0.0,0.0,0.0,0.0,0.0,0.03698,-0.19482,-0.07843,0.00265,-0.9513
221.54,SYN.ETH-14FEB20,1581418745229,open,0.23,0.0,0.184,0.261,0.220021,117.37,None,0.0,ETH-14FEB20-270-P,221.09,0.0,0.0,0.0,0.0,0.0,0.0,0.01426,-0.29093,-0.02073,0.00314,-0.96761
222.61,SYN.ETH-21FEB20,1581418745229,open,0.0,306.0,0.001,0.015,0.003407,104.94,0.003,0.0,ETH-21FEB20-300-C,221.09,102.46,0.003,300.0,0.004,5.0,108.26,0.03792,-0.20149,0.00282,0.0027,0.05026
222.61,SYN.ETH-21FEB20,1581418745230,open,0.01,3.0,0.001,0.026,0.008274,92.92,0.012,0.0,ETH-21FEB20-270-C,221.09,88.85,0.007,600.0,0.01,345.0,98.02,0.07227,-0.34001,0.00659,0.0058,0.11774
222.61,SYN.ETH-21FEB20,1581418745229,open,0.0,20.0,0.001,0.017,0.004253,99.9,0.006,0.0,ETH-21FEB20-290-C,221.09,93.19,0.003,300.0,0.005,1.0,103.4,0.04551,-0.2302,0.00356,0.0034,0.06335
