underlying_price,underlying_index,timestamp,state,settlement_price,open_interest,min_price,max_price,mark_price,mark_iv,last_price,interest_rate,instrument_name,index_price,bid_iv,best_bid_price,best_bid_amount,best_ask_price,best_ask_amount,ask_iv,vega,theta,rho,gamma,delta
8035.11,SYN.BTC-20MAR20,1583837939957,open,0.39,0.0,0.3425,0.403,0.37034888,93.46,None,0.0,BTC-20MAR20-11000-P,8035.95,0.0,0.0005,0.1,1.0,0.1,500.0,0.76302,-3.61031,-2.92563,5e-05,-0.97536
8035.11,SYN.BTC-20MAR20,1583837939957,open,0.01,31.0,0.0005,0.0155,0.00392345,74.53,0.0065,0.0,BTC-20MAR20-6750-P,8035.95,72.54,0.0035,30.0,0.0045,32.9,77.08,1.7562,-6.62706,-0.15867,0.00013,-0.06906
8035.34,SYN.BTC-13MAR20,1583837939957,open,0.39,3.0,0.3425,0.4005,0.36942054,149.59,0.2135,0.0,BTC-13MAR20-11000-P,8035.95,0.0,0.0,0.0,0.0,0.0,0.0,0.20262,-5.27026,-0.86013,3e-05,-0.98924
8099.38,SYN.BTC-24APR20,1583837939957,open,0.28,14.5,0.227,0.3015,0.26126659,67.36,0.272,0.0,BTC-24APR20-10000-P,8035.95,57.83,0.252,12.0,0.285,17.6,88.22,8.39426,-6.2997,-10.37554,0.00015,-0.78067
8035.41,SYN.BTC-11MAR20,1583837939956,open,0.05,0.0,0.048,0.0875,0.06704423,74.89,None,0.0,BTC-11MAR20-7500-C,8035.95,0.0,0.05,2.0,0.079,2.0,192.76,0.25921,-9.70673,0.1743,0.00022,0.97116
8035.34,SYN.BTC-13MAR20,1583837939956,open,0.08,391.0,0.039,0.0885,0.06254025,62.87,0.0635,0.0,BTC-13MAR20-8500-P,8035.95,55.35,0.061,2.0,0.0645,4.0,71.29,1.76117,-19.25145,-0.56905,0.00055,-0.83633
8035.38,SYN.BTC-12MAR20,1583837939957,open,0.0,0.005,0.0465,0.02315861,59.13,None,0.0,BTC-12MAR20-8125-P,8035.95,51.32,0.021,24.0,0.024,24.0,62.15,2.23251,-35.18845,-0.25527,0.00114,-0.59502
8035.34,SYN.BTC-13MAR20,1583837939957,open,0.0,238.9,0.0005,0.0105,3.05e-06,83.26,0.0005,0.0,BTC-13MAR20-10500-C,8035.95,0.0,0.0,0.0,0.0005,2.8,131.52,0.00464,-0.02448,0.00011,0.0,0.00017
8035.34,SYN.BTC-13MAR20,1583837939957,open,0.0,199.1,0.0005,0.0105,9.12e-06,82.2,0.001,0.0,BTC-13MAR20-10250-C,8035.95,0.0,0.0,0.0,0.001,20.0,133.91,0.01229,-0.07329,0.0003,0.0,0.00048
8035.11,SYN.BTC-20MAR20,1583837939957,open,0.42,0.0,0.373,0.434,0.40117657,95.56,None,0.0,BTC-20MAR20-11250-P,8035.95,0.0,0.0005,0.1,1.0,0.1,500.0,0.62855,-3.04101,-3.00364,4e-05,-0.98042
8035.34,SYN.BTC-13MAR20,1583837939957,open,0.42,3.0,0.373,0.4315,0.40054354,159.15,0.241,0.0,BTC-13MAR20-11250-P,8035.95,0.0,0.0,0.0,0.0,0.0,0.0,0.19675,-5.44446,-0.88006,2e-05,-0.9896
8035.11,SYN.BTC-20MAR20,1583837939956,open,0.0,206.5,0.0005,0.0105,0.00058897,88.14,0.001,0.0,BTC-20MAR20-11250-C,8035.95,0.0,0.0,0.0,0.001,50.0,94.64,0.42072,-1.87753,0.02538,3e-05,0.01227
8099.38,SYN.BTC-24APR20,1583837939957,open,0.39,0.0,0.3395,0.4155,0.37404056,71.89,None,0.0,BTC-24APR20-11000-P,8035.95,0.0,0.2705,5.0,0.471,5.0,156.26,6.26596,-5.01869,-12.30635,0.00011,-0.86179
8035.11,SYN.BTC-20MAR20,1583837939956,open,0.0,148.7,0.0005,0.0115,0.00199599,74.32,0.0015,0.0,BTC-20MAR20-10000-C,8035.95,70.67,0.0015,54.0,0.0025,30.0,77.52,1.18398,-4.45504,0.08688,9e-05,0.04196
8035.34,SYN.BTC-13MAR20,1583837939957,open,0.0,110.9,0.0005,0.0105,9.2e-07,83.89,0.001,0.0,BTC-13MAR20-10750-C,8035.95,0.0,0.0,0.0,0.0005,20.0,141.33,0.00158,-0.00737,3e-05,0.0,5e-05
8035.34,SYN.BTC-13MAR20,1583837939957,open,0.0,522.2,0.0005,0.013,0.00200757,66.17,0.002,0.0,BTC-13MAR20-8750-C,8035.95,61.95,0.0015,50.1,0.0025,30.0,69.79,1.03631,-11.923,0.04787,0.00031,0.07762
8035.34,SYN.BTC-13MAR20,1583837939957,open,0.12,0.1,0.1115,0.1505,0.12986291,86.24,0.118,0.0,BTC-13MAR20-7000-C,8035.95,0.0,0.1185,17.0,0.1455,3.0,182.95,0.52331,-7.84683,0.53006,0.00012,0.96714
8035.11,SYN.BTC-20MAR20,1583837939956,open,0.0,286.4,0.0005,0.0155,0.00375805,68.75,0.0035,0.0,BTC-20MAR20-9500-C,8035.95,65.38,0.003,50.0,0.0045,34.3,71.72,1.91173,-6.65388,0.15957,0.00016,0.07716
8035.34,SYN.BTC-13MAR20,1583837939956,open,0.0,271.1,0.0005,0.0105,0.00043846,91.97,0.001,0.0,BTC-13MAR20-6750-P,8035.95,93.74,0.0005,30.0,0.001,0.1,104.66,0.26659,-3.52322,-0.00963,6e-05,-0.01477
8035.34,SYN.BTC-13MAR20,1583837939957,open,0.3,1.0,0.251,0.306,0.27605984,119.52,0.3,0.0,BTC-13MAR20-10250-P,8035.95,0.0,0.205,0.1,0.0,0.0,0.0,0.23075,-4.79549,-0.79993,4e-05,-0.9875
8035.11,SYN.BTC-20MAR20,1583837939957,open,0.24,0.0,0.1905,0.247,0.21657317,73.78,None,0.0,BTC-20MAR20-9750-P,8035.95,0.0,0.193,2.0,0.2405,2.0,137.58,1.62774,-6.08069,-2.50875,0.00013,-0.93739
8035.34,SYN.BTC-13MAR20,1583837939956,open,0.0,344.0,0.0005,0.0105,2.5e-07,84.25,0.001,0.0,BTC-13MAR20-11000-C,8035.95,0.0,0.0,0.0,0.0005,31.0,150.82,0.00049,-0.00204,1e-05,0.0,2e-05
8035.41,SYN.BTC-11MAR20,1583837939956,open,0.0,22.2,0.0005,0.0105,8.732e-05,85.06,0.0005,0.0,BTC-11MAR20-7250-P,8035.95,0.0,0.0,0.0,0.0005,40.5,108.2,0.0708,-0.70168,-0.00125,5e-05,-0.00639
8035.34,SYN.BTC-13MAR20,1583837939957,open,0.0,283.4,0.0005,0.011,0.00131218,90.48,0.0015,0.0,BTC-13MAR20-7000-P,8035.95,86.02,0.001,30.0,0.002,58.3,98.53,0.60701,-9.54905,-0.02577,0.00013,-0.03939
8035.34,SYN.BTC-13MAR20,1583837939957,open,0.0,599.3,0.0005,0.0105,0.00096544,71.15,0.001,0.0,BTC-13MAR20-9000-C,8035.95,63.68,0.0005,52.0,0.0015,32.7,77.41,0.60083,-7.43299,0.02402,0.00017,0.0389
8035.34,SYN.BTC-13MAR20,1583837939957,open,0.27,10.0,0.2205,0.274,0.24495192,109.24,0.136,0.0,BTC-13MAR20-10000-P,8035.95,0.0,0.226,2.0,0.262,2.0,234.57,0.24894,-4.72838,-0.77951,4e-05,-0.98636
8035.38,SYN.BTC-12MAR20,1583837939957,open,20.0,0.0005,0.017,0.00317564,66.42,0.003,0.0,BTC-12MAR20-7625-P,8035.95,65.25,0.003,0.1,0.0035,40.0,68.51,1.22071,-21.61242,-0.05513,0.00055,-0.13033
8035.41,SYN.BTC-11MAR20,1583837939983,open,0.01,60.2,0.0045,0.0455,0.02410266,59.24,0.0275,0.0,BTC-11MAR20-7875-C,8035.95,51.73,0.023,8.0,0.0255,8.0,68.15,1.22085,-36.16343,0.14205,0.00133,0.76097
8035.34,SYN.BTC-13MAR20,1583837939957,open,0.33,0.4,0.2815,0.338,0.30717696,129.74,0.155,0.0,BTC-13MAR20-10500-P,8035.95,0.0,0.21,0.1,0.0,0.0,0.0,0.21862,-4.93185,-0.82011,3e-05,-0.98826
8035.34,SYN.BTC-13MAR20,1583837939957,open,0.2,21.3,0.1595,0.21,0.18282325,89.5,0.2175,0.0,BTC-13MAR20-9500-P,8035.95,0.0,0.163,2.0,0.203,2.0,211.4,0.33526,-5.21688,-0.73659,7e-05,-0.98069
8035.34,SYN.BTC-13MAR20,1583837939957,open,0.36,0.0,0.312,0.37,0.33829802,139.79,None,0.0,BTC-13MAR20-10750-P,8035.95,0.0,0.0,0.0,0.0,0.0,0.0,0.2097,-5.09675,-0.84016,3e-05,-0.98881
8099.38,SYN.BTC-24APR20,1583837939957,open,0.01,269.2,0.0005,0.023,0.00771639,82.39,0.007,0.0,BTC-24APR20-13000-C,8035.95,80.79,0.007,44.0,0.0085,37.9,84.06,3.71485,-3.41022,0.597,6e-05,0.06767
8035.38,SYN.BTC-12MAR20,1583837939996,open,0.0,0.019,0.0625,0.04031158,60.37,None,0.0,BTC-12MAR20-7750-C,8035.95,58.79,0.04,8.0,0.0425,8.0,70.86,1.59151,-25.61352,0.31548,0.00079,0.80432
212.05,SYN.ETH-25SEP20,1583837940355,open,1.19,0.0,1.0555,1.2505,1.148429,94.42,None,0.0,ETH-25SEP20-440-P,203.45,0.0,0.0,0.0,0.0,0.0,0.0,0.48914,-0.11611,-2.2023,0.00211,-0.75768
212.05,SYN.ETH-25SEP20,1583837940363,open,2.5,0.0,2.3085,2.561,2.426913,103.84,None,0.0,ETH-25SEP20-720-P,203.45,0.0,0.0,0.0,0.0,0.0,0.0,0.29976,-0.07826,-3.82902,0.00118,-0.88715
212.05,SYN.ETH-25SEP20,1583837940580,open,2.88,0.0,2.672,2.9425,2.798831,105.76,None,0.0,ETH-25SEP20-800-P,203.45,0.0,0.0,0.0,0.0,0.0,0.0,0.26458,-0.07035,-4.27934,0.00102,-0.90499
8035.34,SYN.BTC-13MAR20,1583837940599,open,0.05,223.8,0.0155,0.063,0.03710578,58.85,0.036,0.0,BTC-13MAR20-8250-P,8035.95,53.71,0.0355,22.0,0.038,4.0,61.67,2.53752,-25.96572,-0.45643,0.00085,-0.68387
212.05,SYN.ETH-25SEP20,1583837940743,open,3.26,0.0,3.037,3.3265,3.172684,108.06,None,0.0,ETH-25SEP20-880-P,203.45,0.0,0.05,1.0,0.0,0.0,0.0,0.23918,-0.06498,-4.7252,0.0009,-0.91703
212.05,SYN.ETH-25SEP20,1583837940799,open,1.56,0.0,1.4075,1.6175,1.50687,97.32,None,0.0,ETH-25SEP20-520-P,203.45,0.0,0.0,0.0,0.0,0.0,0.0,0.42044,-0.10287,-2.68048,0.00176,-0.81312
8035.39,BTC-27MAR20,1583837940963,open,0.46,0.0,0.404,0.4675,0.43326956,85.33,None,0.0,BTC-27MAR20-11500-P,8036.04,0.0,0.207,0.1,1.0,0.1,500.0,1.21761,-3.07847,-5.20853,5e-05,-0.9687
8035.39,BTC-27MAR20,1583837940964,open,0.65,12.1,0.5865,0.656,0.61884899,97.74,0.571,0.0,BTC-27MAR20-13000-P,8036.04,0.0,0.45,0.1,1.0,0.1,500.0,0.63476,-1.8382,-5.96046,2e-05,-0.98552
8413.65,BTC-25SEP20,1583837940964,open,0.75,103.7,0.6745,0.8045,0.73263069,75.47,0.62,0.0,BTC-25SEP20-14000-P,8036.04,0.0,0.08,1.0,0.765,0.6,88.22,20.24564,-3.84136,-67.39345,7e-05,-0.73746
8245.15,BTC-26JUN20,1583837940965,open,0.52,137.7,0.4545,0.5565,0.50040941,73.82,0.513,0.0,BTC-26JUN20-12000-P,8036.04,0.0,0.055,1.0,0.6,0.5,124.86,13.65498,-4.67214,-30.92542,9e-05,-0.76866
8035.48,BTC-27MAR20,1583837940965,open,0.52,193.9,0.4645,0.53,0.49499007,89.74,0.5345,0.0,BTC-27MAR20-12000-P,8036.04,0.0,0.38,0.1,1.0,0.1,500.0,0.96724,-2.57181,-5.46593,4e-05,-0.97625
8035.48,BTC-27MAR20,1583837940965,open,0.06,2013.8,0.027,0.077,0.04925142,60.13,0.0485,0.0,BTC-27MAR20-8000-P,8036.04,58.08,0.0475,53.3,0.0505,22.7,61.59,6.85936,-12.21991,-1.89427,0.00038,-0.46062
8035.41,SYN.BTC-11MAR20,1583837940963,open,0.02,26.0,0.0005,0.0295,0.00929579,58.28,0.0105,0.0,BTC-11MAR20-8000-P,8036.04,48.94,0.0075,26.0,0.01,24.0,61.94,1.54792,-45.10886,-0.08525,0.00171,-0.43291
8099.38,SYN.BTC-24APR20,1583837940963,open,0.01,405.7,0.0005,0.02,0.00596098,87.54,0.0055,0.0,BTC-24APR20-14000-C,8036.04,86.27,0.0055,24.0,0.0065,18.6,88.96,3.0042,-2.93031,0.45464,4e-05,0.05162
8035.34,SYN.BTC-13MAR20,1583837940963,open,0.23,0.0,0.19,0.242,0.2138639,99.09,None,0.0,BTC-13MAR20-9750-P,8036.04,0.0,0.1955,2.0,0.2305,2.0,215.4,0.27905,-4.80797,-0.7586,6e-05,-0.98442
8099.38,SYN.BTC-24APR20,1583837940964,open,0.02,583.2,0.011,0.051,0.02617943,66.94,0.0275,0.0,BTC-24APR20-10000-C,8036.04,65.79,0.025,39.3,0.0275,9.8,68.22,8.35385,-6.23108,1.90519,0.00015,0.2175
8035.38,SYN.BTC-12MAR20,1583837940963,open,0.0,0.0015,0.0365,0.01490634,59.64,None,0.0,BTC-12MAR20-8000-P,8036.04,52.92,0.013,24.0,0.0155,24.0,61.73,2.28024,-36.251,-0.19215,0.00115,-0.45043
8035.11,SYN.BTC-20MAR20,1583837940963,open,0.02,59.6,0.0105,0.052,0.02822424,60.46,0.022,0.0,BTC-20MAR20-8250-C,8036.04,56.99,0.026,48.0,0.029,28.0,61.67,5.15158,-15.76998,0.84006,0.00049,0.41463
8035.11,SYN.BTC-20MAR20,1583837940963,open,0.12,1058.5,0.075,0.131,0.10099564,62.06,0.1285,0.0,BTC-20MAR20-8750-P,8036.04,30.92,0.09,3.0,0.1175,10.0,92.53,3.8778,-12.1837,-1.92285,0.00036,-0.78347
8035.41,SYN.BTC-11MAR20,1583837940963,open,0.02,24.6,0.0165,0.0585,0.03720952,61.85,0.026,0.0,BTC-11MAR20-7750-C,8036.04,53.43,0.0365,8.0,0.039,8.0,78.2,0.75611,-23.3827,0.16376,0.00079,0.88665
8035.38,SYN.BTC-12MAR20,1583837940963,open,0.2,0.003,0.0405,0.0189688,58.44,0.022,0.0,BTC-12MAR20-8000-C,8036.04,55.02,0.018,24.0,0.0205,20.0,63.83,2.27976,-35.51479,0.21938,0.00118,0.55024
8035.11,SYN.BTC-20MAR20,1583837940964,open,0.12,7.0,0.1135,0.1575,0.13430583,68.06,0.1655,0.0,BTC-20MAR20-7000-C,8036.04,0.0,0.12,14.0,0.147,4.0,102.25,2.30076,-7.92783,1.66705,0.00019,0.90111
8035.11,SYN.BTC-20MAR20,1583837940964,open,0.15,0.0,0.144,0.1855,0.16357089,73.19,None,0.0,BTC-20MAR20-6750-C,8036.04,0.0,0.149,4.0,0.1755,4.0,112.08,1.69161,-6.26799,1.67539,0.00013,0.93421
8035.11,SYN.BTC-20MAR20,1583837940964,open,0.03,232.6,0.0085,0.0475,0.0241218,61.07,0.0275,0.0,BTC-20MAR20-7750-P,8036.04,58.37,0.0225,54.0,0.025,28.0,62.52,4.84797,-14.98976,-0.79368,0.00045,-0.34095
8099.38,SYN.BTC-24APR20,1583837940964,open,0.01,406.8,0.005,0.036,0.01544469,71.28,0.0155,0.0,BTC-24APR20-11000-C,8036.04,70.69,0.015,47.5,0.016,0.5,72.0,6.18805,-4.91433,1.19753,0.00011,0.1357
8035.38,SYN.BTC-12MAR20,1583837941536,open,18.0,0.001,0.0315,0.01179691,57.88,0.0125,0.0,BTC-12MAR20-8125-C,8036.04,53.69,0.0105,24.0,0.013,20.0,62.7,2.22921,-34.39701,0.16144,0.00116,0.40263
8035.41,SYN.BTC-11MAR20,1583837941538,open,0.03,1.0,0.001,0.04,0.01750841,57.49,0.019,0.0,BTC-11MAR20-8125-P,8036.04,47.8,0.016,24.0,0.019,24.0,64.39,1.46098,-41.99374,-0.12832,0.00164,-0.64791
8035.41,SYN.BTC-11MAR20,1583837941540,open,0.0,26.1,0.0005,0.024,0.00635907,55.58,0.005,0.0,BTC-11MAR20-8125-C,8036.04,51.46,0.0055,20.0,0.0075,52.0,62.49,1.45312,-40.38484,0.06568,0.00169,0.34692
8035.38,SYN.BTC-12MAR20,1583837941542,open,0.0,0.0005,0.028,0.00874656,60.07,None,0.0,BTC-12MAR20-7875-P,8036.04,54.66,0.0075,32.0,0.0095,20.0,62.59,2.03834,-32.63972,-0.13256,0.00102,-0.31217
8035.41,SYN.BTC-11MAR20,1583837941543,open,0.05,5.0,0.0085,0.0535,0.02967019,61.82,0.045,0.0,BTC-11MAR20-8250-P,8036.04,45.31,0.028,8.0,0.031,8.0,69.2,1.08925,-33.66931,-0.16073,0.00114,-0.80378
8035.11,SYN.BTC-20MAR20,1583837941610,open,0.04,187.1,0.0205,0.0665,0.04123203,59.33,0.038,0.0,BTC-20MAR20-8000-C,8036.04,56.18,0.039,48.0,0.0425,18.0,61.54,5.2497,-15.77019,1.07887,0.00051,0.53731
8035.11,SYN.BTC-20MAR20,1583837941612,open,0.05,228.1,0.0165,0.063,0.0368629,59.86,0.0375,0.0,BTC-20MAR20-8000-P,8036.04,57.51,0.0355,28.0,0.0385,14.0,62.1,5.24968,-15.90948,-1.08638,0.0005,-0.46267
8035.34,SYN.BTC-13MAR20,1583837941614,open,0.05,223.8,0.0155,0.0625,0.03685505,58.85,0.036,0.0,BTC-13MAR20-8250-P,8036.04,55.32,0.036,18.0,0.038,4.0,61.67,2.53752,-25.96572,-0.45643,0.00085,-0.68387
8035.11,SYN.BTC-20MAR20,1583837941616,open,0.05,228.1,0.0165,0.063,0.0368629,59.86,0.0375,0.0,BTC-20MAR20-8000-P,8036.04,57.51,0.0355,28.0,0.0385,4.0,62.1,5.24968,-15.90948,-1.08638,0.0005,-0.46267
8413.65,BTC-25SEP20,1583837941669,open,0.34,338.3,0.2765,0.3905,0.32807887,69.56,0.348,0.0,BTC-25SEP20-10000-P,8036.04,68.67,0.3255,4.0,0.3295,0.5,70.04,24.69794,-4.31932,-39.41846,9e-05,-0.53175
8099.95,SYN.BTC-24APR20,1583837941668,open,0.76,0.0,0.696,0.7805,0.73450349,87.9,None,0.0,BTC-24APR20-14000-P,8036.04,0.0,0.0005,0.1,1.5,0.1,500.0,3.04437,-2.98166,-16.75066,4e-05,-0.94752
8413.65,BTC-25SEP20,1583837941675,open,0.44,284.4,0.3685,0.4885,0.4227059,71.33,0.4435,0.0,BTC-25SEP20-11000-P,8036.04,69.84,0.4185,4.0,0.4235,0.5,71.6,24.03907,-4.311,-46.75197,9e-05,-0.59709
8413.65,BTC-25SEP20,1583837941806,open,0.21,142.6,0.175,0.264,0.21586847,66.93,0.2125,0.0,BTC-25SEP20-8000-C,8036.04,66.26,0.214,11.8,0.221,11.8,68.78,23.31207,-3.92264,19.28245,9e-05,0.63648
207.83,ETH-26JUN20,1583837941834,open,2.35,0.0,2.18,2.4015,2.283696,114.39,None,0.0,ETH-26JUN20-680-P,203.46,0.0,0.0,0.0,0.0,0.0,0.0,0.12631,-0.06697,-1.98299,0.00086,-0.94465
207.83,ETH-26JUN20,1583837941834,open,1.97,0.0,1.8075,2.0095,1.902172,110.26,None,0.0,ETH-26JUN20-600-P,203.46,0.0,0.01,50.0,0.0,0.0,0.0,0.15323,-0.07831,-1.73907,0.00109,-0.92908
207.83,ETH-26JUN20,1583837941834,open,1.77,0.0,1.622,1.8145,1.71191,107.8,None,0.0,ETH-26JUN20-560-P,203.46,0.0,0.01,50.0,0.0,0.0,0.0,0.16958,-0.08473,-1.61601,0.00123,-0.91899
207.83,ETH-26JUN20,1583837941834,open,2.55,1.0,2.3655,2.5965,2.473933,114.49,1.99,0.0,ETH-26JUN20-720-P,203.46,0.0,0.0,0.0,3.0815,1.0,449.32,0.10897,-0.05783,-2.10559,0.00075,-0.95402
212.05,SYN.ETH-25SEP20,1583837941834,open,3.07,0.0,2.8545,3.134,2.985525,106.83,None,0.0,ETH-25SEP20-840-P,203.46,0.0,0.0,0.0,0.0,0.0,0.0,0.25057,-0.0673,-4.50281,0.00096,-0.91171
207.83,ETH-26JUN20,1583837941837,open,2.16,0.0,1.993,2.205,2.092231,111.59,None,0.0,ETH-26JUN20-640-P,203.46,0.0,0.01,50.0,0.0,0.0,0.0,0.13546,-0.07007,-1.86222,0.00095,-0.9395
212.05,SYN.ETH-25SEP20,1583837941834,open,2.69,0.0,2.49,2.7515,2.612608,104.77,None,0.0,ETH-25SEP20-760-P,203.46,0.0,0.0,0.0,0.0,0.0,0.0,0.28097,-0.07401,-4.05478,0.00109,-0.89685
212.05,SYN.ETH-25SEP20,1583837941835,open,1.75,0.0,1.586,1.8035,1.688552,98.53,None,0.0,ETH-25SEP20-560-P,203.46,0.0,0.0,0.0,0.0,0.0,0.0,0.38953,-0.0965,-2.91493,0.00161,-0.83435
212.05,SYN.ETH-25SEP20,1583837941836,open,1.93,0.0,1.7655,1.9915,1.871782,99.85,None,0.0,ETH-25SEP20-600-P,203.46,0.0,0.0,0.0,0.0,0.0,0.0,0.36256,-0.09101,-3.14641,0.00148,-0.85147
212.05,SYN.ETH-25SEP20,1583837941834,open,2.31,0.0,2.127,2.3705,2.241218,102.53,None,0.0,ETH-25SEP20-680-P,203.46,0.0,0.0,0.0,0.0,0.0,0.0,0.3182,-0.08203,-3.603,0.00127,-0.87722
203.53,SYN.ETH-20MAR20,1583837941833,open,0.01,313.0,0.0025,0.04,0.016575,87.0,0.011,0.0,ETH-20MAR20-230-C,203.46,83.69,0.015,240.0,0.0175,296.0,88.9,0.09832,-0.43307,0.01103,0.01008,0.21689
203.53,SYN.ETH-20MAR20,1583837941834,open,0.13,213.0,0.069,0.15,0.108419,87.12,0.125,0.0,ETH-20MAR20-220-P,203.46,80.37,0.1045,180.0,0.1115,180.0,92.33,0.11952,-0.52721,-0.04349,0.01224,-0.68128
203.53,SYN.ETH-20MAR20,1583837941834,open,0.02,327.0,0.0065,0.0555,0.027433,86.99,0.024,0.0,ETH-20MAR20-220-C,203.46,83.68,0.0255,89.0,0.0295,286.0,90.5,0.11947,-0.52621,0.01602,0.01225,0.3184
212.05,SYN.ETH-25SEP20,1583837941835,open,0.84,0.0,0.7165,0.896,0.803503,91.68,None,0.0,ETH-25SEP20-360-P,203.46,26.73,0.698,1.0,1.573,1.0,450.26,0.5659,-0.13044,-1.70405,0.00252,-0.67137
212.05,SYN.ETH-25SEP20,1583837941834,open,2.12,0.0,1.946,2.1805,2.055991,101.12,None,0.0,ETH-25SEP20-640-P,203.46,0.0,0.0,0.0,0.0,0.0,0.0,0.33848,-0.08605,-3.37579,0.00137,-0.86579
212.05,SYN.ETH-25SEP20,1583837941837,open,1.01,0.0,0.883,1.0695,0.972736,92.64,None,0.0,ETH-25SEP20-400-P,203.46,0.0,0.0,0.0,0.0,0.0,0.0,0.52587,-0.12248,-1.95706,0.00232,-0.72112
203.53,SYN.ETH-20MAR20,1583837941833,open,0.09,184.0,0.039,0.114,0.075004,86.68,0.076,0.0,ETH-20MAR20-210-P,203.46,81.27,0.0715,180.0,0.0785,397.0,92.05,0.1321,-0.57971,-0.03491,0.0136,-0.55889
212.05,SYN.ETH-25SEP20,1583837941836,open,1.37,0.0,1.2305,1.433,1.32669,95.97,None,0.0,ETH-25SEP20-480-P,203.46,0.0,0.0,0.0,0.0,0.0,0.0,0.45377,-0.10948,-2.44314,0.00193,-0.78788
203.6,ETH-27MAR20,1583837941862,open,0.31,97.0,0.244,0.335,0.2874,89.23,0.1585,0.0,ETH-27MAR20-260-P,203.46,0.0,0.0,0.0,0.3615,1.0,199.13,0.08721,-0.23055,-0.10996,0.0051,-0.88071
212.05,SYN.ETH-25SEP20,1583837941865,open,0.84,0.0,0.7165,0.896,0.803503,91.68,None,0.0,ETH-25SEP20-360-P,203.46,26.73,0.698,1.0,1.572,1.0,449.21,0.5659,-0.13044,-1.70405,0.00252,-0.67137
212.05,SYN.ETH-25SEP20,1583837941870,open,0.47,0.0,0.447,0.5165,0.481527,86.46,0.359,0.0,ETH-25SEP20-120-C,203.46,0.0,0.434,1.0,0.0,0.0,0.0,0.29989,-0.06519,0.46857,0.00142,0.88708
207.83,ETH-26JUN20,1583837941878,open,2.55,1.0,2.366,2.596,2.473933,114.49,1.99,0.0,ETH-26JUN20-720-P,203.46,0.0,0.0,0.0,3.081,1.0,449.03,0.10897,-0.05783,-2.10559,0.00075,-0.95402
204.89,SYN.ETH-24APR20,1583837941881,open,0.24,1.0,0.215,0.284,0.250024,86.25,0.3545,0.0,ETH-24APR20-160-C,203.46,37.75,0.2205,1.0,0.4505,25.0,276.24,0.17924,-0.17225,0.14704,0.00403,0.83371
8245.08,BTC-26JUN20,1583837941955,open,0.11,1302.0,0.076,0.1515,0.10990779,67.12,0.108,0.0,BTC-26JUN20-9000-C,8036.04,66.7,0.109,4.0,0.1115,0.5,67.86,17.85249,-5.55392,8.94584,0.00013,0.47702
8035.45,BTC-27MAR20,1583837941970,open,0.21,43.6,0.1635,0.224,0.1914865,66.47,0.22,0.0,BTC-27MAR20-9500-P,8036.05,60.82,0.189,4.0,0.194,4.0,71.58,3.76404,-7.41275,-3.92256,0.00019,-0.86433
8035.45,BTC-27MAR20,1583837941970,open,0.19,3.0,0.177,0.2195,0.19695414,73.39,0.3,0.0,BTC-27MAR20-6500-C,8036.05,0.0,0.191,0.1,0.2155,5.0,115.75,2.50531,-5.44755,2.69587,0.00011,0.92259
8245.08,BTC-26JUN20,1583837941970,open,0.63,0.0,0.5645,0.668,0.6111452,75.64,None,0.0,BTC-26JUN20-13000-P,8036.05,0.0,0.0005,0.1,1.608,5.0,500.0,11.90949,-4.1755,-34.78623,8e-05,-0.81637
8413.62,BTC-25SEP20,1583837941971,open,0.43,1.1,0.412,0.465,0.43569317,68.41,0.42,0.0,BTC-25SEP20-5000-C,8036.05,47.71,0.414,4.0,0.451,4.0,79.46,10.87792,-1.87088,21.29749,4e-05,0.90027
8245.09,BTC-26JUN20,1583837941971,open,0.08,938.7,0.049,0.12,0.07954748,69.18,0.0765,0.0,BTC-26JUN20-10000-C,8036.05,68.43,0.078,4.0,0.081,0.5,69.89,16.96228,-5.43917,7.14095,0.00012,0.37259
8413.62,BTC-25SEP20,1583837941971,open,0.03,345.5,0.0125,0.068,0.03155332,82.38,0.031,0.0,BTC-25SEP20-20000-C,8036.05,81.38,0.03,6.0,0.033,26.0,83.29,13.23459,-2.74111,4.57654,4e-05,0.13138
8035.45,BTC-27MAR20,1583837941971,open,0.0,2582.3,0.0005,0.011,0.00149824,88.76,0.002,0.0,BTC-27MAR20-12000-C,8036.05,83.84,0.001,85.0,0.002,32.0,92.74,0.92214,-2.42518,0.0778,3e-05,0.02244
8035.45,BTC-27MAR20,1583837941971,open,0.37,29.5,0.3655,0.393,0.37847411,98.35,0.369,0.0,BTC-27MAR20-5000-C,8036.05,0.0,0.28,0.1,1.0,0.1,500.0,0.43664,-1.27237,2.27412,1e-05,0.99059
8245.09,BTC-26JUN20,1583837941971,open,0.01,387.6,0.0005,0.0215,0.00572132,104.63,0.0055,0.0,BTC-26JUN20-28000-C,8036.05,102.65,0.005,24.0,0.0065,28.2,106.59,3.14159,-1.52351,0.61824,1e-05,0.03109
8035.45,BTC-27MAR20,1583837941971,open,0.49,53.6,0.4925,0.512,0.5022239,97.98,0.5975,0.0,BTC-27MAR20-4000-C,8036.05,0.0,0.35,0.1,0.0,0.0,0.0,0.02013,-0.05843,1.84815,0.0,0.99968
8035.45,BTC-27MAR20,1583837941972,open,0.0,1595.6,0.0005,0.0105,0.00091011,96.49,0.001,0.0,BTC-27MAR20-13000-C,8036.05,89.73,0.0005,83.2,0.0015,94.2,103.17,0.59278,-1.69458,0.04631,2e-05,0.01338
8245.09,BTC-26JUN20,1583837941972,open,0.0,3122.4,0.0005,0.0195,0.00469284,110.39,0.004,0.0,BTC-26JUN20-32000-C,8036.05,108.09,0.004,24.0,0.0055,51.7,112.79,2.6212,-1.34113,0.49526,1e-05,0.02502
8413.62,BTC-25SEP20,1583837941972,open,0.02,162.1,0.0075,0.054,0.0222697,86.83,0.0205,0.0,BTC-25SEP20-24000-C,8036.05,85.79,0.021,6.0,0.0235,26.0,87.81,10.43725,-2.27852,3.30062,3e-05,0.09427
8035.45,BTC-27MAR20,1583837941972,open,0.1,1312.4,0.061,0.1185,0.0875508,60.98,0.1,0.0,BTC-27MAR20-8500-P,8036.05,51.42,0.08,27.0,0.09,4.0,64.02,6.45334,-11.66032,-2.70934,0.00035,-0.64171
8035.45,BTC-27MAR20,1583837941972,open,0.31,22.5,0.302,0.3345,0.31717642,91.25,0.3695,0.0,BTC-27MAR20-5500-C,8036.05,0.0,0.15,0.1,1.0,0.1,500.0,0.87753,-2.37244,2.45819,3e-05,0.97884
8035.69,SYN.BTC-20MAR20,1583837941970,open,0.0,186.2,0.0005,0.0115,0.00185771,85.77,0.0025,0.0,BTC-20MAR20-6250-P,8036.05,82.55,0.0015,30.0,0.0025,57.0,90.75,0.9492,-4.12178,-0.07366,6e-05,-0.03202
8035.94,SYN.BTC-13MAR20,1583837941970,open,0.0,385.3,0.0005,0.0105,0.00014353,75.29,0.0005,0.0,BTC-13MAR20-9500-C,8036.05,0.0,0.0,0.0,0.001,66.4,98.31,0.13434,-1.15339,0.00417,4e-05,0.00673
8035.97,SYN.BTC-12MAR20,1583837941970,open,0.0,0.033,0.0765,0.05420366,65.73,None,0.0,BTC-12MAR20-7625-C,8036.05,0.0,0.047,10.7,0.059,10.7,92.41,1.20314,-21.08025,0.33787,0.00055,0.87238
8035.97,SYN.BTC-12MAR20,1583837941971,open,2.1,0.0005,0.0245,0.00701069,59.13,0.0045,0.0,BTC-12MAR20-8250-C,8036.05,54.84,0.006,32.0,0.008,72.0,63.22,1.92091,-30.2803,0.11052,0.00098,0.27463
8099.95,SYN.BTC-24APR20,1583837941970,open,2.51,0.4,2.3885,2.5315,2.45777153,132.12,2.022,0.0,BTC-24APR20-28000-P,8036.05,0.0,0.0005,0.1,3.0,0.1,500.0,0.56921,-0.8379,-34.3628,1e-05,-0.99277
8035.69,SYN.BTC-20MAR20,1583837941970,open,0.01,299.8,0.002,0.03,0.0117147,61.38,0.012,0.0,BTC-20MAR20-8750-C,8036.05,59.88,0.011,28.0,0.012,0.1,61.98,3.85063,-11.96675,0.43959,0.00036,0.2139
8099.95,SYN.BTC-24APR20,1583837941970,open,2.01,0.0,1.9045,2.0325,1.96462812,125.56,None,0.0,BTC-24APR20-24000-P,8036.05,0.0,0.0005,0.1,3.0,0.1,500.0,0.90756,-1.26966,-29.40102,1e-05,-0.98768
8035.94,SYN.BTC-13MAR20,1583837941971,open,0.11,391.3,0.068,0.117,0.09097142,66.94,0.117,0.0,BTC-13MAR20-8750-P,8036.05,0.0,0.07,2.0,0.1125,2.0,155.61,1.06327,-12.37442,-0.63989,0.00031,-0.91971
8035.97,SYN.BTC-12MAR20,1583837941970,open,0.1,0.0005,0.0215,0.00505904,61.77,0.005,0.0,BTC-12MAR20-7750-P,8036.05,58.94,0.0045,32.0,0.006,71.9,66.34,1.61428,-26.5787,-0.08481,0.00079,-0.20031
8036.01,SYN.BTC-11MAR20,1583837941970,open,0.08,0.0,0.037,0.084,0.05881678,75.63,None,0.0,BTC-11MAR20-8500-P,8036.05,0.0,0.0445,2.0,0.0745,2.0,194.22,0.51222,-19.3686,-0.19118,0.00044,-0.93278
8099.95,SYN.BTC-24APR20,1583837941970,open,0.0,743.6,0.0005,0.0155,0.00401267,97.06,0.0035,0.0,BTC-24APR20-16000-C,8036.05,95.02,0.0035,44.0,0.005,59.3,100.57,2.12317,-2.29603,0.29484,3e-05,0.03362
8035.97,SYN.BTC-12MAR20,1583837941970,open,0.0,0.0525,0.1005,0.07496264,68.11,None,0.0,BTC-12MAR20-8625-P,8036.05,0.0,0.06,2.0,0.0925,2.0,158.83,0.83338,-15.13081,-0.41205,0.00037,-0.92283
8036.01,SYN.BTC-11MAR20,1583837941970,open,0.01,55.4,0.0005,0.0155,0.00197628,64.88,0.002,0.0,BTC-11MAR20-7750-P,8036.05,59.86,0.0015,60.1,0.0025,40.0,69.87,0.80483,-15.88141,-0.02425,0.0008,-0.1238
8099.95,SYN.BTC-24APR20,1583837941970,open,0.26,1.0,0.25,0.294,0.27036023,69.74,0.346,0.0,BTC-24APR20-6000-C,8036.05,34.92,0.2595,5.0,0.2905,5.0,98.42,4.55804,-3.54164,6.38405,8e-05,0.91142
8035.94,SYN.BTC-13MAR20,1583837941970,open,0.15,5.0,0.1435,0.178,0.16039642,89.92,0.256,0.0,BTC-13MAR20-6750-C,8036.05,0.0,0.1495,3.0,0.175,3.0,204.92,0.23952,-3.74458,0.52331,5e-05,0.98695
8099.95,SYN.BTC-24APR20,1583837941970,open,1.01,0.0,0.9375,1.0295,0.97947158,97.58,None,0.0,BTC-24APR20-16000-P,8036.05,0.0,0.0005,0.1,2.0,0.1,500.0,2.16869,-2.35789,-19.36933,3e-05,-0.9655
8035.69,SYN.BTC-20MAR20,1583837941970,open,0.09,415.5,0.0505,0.1055,0.07627761,60.89,0.079,0.0,BTC-20MAR20-8500-P,8036.05,59.54,0.0755,4.0,0.078,4.0,63.86,4.62837,-14.26914,-1.67741,0.00044,-0.69523
8035.97,SYN.BTC-12MAR20,1583837941970,open,0.0,0.024,0.0715,0.04648331,61.9,None,0.0,BTC-12MAR20-8375-P,8036.05,0.0,0.035,2.0,0.0665,2.0,144.2,1.52039,-25.08871,-0.35713,0.00074,-0.81833
8035.97,SYN.BTC-12MAR20,1583837941970,open,0.0,0.038,0.086,0.06044007,65.24,None,0.0,BTC-12MAR20-8500-P,8036.05,0.0,0.047,2.0,0.079,2.0,150.55,1.14977,-19.9966,-0.38852,0.00053,-0.88038
8035.97,SYN.BTC-12MAR20,1583837941970,open,0.8,0.0005,0.0195,0.00421729,61.49,0.003,0.0,BTC-12MAR20-8375-C,8036.05,57.56,0.0035,32.0,0.005,52.0,65.54,1.51158,-24.77774,0.07259,0.00074,0.18
8036.01,SYN.BTC-11MAR20,1583837941970,open,0.06,0.0,0.022,0.068,0.04371786,65.55,None,0.0,BTC-11MAR20-8375-P,8036.05,0.0,0.031,2.0,0.061,2.0,180.76,0.70023,-22.94874,-0.18158,0.00069,-0.89812
8099.95,SYN.BTC-24APR20,1583837941970,open,0.0,1006.5,0.0005,0.0105,0.00071843,128.29,0.0005,0.0,BTC-24APR20-28000-C,8036.05,123.9,0.0005,433.0,0.001,11.0,132.67,0.45887,-0.65591,0.04926,0.0,0.00566
8035.94,SYN.BTC-13MAR20,1583837941971,open,0.0,252.2,0.0005,0.019,0.00440048,61.37,0.0045,0.0,BTC-13MAR20-8500-C,8036.05,56.99,0.0035,58.7,0.005,24.4,64.11,1.72005,-18.35367,0.09714,0.00055,0.15783
8036.01,SYN.BTC-11MAR20,1583837941970,open,0.0,38.5,0.0005,0.0105,0.00025836,83.7,0.0005,0.0,BTC-11MAR20-7375-P,8036.05,0.0,0.0,0.0,0.0005,0.5,92.93,0.16798,-2.07615,-0.00337,0.00013,-0.01724
8099.95,SYN.BTC-24APR20,1583837941970,open,1.51,0.0,1.421,1.531,1.47169386,114.06,None,0.0,BTC-24APR20-20000-P,8036.05,0.0,0.0005,0.1,2.0,0.1,500.0,1.35732,-1.72493,-24.41862,1e-05,-0.98031
8099.95,SYN.BTC-24APR20,1583837941971,open,0.01,374.2,0.0015,0.0265,0.01115732,69.83,0.0105,0.0,BTC-24APR20-6000-P,8036.05,68.65,0.0105,17.0,0.012,29.0,71.3,4.56701,-3.5533,-0.99562,8e-05,-0.08882
8035.94,SYN.BTC-13MAR20,1583837941971,open,0.0,581.3,0.0005,0.0105,2.463e-05,80.52,0.0005,0.0,BTC-13MAR20-10000-C,8036.05,0.0,0.0,0.0,0.0005,50.9,110.77,0.02942,-0.19792,0.00077,1e-05,0.00125
8099.95,SYN.BTC-24APR20,1583837941971,open,0.64,0.5,0.576,0.657,0.61279728,82.67,0.55,0.0,BTC-24APR20-13000-P,8036.05,0.0,0.508,5.0,0.7085,5.0,181.23,3.74998,-3.45414,-15.3792,6e-05,-0.93151
8035.69,SYN.BTC-20MAR20,1583837941970,open,0.0,208.8,0.0005,0.0105,0.00038461,88.33,0.0005,0.0,BTC-20MAR20-11500-C,8036.05,0.0,0.0,0.0,0.001,50.0,99.76,0.29992,-1.34121,0.01725,2e-05,0.00832
8099.95,SYN.BTC-24APR20,1583837942012,open,0.26,1.0,0.25,0.294,0.27036023,69.74,0.346,0.0,BTC-24APR20-6000-C,8036.05,34.92,0.2595,5.1,0.2905,5.0,98.42,4.55804,-3.54164,6.38405,8e-05,0.91142
8413.62,BTC-25SEP20,1583837942035,open,0.18,295.4,0.125,0.2185,0.16670432,66.93,0.175,0.0,BTC-25SEP20-8000-P,8036.05,66.14,0.1645,4.0,0.168,4.0,67.4,23.312,-3.92278,-24.3071,9e-05,-0.36352
8413.62,BTC-25SEP20,1583837942054,open,0.18,295.4,0.125,0.2185,0.16670432,66.93,0.175,0.0,BTC-25SEP20-8000-P,8036.05,66.14,0.1645,13.5,0.168,4.0,67.4,23.312,-3.92278,-24.3071,9e-05,-0.36352
8413.62,BTC-25SEP20,1583837942213,open,0.11,353.7,0.073,0.151,0.10666925,66.93,0.112,0.0,BTC-25SEP20-7000-P,8036.05,65.63,0.1035,17.3,0.1065,4.0,66.86,20.45238,-3.44159,-17.16888,8e-05,-0.26785
8245.02,BTC-26JUN20,1583837942977,open,0.06,185.2,0.0325,0.098,0.0593177,71.62,0.058,0.0,BTC-26JUN20-11000-C,8036.19,70.91,0.058,4.0,0.0605,44.0,72.25,15.40764,-5.11445,5.68494,0.00011,0.29261
8035.43,BTC-27MAR20,1583837942977,open,4.06,1.4,3.8805,4.0795,3.97792291,0.0,4.0,0.0,BTC-27MAR20-40000-P,8036.19,0.0,0.001,0.1,4.5,0.1,500.0,0.0,0.0,-18.49391,0.0,-1.0
8414.33,BTC-25SEP20,1583837942978,open,0.17,261.1,0.13,0.222,0.17168355,67.87,0.173,0.0,BTC-25SEP20-9000-C,8036.19,67.47,0.1705,13.3,0.1765,13.8,69.52,24.61176,-4.19972,17.17257,9e-05,0.54625
8035.43,BTC-27MAR20,1583837942978,open,1.02,21.2,0.9525,1.0325,0.99122701,98.51,0.501,0.0,BTC-27MAR20-16000-P,8036.19,0.0,0.0055,0.1,2.0,0.1,500.0,0.04895,-0.14286,-7.39466,0.0,-0.99917
8035.43,BTC-27MAR20,1583837942978,open,1.28,0.0,1.1965,1.286,1.24009426,105.14,1.23,0.0,BTC-27MAR20-18000-P,8036.19,0.0,0.0125,1.0,2.0,0.1,500.0,0.01767,-0.05503,-8.32129,0.0,-0.99972
8035.43,BTC-27MAR20,1583837942978,open,0.02,1919.2,0.002,0.0285,0.01154889,65.86,0.011,0.0,BTC-27MAR20-7000-P,8036.19,64.75,0.011,74.0,0.0115,1.5,65.76,3.99321,-7.79242,-0.59288,0.0002,-0.14804
8035.43,BTC-27MAR20,1583837942978,open,3.3,0.0,3.1485,3.3175,3.23128187,181.65,None,0.0,BTC-27MAR20-34000-P,8036.19,0.0,0.001,0.1,4.0,0.1,500.0,0.01519,-0.08176,-15.71903,0.0,-0.99977
8035.43,BTC-27MAR20,1583837942978,open,0.9,2.0,0.8305,0.906,0.86684829,97.32,0.4565,0.0,BTC-27MAR20-15000-P,8036.19,0.0,0.0005,0.1,1.5,0.1,500.0,0.10957,-0.31597,-6.92821,0.0,-0.998
8414.33,BTC-25SEP20,1583837942978,open,1.21,2.1,1.1175,1.255,1.17845578,80.05,0.888,0.0,BTC-25SEP20-18000-P,8036.19,0.0,0.11,1.0,1.23,0.5,103.95,15.15551,-3.04998,-92.50739,5e-05,-0.8393
8245.02,BTC-26JUN20,1583837942980,open,1.96,0.0,1.856,1.993,1.91850552,98.54,None,0.0,BTC-26JUN20-24000-P,8036.19,0.0,1.69,0.1,3.0,0.1,500.0,4.02776,-1.83959,-70.0922,2e-05,-0.95788
8245.02,BTC-26JUN20,1583837942980,open,1.23,1.0,1.1455,1.2615,1.19758435,87.43,0.9,0.0,BTC-26JUN20-18000-P,8036.19,0.0,0.192,5.0,2.1925,5.0,500.0,6.6655,-2.70124,-51.60093,4e-05,-0.91997
8035.43,BTC-27MAR20,1583837942980,open,3.56,0.1,3.3925,3.5715,3.4801808,188.74,2.64,0.0,BTC-27MAR20-36000-P,8036.19,0.0,0.001,0.1,4.0,0.1,500.0,0.01549,-0.08664,-16.64371,0.0,-0.99976
8035.43,BTC-27MAR20,1583837942980,open,3.05,0.0,2.9045,3.0635,2.98233833,0.0,None,0.0,BTC-27MAR20-32000-P,8036.19,0.0,0.001,0.1,4.0,0.1,500.0,0.0,0.0,-14.79513,0.0,-1.0
8245.02,BTC-26JUN20,1583837942980,open,1.72,0.0,1.6185,1.7475,1.67720589,94.73,None,0.0,BTC-26JUN20-22000-P,8036.19,0.0,0.001,2.0,3.0,0.1,500.0,4.59705,-2.01838,-64.02867,2e-05,-0.95035
8245.02,BTC-26JUN20,1583837942980,open,2.95,0.0,2.806,2.9775,2.88580446,110.33,None,0.0,BTC-26JUN20-32000-P,8036.19,0.0,0.0005,0.1,4.0,0.1,500.0,2.61403,-1.33674,-94.08222,1e-05,-0.97506
8414.33,BTC-25SEP20,1583837942980,open,1.44,2.5,1.345,1.488,1.40864293,82.5,1.15,0.0,BTC-25SEP20-20000-P,8036.19,0.0,0.22,1.0,1.46,0.5,108.33,13.27397,-2.75316,-104.37961,4e-05,-0.86806
8035.43,BTC-27MAR20,1583837942980,open,1.53,5.3,1.4405,1.54,1.48898976,116.38,0.907,0.0,BTC-27MAR20-20000-P,8036.19,0.0,0.001,0.1,2.0,0.1,500.0,0.01411,-0.04867,-9.2462,0.0,-0.99978
8245.02,BTC-26JUN20,1583837942980,open,2.21,0.0,2.0935,2.239,2.16009169,101.96,None,0.0,BTC-26JUN20-26000-P,8036.19,0.0,0.0005,0.1,3.0,0.1,500.0,3.57272,-1.68848,-76.11977,2e-05,-0.96365
8035.43,BTC-27MAR20,1583837942980,open,2.04,0.0,1.9285,2.0475,1.98678721,138.6,None,0.0,BTC-27MAR20-24000-P,8036.19,0.0,0.0005,0.1,3.0,0.1,500.0,0.01393,-0.05721,-11.09561,0.0,-0.99979
8245.16,BTC-26JUN20,1583837942981,open,0.75,12.5,0.6785,0.784,0.72580729,78.18,0.56,0.0,BTC-26JUN20-14000-P,8036.19,0.0,0.001,5.0,1.722,5.0,500.0,10.48707,-3.80017,-38.38131,7e-05,-0.84923
8035.43,BTC-27MAR20,1583837942981,open,2.29,0.0,2.1725,2.3015,2.23566197,0.0,None,0.0,BTC-27MAR20-26000-P,8036.19,0.0,0.001,1.0,3.0,0.1,500.0,0.0,0.0,-12.02104,0.0,-1.0
8414.33,BTC-25SEP20,1583837942981,open,0.98,6.3,0.893,1.027,0.95277327,77.96,0.8575,0.0,BTC-25SEP20-16000-P,8036.19,0.0,0.77,0.5,0.99,0.5,94.1,17.57202,-3.44409,-80.19678,6e-05,-0.79646
8245.16,BTC-26JUN20,1583837942981,open,0.99,7.0,0.9105,1.0195,0.9591415,82.21,0.79,0.0,BTC-26JUN20-16000-P,8036.19,0.0,0.001,4.0,1.9555,5.0,500.0,8.08553,-3.08083,-45.21094,5e-05,-0.89616
8414.33,BTC-25SEP20,1583837942981,open,1.92,19.6,1.8055,1.96,1.87477723,87.01,1.93,0.0,BTC-25SEP20-24000-P,8036.19,0.0,0.33,1.0,2.0,0.5,146.69,10.49566,-2.29603,-127.4449,3e-05,-0.90503
8035.43,BTC-27MAR20,1583837942981,open,2.8,0.0,2.6605,2.8095,2.73344218,0.0,None,0.0,BTC-27MAR20-30000-P,8036.19,0.0,0.001,0.1,4.0,0.1,500.0,0.0,0.0,-13.87043,0.0,-1.0
8414.33,BTC-25SEP20,1583837942981,open,3.36,0.0,3.1985,3.399,3.29023521,98.07,None,0.0,BTC-25SEP20-36000-P,8036.19,0.0,0.001,0.1,4.5,0.1,500.0,6.3935,-1.57639,-194.40644,2e-05,-0.95012
8035.43,BTC-27MAR20,1583837942981,open,1.78,5.6,1.6845,1.794,1.73788831,127.9,1.545,0.0,BTC-27MAR20-22000-P,8036.19,0.0,0.001,0.1,2.0,0.1,500.0,0.01382,-0.05239,-10.17091,0.0,-0.99979
8245.16,BTC-26JUN20,1583837942982,open,1.47,0.1,1.382,1.5035,1.43661807,90.95,1.85,0.0,BTC-26JUN20-20000-P,8036.19,0.0,0.001,2.0,3.0,0.1,500.0,5.42126,-2.28524,-57.88612,3e-05,-0.93882
8245.16,BTC-26JUN20,1583837942982,open,2.7,0.0,2.5685,2.731,2.64373086,107.84,None,0.0,BTC-26JUN20-30000-P,8036.19,0.0,0.0005,0.1,4.0,0.1,500.0,2.88586,-1.44242,-88.10848,1e-05,-0.97193
8414.33,BTC-25SEP20,1583837942982,open,2.88,0.0,2.7335,2.918,2.81732163,95.06,None,0.0,BTC-25SEP20-32000-P,8036.19,0.0,0.001,0.1,4.0,0.1,500.0,7.4213,-1.77368,-172.25021,2e-05,-0.93977
8245.16,BTC-26JUN20,1583837942984,open,0.04,1322.1,0.0165,0.0595,0.03347686,67.81,0.0355,0.0,BTC-26JUN20-6000-P,8036.19,66.62,0.032,32.5,0.035,47.6,69.01,10.34085,-3.24988,-4.41347,8e-05,-0.14764
8414.33,BTC-25SEP20,1583837942985,open,2.4,0.0,2.2685,2.4375,2.34496056,91.11,None,0.0,BTC-25SEP20-28000-P,8036.19,0.0,0.001,0.1,3.5,0.1,500.0,8.64258,-1.97972,-149.99334,2e-05,-0.92666
8245.16,BTC-26JUN20,1583837942986,open,2.46,0.0,2.331,2.4845,2.40165738,104.64,None,0.0,BTC-26JUN20-28000-P,8036.19,0.0,0.0005,0.1,3.5,0.1,500.0,3.1432,-1.52445,-82.13535,1e-05,-0.96889
8035.57,BTC-27MAR20,1583837942986,open,2.54,0.0,2.4165,2.5555,2.48454604,166.06,None,0.0,BTC-27MAR20-28000-P,8036.19,0.0,0.001,0.1,3.0,0.1,500.0,0.02808,-0.13816,-12.9442,0.0,-0.99955
8035.69,SYN.BTC-20MAR20,1583837942977,open,0.21,0.0,0.207,0.2435,0.22402109,85.28,None,0.0,BTC-20MAR20-6250-C,8036.19,0.0,0.209,4.0,0.235,4.0,135.7,0.93215,-4.02479,1.61902,6e-05,0.96867
8036.01,SYN.BTC-11MAR20,1583837942977,open,0.0,37.1,0.0005,0.018,0.00296469,59.57,0.0035,0.0,BTC-11MAR20-8250-C,8036.19,55.95,0.0025,32.1,0.0035,32.0,63.52,1.06037,-23.82432,0.03563,0.00115,0.18777
8035.57,BTC-27MAR20,1583837942987,open,0.77,69.6,0.7085,0.78,0.74258743,97.15,0.59,0.0,BTC-27MAR20-14000-P,8036.19,0.0,0.0005,0.1,1.5,0.1,500.0,0.26477,-0.76212,-6.45428,1e-05,-0.99466
8036.01,SYN.BTC-11MAR20,1583837942977,open,0.0,6.3,0.0005,0.0135,0.00145623,64.64,0.003,0.0,BTC-11MAR20-8375-C,8036.19,58.82,0.001,60.1,0.002,41.0,70.59,0.68413,-11.70224,0.01875,0.00068,0.09868
8036.01,SYN.BTC-11MAR20,1583837942977,open,0.0,92.0,0.0005,0.0105,0.00040665,75.41,0.0005,0.0,BTC-11MAR20-8625-C,8036.19,0.0,0.0,0.0,0.001,60.5,89.09,0.25994,-3.26786,0.0055,0.00022,0.02894
8099.95,SYN.BTC-24APR20,1583837942977,open,0.0,242.4,0.0005,0.011,0.00143976,123.62,0.002,0.0,BTC-24APR20-24000-C,8036.19,118.72,0.001,44.1,0.002,44.0,128.5,0.82475,-1.13597,0.09555,1e-05,0.01103
8099.95,SYN.BTC-24APR20,1583837942978,open,0.52,0.0,0.457,0.5345,0.4920821,77.03,None,0.0,BTC-24APR20-12000-P,8036.19,0.0,0.388,5.0,0.5885,5.0,169.02,4.74005,-4.06813,-13.92914,8e-05,-0.90661
8035.97,SYN.BTC-12MAR20,1583837942978,open,1.0,0.0085,0.051,0.02870538,59.44,0.0165,0.0,BTC-12MAR20-7875-C,8036.19,56.63,0.028,24.0,0.0305,19.5,66.45,2.03198,-32.19588,0.27314,0.00103,0.69012
8035.69,SYN.BTC-20MAR20,1583837942978,open,0.18,0.0,0.1755,0.2145,0.19363352,79.07,None,0.0,BTC-20MAR20-6500-C,8036.19,0.0,0.1785,4.0,0.2055,14.0,124.81,1.25227,-5.01334,1.65542,9e-05,0.95503
8035.69,SYN.BTC-20MAR20,1583837942978,open,0.1,1.9,0.0845,0.1315,0.10687859,65.07,0.137,0.0,BTC-20MAR20-7250-C,8036.19,49.23,0.1015,11.8,0.111,11.8,74.95,3.1507,-10.37907,1.60465,0.00028,0.84492
8035.97,SYN.BTC-12MAR20,1583837942977,open,1.0,0.0125,0.058,0.0337205,59.45,0.04,0.0,BTC-12MAR20-8250-P,8036.19,49.84,0.0315,8.0,0.0345,8.0,62.68,1.92487,-30.5064,-0.313,0.00098,-0.72422
8035.94,SYN.BTC-13MAR20,1583837942978,open,0.14,355.8,0.0985,0.147,0.12102907,72.35,0.147,0.0,BTC-13MAR20-9000-P,8036.19,0.0,0.101,2.0,0.142,2.0,174.06,0.63479,-7.98528,-0.6834,0.00017,-0.95838
8035.69,SYN.BTC-20MAR20,1583837942978,open,0.18,15.7,0.1305,0.1865,0.1565423,66.29,0.18,0.0,BTC-20MAR20-9250-P,8036.19,0.0,0.132,3.0,0.1825,3.0,123.41,2.45642,-8.24456,-2.27926,0.00021,-0.89178
8035.94,SYN.BTC-13MAR20,1583837942977,open,0.17,56.4,0.129,0.1775,0.15152703,75.08,0.1965,0.0,BTC-13MAR20-9250-P,8036.19,0.0,0.132,2.0,0.172,2.0,191.86,0.32856,-4.28922,-0.71712,9e-05,-0.98114
8035.94,SYN.BTC-13MAR20,1583837942978,open,0.09,0.0,0.08,0.122,0.09978211,77.94,None,0.0,BTC-13MAR20-7250-C,8036.19,0.0,0.089,3.0,0.1165,10.0,160.94,0.8931,-12.10233,0.52945,0.00023,0.93604
8035.94,SYN.BTC-13MAR20,1583837942978,open,0.02,60.5,0.006,0.046,0.022611,57.45,0.0185,0.0,BTC-13MAR20-8000-C,8036.19,52.87,0.021,39.5,0.023,4.0,58.56,2.82735,-28.24308,0.33082,0.00097,0.54514
8035.69,SYN.BTC-20MAR20,1583837942977,open,0.15,313.5,0.102,0.158,0.12797102,63.92,0.1595,0.0,BTC-20MAR20-9000-P,8036.19,0.0,0.102,3.0,0.155,3.0,117.18,3.11742,-10.08882,-2.12062,0.00028,-0.84739
8099.95,SYN.BTC-24APR20,1583837942978,open,0.17,261.6,0.127,0.1985,0.15992419,63.93,0.1755,0.0,BTC-24APR20-9000-P,8036.19,56.65,0.1505,23.5,0.1625,4.0,65.89,10.62744,-7.57008,-7.96428,0.00021,-0.63981
8035.69,SYN.BTC-20MAR20,1583837942978,open,0.02,77.2,0.005,0.0395,0.01841981,60.76,0.0175,0.0,BTC-20MAR20-8500-C,8036.19,58.28,0.017,48.0,0.0185,0.1,60.9,4.62517,-14.22777,0.62155,0.00044,0.30429
8035.69,SYN.BTC-20MAR20,1583837942978,open,0.21,0.0,0.1605,0.216,0.18609357,69.18,None,0.0,BTC-20MAR20-9500-P,8036.19,0.0,0.162,3.0,0.211,3.0,130.13,1.94024,-6.79616,-2.40776,0.00016,-0.92133
8035.94,SYN.BTC-13MAR20,1583837942978,open,0.01,450.6,0.0005,0.017,0.00350956,67.1,0.0035,0.0,BTC-13MAR20-7500-P,8036.19,64.09,0.003,61.7,0.004,0.5,69.84,1.4041,-16.38209,-0.07649,0.00041,-0.1173
203.47,SYN.ETH-13MAR20,1583837943024,open,0.66,0.0,0.575,0.6725,0.621976,192.09,None,0.0,ETH-13MAR20-330-P,203.46,0.0,0.0,0.0,0.0,0.0,0.0,0.00164,-0.05472,-0.02595,0.00026,-0.99703
203.53,SYN.ETH-20MAR20,1583837943026,open,0.66,0.0,0.5745,0.6725,0.621532,104.78,None,0.0,ETH-20MAR20-330-P,203.46,0.0,0.0,0.0,0.0,0.0,0.0,0.00332,-0.01764,-0.08912,0.00028,-0.99671
203.53,SYN.ETH-20MAR20,1583837943032,open,0.71,0.0,0.622,0.7235,0.670642,109.02,None,0.0,ETH-20MAR20-340-P,203.46,0.0,0.0,0.0,0.0,0.0,0.0,0.00287,-0.01583,-0.09185,0.00023,-0.99721
204.89,SYN.ETH-24APR20,1583837943034,open,0.61,0.0,0.523,0.639,0.577983,93.4,None,0.0,ETH-24APR20-320-P,203.46,0.0,0.0,0.0,0.0,0.0,0.0,0.13992,-0.14561,-0.3684,0.0029,-0.88445
203.47,SYN.ETH-13MAR20,1583837943034,open,0.61,0.0,0.527,0.6225,0.572825,180.72,None,0.0,ETH-13MAR20-320-P,203.46,0.0,0.0,0.0,0.0,0.0,0.0,0.00168,-0.05267,-0.02516,0.00028,-0.99695
204.89,SYN.ETH-24APR20,1583837943034,open,0.42,10.0,0.344,0.455,0.397282,89.6,0.45,0.0,ETH-24APR20-280-P,203.46,70.89,0.381,171.0,1.3875,1.0,500.0,0.20192,-0.20158,-0.30128,0.00437,-0.7987
204.89,SYN.ETH-24APR20,1583837943034,open,0.01,539.0,0.0005,0.0205,0.00642,103.55,0.008,0.0,ETH-24APR20-400-C,203.46,100.81,0.0055,244.0,0.0075,324.0,106.47,0.07214,-0.08323,0.01056,0.00135,0.04836
204.89,SYN.ETH-24APR20,1583837943034,open,0.12,121.0,0.088,0.167,0.127896,83.92,0.1255,0.0,ETH-24APR20-200-C,203.46,81.43,0.1245,279.0,0.132,268.0,86.93,0.27918,-0.26104,0.11657,0.00645,0.59066
204.89,SYN.ETH-24APR20,1583837943036,open,0.81,0.0,0.709,0.8305,0.76624,97.35,None,0.0,ETH-24APR20-360-P,203.46,0.0,0.0,0.0,0.0,0.0,0.0,0.0958,-0.10392,-0.42745,0.00191,-0.93062
204.89,SYN.ETH-24APR20,1583837943036,open,1.0,0.0,0.897,1.0285,0.958856,104.06,None,0.0,ETH-24APR20-400-P,203.46,0.0,0.0,0.0,0.0,0.0,0.0,0.07335,-0.08505,-0.48101,0.00137,-0.95063
204.89,SYN.ETH-24APR20,1583837943036,open,1.2,0.0,1.086,1.2255,1.151866,107.87,None,0.0,ETH-24APR20-440-P,203.46,0.0,0.0,0.0,0.0,0.0,0.0,0.05355,-0.06436,-0.53363,0.00096,-0.9665
204.89,SYN.ETH-24APR20,1583837943036,open,0.04,656.0,0.012,0.057,0.030998,86.34,0.027,0.0,ETH-24APR20-160-P,203.46,84.03,0.029,487.0,0.033,192.0,88.61,0.17935,-0.17253,-0.04974,0.00402,-0.16645
203.6,ETH-27MAR20,1583837943212,open,0.3,662.0,0.2925,0.3425,0.316955,109.31,0.479,0.0,ETH-27MAR20-140-C,203.46,0.0,0.312,1.0,0.3325,18.0,160.75,0.04041,-0.13089,0.0602,0.00193,0.95645
203.6,ETH-27MAR20,1583837943271,open,0.14,2251.0,0.0815,0.1655,0.122647,84.93,0.131,0.0,ETH-27MAR20-220-P,203.46,78.55,0.1175,180.0,0.127,405.0,90.27,0.16524,-0.4158,-0.07089,0.01015,-0.63039
203.6,ETH-27MAR20,1583837943360,open,0.04,2354.0,0.016,0.073,0.04206,84.89,0.043,0.0,ETH-27MAR20-220-C,203.46,81.72,0.0395,293.0,0.045,200.0,88.5,0.16522,-0.41554,0.03082,0.01016,0.3695
203.6,ETH-27MAR20,1583837943366,open,0.21,2340.0,0.195,0.256,0.225412,96.87,0.21,0.0,ETH-27MAR20-160-C,203.46,49.0,0.2145,17.0,0.244,17.0,136.34,0.07886,-0.22632,0.06316,0.00425,0.89636
8035.69,SYN.BTC-20MAR20,1583837943367,open,0.04,187.1,0.0205,0.0665,0.04123203,59.54,0.038,0.0,BTC-20MAR20-8000-C,8036.19,56.13,0.039,48.0,0.043,22.0,62.25,5.2497,-15.8259,1.07923,0.0005,0.53761
8035.69,SYN.BTC-20MAR20,1583837943378,open,0.04,187.1,0.0205,0.0665,0.04123203,59.54,0.038,0.0,BTC-20MAR20-8000-C,8036.19,56.13,0.039,48.0,0.043,42.0,62.25,5.2497,-15.8259,1.07923,0.0005,0.53761
8035.69,SYN.BTC-20MAR20,1583837943378,open,0.05,228.1,0.017,0.063,0.0368629,59.65,0.0375,0.0,BTC-20MAR20-8000-P,8036.19,57.57,0.0355,28.0,0.0385,22.0,62.16,5.2497,-15.85553,-1.08546,0.0005,-0.46238
8035.94,SYN.BTC-13MAR20,1583837943380,open,0.05,223.8,0.0155,0.0625,0.03685505,58.23,0.036,0.0,BTC-13MAR20-8250-P,8036.19,53.88,0.0355,22.0,0.038,4.0,61.83,2.53252,-25.63937,-0.45727,0.00085,-0.68539
203.47,SYN.ETH-13MAR20,1583837943439,open,0.46,0.0,0.384,0.471,0.425373,144.16,None,0.0,ETH-13MAR20-290-P,203.46,0.0,0.0,0.0,0.0,0.0,0.0,0.00186,-0.04651,-0.0228,0.00039,-0.99659
203.47,SYN.ETH-13MAR20,1583837943439,open,0.02,1305.0,0.0005,0.0355,0.011294,101.84,0.016,0.0,ETH-13MAR20-190-P,203.46,96.72,0.01,248.0,0.013,555.0,108.38,0.05219,-0.92409,-0.00356,0.01571,-0.21095
203.47,SYN.ETH-13MAR20,1583837943439,open,0.04,1101.0,0.003,0.056,0.024876,93.18,0.0585,0.0,ETH-13MAR20-200-P,203.46,86.25,0.0225,188.0,0.0275,263.0,100.82,0.06984,-1.13159,-0.00683,0.02298,-0.40147
203.47,SYN.ETH-13MAR20,1583837943443,open,0.0,395.0,0.0005,0.0275,0.007331,90.49,0.005,0.0,ETH-13MAR20-220-C,203.46,84.49,0.006,240.0,0.009,603.0,97.52,0.04667,-0.73428,0.0027,0.01581,0.17566
203.47,SYN.ETH-13MAR20,1583837943439,open,0.21,93.0,0.1455,0.219,0.180353,94.48,0.212,0.0,ETH-13MAR20-240-P,203.46,0.0,0.007,18.0,1.181,25.0,500.0,0.01126,-0.18492,-0.01849,0.00365,-0.973
203.47,SYN.ETH-13MAR20,1583837943445,open,0.56,0.0,0.4795,0.5725,0.523674,168.95,None,0.0,ETH-13MAR20-310-P,203.46,0.0,0.0,0.0,0.0,0.0,0.0,0.00172,-0.05061,-0.02438,0.00031,-0.99686
203.47,SYN.ETH-13MAR20,1583837943445,open,0.03,158.0,0.0115,0.074,0.04186,92.93,0.0315,0.0,ETH-13MAR20-200-C,203.46,84.58,0.039,194.0,0.0445,281.0,100.61,0.06983,-1.12833,0.00893,0.02304,0.59871
203.47,SYN.ETH-13MAR20,1583837943445,open,0.51,0.0,0.4315,0.522,0.474524,156.77,None,0.0,ETH-13MAR20-300-P,203.46,0.0,0.0,0.0,0.0,0.0,0.0,0.00178,-0.04852,-0.02359,0.00035,-0.99674
203.6,ETH-27MAR20,1583837943580,open,0.07,3192.0,0.0465,0.116,0.081394,85.05,0.075,0.0,ETH-27MAR20-200-C,203.46,81.02,0.078,460.0,0.086,477.0,90.52,0.17156,-0.43231,0.04646,0.01053,0.57495
204.89,SYN.ETH-24APR20,1583837943580,open,0.52,0.0,0.432,0.546,0.486506,91.75,None,0.0,ETH-24APR20-300-P,203.46,0.0,0.0,0.0,0.0,0.0,0.0,0.16961,-0.17339,-0.33596,0.00358,-0.84716
204.89,SYN.ETH-24APR20,1583837943580,open,0.04,46.0,0.0175,0.0755,0.043316,87.77,0.0415,0.0,ETH-24APR20-260-C,203.46,86.19,0.0415,287.0,0.0455,192.0,89.65,0.23648,-0.23125,0.0565,0.00522,0.26759
204.89,SYN.ETH-24APR20,1583837943580,open,0.34,4.0,0.26,0.368,0.312399,87.87,0.149,0.0,ETH-24APR20-260-P,203.46,72.81,0.296,171.0,1.2885,1.0,500.0,0.23664,-0.23168,-0.26311,0.00522,-0.73206
8035.94,SYN.BTC-13MAR20,1583837943603,open,0.05,223.8,0.0155,0.0625,0.03685505,58.23,0.036,0.0,BTC-13MAR20-8250-P,8036.19,53.88,0.0355,24.0,0.038,4.0,61.83,2.53252,-25.63937,-0.45727,0.00085,-0.68539
8035.94,SYN.BTC-13MAR20,1583837943623,open,0.05,223.8,0.0155,0.0625,0.03685505,58.23,0.036,0.0,BTC-13MAR20-8250-P,8036.19,53.88,0.0355,22.0,0.038,4.0,61.83,2.53252,-25.63937,-0.45727,0.00085,-0.68539
203.47,SYN.ETH-12MAR20,1583837943652,open,1.0,0.0195,0.0845,0.052652,96.02,0.034,0.0,ETH-12MAR20-195-C,203.46,79.6,0.049,30.0,0.0565,30.0,112.21,0.04705,-1.2044,0.00722,0.02303,0.74273
203.47,SYN.ETH-12MAR20,1583837943652,open,0.0,0.0005,0.0385,0.013131,89.87,None,0.0,ETH-12MAR20-210-C,203.46,83.47,0.0115,120.0,0.015,1.0,97.06,0.05238,-1.25488,0.00324,0.0274,0.32331
203.47,SYN.ETH-12MAR20,1583837943655,open,0.0,0.013,0.0805,0.045343,90.24,None,0.0,ETH-12MAR20-210-P,203.46,79.02,0.0425,90.0,0.0495,90.0,106.09,0.05243,-1.26131,-0.00754,0.02731,-0.67592
203.47,SYN.ETH-12MAR20,1583837943655,open,0.0,0.0015,0.0515,0.022405,90.6,None,0.0,ETH-12MAR20-205-C,203.46,82.15,0.02,90.0,0.025,24.0,99.7,0.05799,-1.40039,0.00465,0.03009,0.46684
203.47,SYN.ETH-12MAR20,1583837943655,open,0.0,0.004,0.063,0.03004,90.92,None,0.0,ETH-12MAR20-205-P,203.46,80.25,0.027,90.0,0.0335,20.0,103.05,0.05799,-1.40552,-0.00589,0.02998,-0.53295
203.6,ETH-27MAR20,1583837943710,open,0.0,3782.0,0.0005,0.0105,2.2e-05,114.11,0.0005,0.0,ETH-27MAR20-480-C,203.46,0.0,0.0,0.0,0.001,300.0,158.78,0.00059,-0.002,3e-05,3e-05,0.00037
203.6,ETH-27MAR20,1583837943768,open,0.0,3377.0,0.0005,0.0105,8e-05,113.87,0.0005,0.0,ETH-27MAR20-440-C,203.46,0.0,0.0,0.0,0.0005,2.0,134.46,0.0018,-0.00607,0.00011,8e-05,0.00124
207.83,ETH-26JUN20,1583837943771,open,0.02,484.0,0.005,0.047,0.019904,104.84,0.022,0.0,ETH-26JUN20-520-C,203.46,102.67,0.018,610.0,0.022,610.0,107.1,0.1876,-0.09116,0.04474,0.0014,0.09274
207.83,ETH-26JUN20,1583837943782,open,0.08,1274.0,0.0395,0.1105,0.072204,85.61,0.084,0.0,ETH-26JUN20-160-P,203.46,82.3,0.067,579.0,0.077,579.0,88.63,0.32871,-0.13043,-0.17543,0.00301,-0.2134
207.83,ETH-26JUN20,1583837943782,open,0.44,303.0,0.4175,0.476,0.446552,90.03,0.608,0.0,ETH-26JUN20-120-C,203.46,56.48,0.426,23.0,0.4635,23.0,108.03,0.17711,-0.07391,0.28723,0.00154,0.91416
212.05,SYN.ETH-25SEP20,1583837943799,open,0.03,1716.0,0.012,0.076,0.036838,100.49,0.038,0.0,ETH-25SEP20-640-C,203.46,98.66,0.034,300.0,0.04,200.0,102.46,0.33415,-0.08442,0.10963,0.00136,0.13172
203.46,SYN.ETH-11MAR20,1583837943822,open,0.0,59.0,0.0005,0.0135,0.001028,115.39,0.001,0.0,ETH-11MAR20-185-P,203.46,101.28,0.0005,88.0,0.002,1.0,133.11,0.0092,-0.20913,-0.00022,0.00803,-0.04355
203.46,SYN.ETH-11MAR20,1583837943822,open,0.0,118.0,0.0005,0.028,0.005977,88.51,0.0055,0.0,ETH-11MAR20-210-C,203.46,81.94,0.005,120.0,0.007,1.0,95.11,0.03093,-1.21616,0.00114,0.03519,0.23934
203.46,SYN.ETH-11MAR20,1583837943822,open,0.05,0.0,0.0375,0.0995,0.068824,111.83,None,0.0,ETH-11MAR20-190-C,203.46,0.0,0.047,14.0,0.079,14.0,195.28,0.0176,-0.98402,0.00405,0.01585,0.89914
203.46,SYN.ETH-11MAR20,1583837943822,open,0.03,8.0,0.014,0.077,0.046216,96.39,0.024,0.0,ETH-11MAR20-195-C,203.46,66.39,0.043,30.0,0.0495,30.0,120.13,0.02597,-1.25166,0.00379,0.02713,0.82196
203.46,SYN.ETH-11MAR20,1583837943822,open,0.04,3.0,0.0005,0.0535,0.021815,90.59,0.034,0.0,ETH-11MAR20-205-P,203.46,75.98,0.019,90.0,0.026,249.0,112.18,0.03932,-1.78114,-0.00283,0.04371,-0.55885
203.46,SYN.ETH-11MAR20,1583837943822,open,0.07,0.0,0.063,0.121,0.091659,113.42,None,0.0,ETH-11MAR20-185-C,203.46,0.0,0.072,14.0,0.1025,14.0,228.88,0.00875,-0.49647,0.00423,0.00777,0.95904
203.46,SYN.ETH-11MAR20,1583837943824,open,0.13,0.0,0.074,0.143,0.106472,107.35,None,0.0,ETH-11MAR20-225-P,203.46,0.0,0.084,11.0,0.1305,11.0,312.24,0.00669,-0.35915,-0.00526,0.00628,-0.97048
203.46,SYN.ETH-11MAR20,1583837943824,open,0.01,28.0,0.0005,0.021,0.00277,112.86,0.0025,0.0,ETH-11MAR20-190-P,203.46,96.41,0.0015,295.0,0.0025,4.0,109.71,0.01785,-0.56365,-0.00052,0.01592,-0.10283
203.46,SYN.ETH-11MAR20,1583837943824,open,0.11,0.0,0.05,0.118,0.082367,97.53,None,0.0,ETH-11MAR20-220-P,203.46,0.0,0.07,12.0,0.107,12.0,282.74,0.01083,-0.52829,-0.00502,0.01119,-0.94658
203.46,SYN.ETH-11MAR20,1583837943826,open,0.08,0.0,0.0265,0.095,0.059459,94.64,None,0.0,ETH-11MAR20-215-P,203.46,0.0,0.0485,13.0,0.085,13.0,257.83,0.02012,-0.95205,-0.00458,0.0214,-0.87843
203.46,SYN.ETH-11MAR20,1583837943826,open,0.0,369.0,0.0005,0.013,0.000955,95.53,0.002,0.0,ETH-11MAR20-220-C,203.46,84.8,0.0005,155.0,0.003,494.0,124.51,0.01024,-0.19434,0.00024,0.01079,0.04975
203.46,SYN.ETH-11MAR20,1583837943826,open,0.0,1.0,0.0005,0.0105,0.000483,103.93,0.0005,0.0,ETH-11MAR20-225-C,203.46,104.5,0.0005,150.0,0.002,497.0,135.97,0.00592,-0.09829,0.00012,0.00574,0.02549
203.46,SYN.ETH-11MAR20,1583837943826,open,0.01,153.0,0.0005,0.026,0.00474,97.11,0.009,0.0,ETH-11MAR20-195-P,203.46,87.0,0.0035,395.0,0.006,10.0,106.58,0.02613,-0.96429,-0.0009,0.02709,-0.17973
8035.69,SYN.BTC-20MAR20,1583837944074,open,0.0,148.7,0.0005,0.012,0.00200883,74.39,0.0015,0.0,BTC-20MAR20-10000-C,8036.24,70.65,0.0015,52.0,0.0025,30.0,77.5,1.18871,-4.47688,0.0873,9e-05,0.04216
8035.69,SYN.BTC-20MAR20,1583837944077,open,0.0,148.7,0.0005,0.012,0.00200883,74.39,0.0015,0.0,BTC-20MAR20-10000-C,8036.24,70.65,0.0015,52.1,0.0025,30.0,77.5,1.18871,-4.47688,0.0873,9e-05,0.04216
8035.69,SYN.BTC-20MAR20,1583837944136,open,0.0,148.7,0.0005,0.012,0.00200883,74.39,0.0015,0.0,BTC-20MAR20-10000-C,8036.24,70.65,0.0015,24.1,0.0025,30.0,77.5,1.18871,-4.47688,0.0873,9e-05,0.04216
8036.01,SYN.BTC-11MAR20,1583837944269,open,0.0,26.1,0.0005,0.024,0.00635907,56.1,0.005,0.0,BTC-11MAR20-8125-C,8036.24,48.51,0.005,52.0,0.0075,52.0,62.34,1.45696,-40.86704,0.06613,0.00168,0.34936
8036.01,SYN.BTC-11MAR20,1583837944279,open,0.0,26.1,0.0005,0.024,0.00635907,56.1,0.005,0.0,BTC-11MAR20-8125-C,8036.24,48.51,0.005,32.0,0.0075,52.0,62.34,1.45696,-40.86704,0.06613,0.00168,0.34936
8036.01,SYN.BTC-11MAR20,1583837944280,open,0.01,180.7,0.0005,0.034,0.01354328,57.24,0.0155,0.0,BTC-11MAR20-8000-C,8036.24,49.21,0.012,26.5,0.015,44.0,64.8,1.54665,-44.26603,0.10712,0.00174,0.56915
8036.01,SYN.BTC-11MAR20,1583837944282,open,0.0,26.1,0.0005,0.024,0.00635907,56.1,0.005,0.0,BTC-11MAR20-8125-C,8036.24,48.51,0.005,52.0,0.0075,52.0,62.34,1.45696,-40.86704,0.06613,0.00168,0.34936
203.59,ETH-27MAR20,1583837944306,open,0.01,6009.0,0.0005,0.0285,0.010204,88.81,0.01,0.0,ETH-27MAR20-260-C,203.46,85.9,0.009,600.0,0.011,1.0,90.66,0.08652,-0.22767,0.01014,0.00508,0.11797
203.59,ETH-27MAR20,1583837944306,open,0.0,14.0,0.0005,0.0105,0.000562,113.63,0.0015,0.0,ETH-27MAR20-380-C,203.46,0.0,0.0,0.0,0.0015,301.0,127.97,0.00908,-0.03056,0.00065,0.00042,0.00751
203.59,ETH-27MAR20,1583837944306,open,0.0,238.0,0.0005,0.011,0.001232,105.91,0.002,0.0,ETH-27MAR20-340-C,203.46,94.79,0.0005,149.0,0.0025,306.0,117.2,0.01776,-0.05572,0.00141,0.00087,0.01625
8036.01,SYN.BTC-11MAR20,1583837944317,open,0.0,38.5,0.0005,0.0105,0.00025836,83.7,0.0005,0.0,BTC-11MAR20-7375-P,8036.24,0.0,0.0,0.0,0.001,40.3,105.62,0.16798,-2.07615,-0.00337,0.00013,-0.01724
8036.01,SYN.BTC-11MAR20,1583837944317,open,0.0,22.2,0.0005,0.0105,8.493e-05,84.84,0.0005,0.0,BTC-11MAR20-7250-P,8036.24,0.0,0.0,0.0,0.0005,40.0,108.26,0.06939,-0.68251,-0.00122,5e-05,-0.00625
8036.01,SYN.BTC-11MAR20,1583837944317,open,0.0,66.3,0.0005,0.0105,0.00071672,82.89,0.001,0.0,BTC-11MAR20-7500-P,8036.24,77.51,0.0005,0.2,0.001,40.0,88.68,0.3574,-5.75954,-0.00836,0.00028,-0.04267
8036.01,SYN.BTC-11MAR20,1583837944317,open,0.0,63.5,0.0005,0.012,0.000999,74.37,0.001,0.0,BTC-11MAR20-8500-C,8036.24,64.7,0.0005,80.5,0.0015,60.0,81.7,0.49249,-8.02798,0.01213,0.00043,0.0639
8036.01,SYN.BTC-11MAR20,1583837944317,open,0.0,92.0,0.0005,0.0105,0.00040665,75.41,0.0005,0.0,BTC-11MAR20-8625-C,8036.24,0.0,0.0,0.0,0.001,60.0,89.09,0.25994,-3.26786,0.0055,0.00022,0.02894
8035.97,SYN.BTC-12MAR20,1583837944317,open,0.0,0.0005,0.0125,0.00158421,67.33,None,0.0,BTC-12MAR20-8625-C,8036.24,60.88,0.001,40.0,0.0025,40.0,75.38,0.81327,-12.73063,0.03021,0.00036,0.07474
8035.97,SYN.BTC-12MAR20,1583837944317,open,0.6,0.0005,0.013,0.00171492,68.47,0.003,0.0,BTC-12MAR20-7500-P,8036.24,60.59,0.001,60.0,0.0025,40.0,75.44,0.82581,-13.78105,-0.0322,0.00036,-0.07625
8035.97,SYN.BTC-12MAR20,1583837944317,open,0.6,0.0005,0.0105,0.0009198,70.97,0.002,0.0,BTC-12MAR20-7375-P,8036.24,63.49,0.0005,68.1,0.0015,40.0,78.61,0.53041,-7.39148,-0.01831,0.00023,-0.04341
8035.97,SYN.BTC-12MAR20,1583837944317,open,12.6,0.0005,0.0155,0.00261784,64.69,0.0035,0.0,BTC-12MAR20-8500-C,8036.24,60.07,0.002,41.1,0.0035,60.0,70.56,1.13564,-19.58321,0.04746,0.00053,0.11754
8035.97,SYN.BTC-12MAR20,1583837944317,open,0.4,0.0005,0.0105,0.00072041,78.73,0.0015,0.0,BTC-12MAR20-7250-P,8036.24,73.97,0.0005,0.1,0.001,40.0,83.65,0.41361,-5.78922,-0.01352,0.00016,-0.03201
8035.69,SYN.BTC-20MAR20,1583837944441,open,0.04,187.1,0.0205,0.0665,0.04123203,59.54,0.038,0.0,BTC-20MAR20-8000-C,8036.24,56.13,0.039,48.0,0.0425,18.0,61.48,5.2497,-15.8259,1.07923,0.0005,0.53761
8035.69,SYN.BTC-20MAR20,1583837944444,open,0.02,338.7,0.004,0.035,0.01497367,62.67,0.0205,0.0,BTC-20MAR20-7500-P,8036.24,60.73,0.014,24.0,0.016,28.0,64.68,4.06678,-12.90353,-0.54461,0.00037,-0.23552
8035.69,SYN.BTC-20MAR20,1583837944446,open,0.05,228.1,0.017,0.063,0.0368629,59.65,0.0375,0.0,BTC-20MAR20-8000-P,8036.24,57.57,0.0355,28.0,0.0385,4.0,62.16,5.2497,-15.85553,-1.08546,0.0005,-0.46238
8035.94,SYN.BTC-13MAR20,1583837944448,open,0.05,223.8,0.0155,0.0625,0.03685505,58.23,0.036,0.0,BTC-13MAR20-8250-P,8036.24,55.5,0.036,18.0,0.038,4.0,61.83,2.53252,-25.63937,-0.45727,0.00085,-0.68539
203.47,SYN.ETH-13MAR20,1583837944453,open,0.0,395.0,0.0005,0.0275,0.007349,90.49,0.005,0.0,ETH-13MAR20-220-C,203.46,84.49,0.006,240.0,0.009,604.0,97.52,0.04667,-0.73428,0.0027,0.01581,0.17566
204.89,SYN.ETH-24APR20,1583837944463,open,0.04,656.0,0.012,0.057,0.03098,86.34,0.027,0.0,ETH-24APR20-160-P,203.46,84.03,0.029,488.0,0.033,192.0,88.61,0.17935,-0.17253,-0.04974,0.00402,-0.16645
203.53,SYN.ETH-20MAR20,1583837944465,open,0.0,278.0,0.0005,0.02,0.005457,87.4,0.004,0.0,ETH-20MAR20-250-C,203.46,83.58,0.0045,611.0,0.006,1.0,89.45,0.05308,-0.2349,0.0045,0.00542,0.08716
203.6,ETH-27MAR20,1583837944478,open,0.0,960.0,0.0005,0.012,0.002457,113.06,0.0005,0.0,ETH-27MAR20-130-P,203.46,104.16,0.0015,300.0,0.0035,312.0,120.61,0.02524,-0.08456,-0.00255,0.00116,-0.0246
8035.97,SYN.BTC-12MAR20,1583837944479,open,12.6,0.0005,0.0155,0.00261784,64.69,0.0035,0.0,BTC-12MAR20-8500-C,8036.24,60.07,0.002,41.1,0.0035,60.5,70.56,1.13564,-19.58321,0.04746,0.00053,0.11754
203.47,SYN.ETH-13MAR20,1583837944482,open,0.03,158.0,0.0115,0.074,0.041913,92.93,0.0315,0.0,ETH-13MAR20-200-C,203.46,84.58,0.039,190.0,0.0445,281.0,100.61,0.06983,-1.12833,0.00893,0.02304,0.59871
203.53,SYN.ETH-20MAR20,1583837944483,open,0.04,126.0,0.0155,0.0745,0.043182,86.56,0.035,0.0,ETH-20MAR20-210-C,203.46,82.47,0.0405,180.0,0.046,308.0,90.95,0.1321,-0.57894,0.02191,0.01361,0.44097
203.53,SYN.ETH-20MAR20,1583837944505,open,0.08,1.0,0.0605,0.1305,0.096319,89.92,0.085,0.0,ETH-20MAR20-190-C,203.46,84.1,0.093,97.0,0.1005,289.0,97.3,0.1155,-0.52581,0.03353,0.01146,0.70509
203.53,SYN.ETH-20MAR20,1583837944506,open,0.0,17.0,0.0005,0.0105,0.000693,93.95,0.005,0.0,ETH-20MAR20-290-C,203.46,0.0,0.0,0.0,0.0025,323.0,113.67,0.01152,-0.0548,0.0007,0.00109,0.01342
204.89,SYN.ETH-24APR20,1583837944510,open,0.12,121.0,0.088,0.167,0.127938,83.92,0.1255,0.0,ETH-24APR20-200-C,203.46,81.43,0.1245,277.0,0.132,268.0,86.93,0.27918,-0.26104,0.11657,0.00645,0.59066
203.6,ETH-27MAR20,1583837944516,open,0.04,2354.0,0.016,0.073,0.042064,84.89,0.043,0.0,ETH-27MAR20-220-C,203.46,81.72,0.0395,291.0,0.045,200.0,88.5,0.16522,-0.41554,0.03082,0.01016,0.3695
203.53,SYN.ETH-20MAR20,1583837944520,open,0.06,76.0,0.0325,0.1,0.066054,87.59,0.053,0.0,ETH-20MAR20-200-C,203.46,82.89,0.063,197.0,0.07,482.0,93.76,0.13108,-0.58132,0.02812,0.01335,0.57673
204.89,SYN.ETH-24APR20,1583837944521,open,0.18,237.0,0.1165,0.212,0.162955,84.9,0.1675,0.0,ETH-24APR20-220-P,203.46,81.3,0.158,327.0,0.1665,159.0,87.4,0.28545,-0.27003,-0.17607,0.00651,-0.53591
203.53,SYN.ETH-20MAR20,1583837944524,open,0.09,184.0,0.039,0.114,0.074961,86.68,0.076,0.0,ETH-20MAR20-210-P,203.46,81.27,0.0715,195.0,0.0785,397.0,92.05,0.1321,-0.57971,-0.03491,0.0136,-0.55889
203.6,ETH-27MAR20,1583837944528,open,0.14,2251.0,0.0815,0.1655,0.122614,84.93,0.131,0.0,ETH-27MAR20-220-P,203.46,78.55,0.1175,230.0,0.127,405.0,90.27,0.16524,-0.4158,-0.07089,0.01015,-0.63039
203.47,SYN.ETH-13MAR20,1583837944531,open,0.06,1.0,0.043,0.1105,0.077497,101.51,0.2465,0.0,ETH-13MAR20-190-C,203.46,87.49,0.074,95.0,0.0805,60.0,113.15,0.05209,-0.91941,0.01142,0.01573,0.78972
203.6,ETH-27MAR20,1583837944532,open,0.08,4578.0,0.0315,0.1005,0.063708,85.08,0.06,0.0,ETH-27MAR20-200-P,203.46,80.64,0.06,440.0,0.067,457.0,88.95,0.17156,-0.43245,-0.04601,0.01052,-0.42505
204.89,SYN.ETH-24APR20,1583837944536,open,0.42,10.0,0.3435,0.455,0.397173,89.6,0.45,0.0,ETH-24APR20-280-P,203.46,70.89,0.381,173.0,1.3875,1.0,500.0,0.20192,-0.20158,-0.30128,0.00437,-0.7987
8035.53,BTC-27MAR20,1583837944537,open,0.0,1836.1,0.0005,0.013,0.00319458,82.58,0.0035,0.0,BTC-27MAR20-6000-P,8036.24,81.54,0.003,30.0,0.0035,37.9,84.14,1.53319,-3.75131,-0.16594,6e-05,-0.04147
203.47,SYN.ETH-13MAR20,1583837944538,open,0.1,0.0,0.089,0.152,0.120584,113.61,None,0.0,ETH-13MAR20-180-C,203.46,0.0,0.0205,37.0,0.2215,37.0,474.96,0.03233,-0.63866,0.01245,0.00872,0.89724
203.53,SYN.ETH-20MAR20,1583837944539,open,0.06,344.0,0.019,0.0835,0.048701,87.7,0.06,0.0,ETH-20MAR20-200-P,203.46,83.44,0.046,189.0,0.0505,23.0,90.43,0.13108,-0.58203,-0.02599,0.01334,-0.42329
203.47,SYN.ETH-13MAR20,1583837944541,open,0.07,483.0,0.0175,0.0865,0.050499,88.97,0.0625,0.0,ETH-13MAR20-210-P,203.46,81.19,0.048,180.0,0.055,362.0,102.21,0.06752,-1.04451,-0.01108,0.02327,-0.64069
203.47,SYN.ETH-13MAR20,1583837944543,open,0.0,759.0,0.0005,0.0105,0.000734,92.48,0.0005,0.0,ETH-13MAR20-240-C,203.46,0.0,0.0,0.0,0.002,47.0,110.21,0.01034,-0.1493,0.00038,0.00343,0.0244
204.89,SYN.ETH-24APR20,1583837944546,open,0.02,407.0,0.004,0.0375,0.016043,93.19,0.014,0.0,ETH-24APR20-320-C,203.46,91.64,0.015,555.0,0.017,1.0,94.59,0.13933,-0.14467,0.0249,0.0029,0.11486
203.47,SYN.ETH-13MAR20,1583837944558,open,0.21,93.0,0.1455,0.219,0.180247,94.48,0.212,0.0,ETH-13MAR20-240-P,203.46,0.0,0.007,43.0,1.181,25.0,500.0,0.01126,-0.18492,-0.01849,0.00365,-0.973
203.47,SYN.ETH-13MAR20,1583837944569,open,0.16,464.0,0.098,0.1715,0.132773,91.69,0.13,0.0,ETH-13MAR20-230-P,203.46,0.0,0.006,49.0,0.185,2.0,286.05,0.02464,-0.39283,-0.01702,0.00824,-0.92853
203.47,SYN.ETH-13MAR20,1583837944574,open,0.03,158.0,0.0115,0.074,0.041913,92.93,0.0315,0.0,ETH-13MAR20-200-C,203.46,84.58,0.039,190.0,0.0445,285.0,100.61,0.06983,-1.12833,0.00893,0.02304,0.59871
203.53,SYN.ETH-20MAR20,1583837944576,open,0.04,126.0,0.0155,0.0745,0.043182,86.56,0.035,0.0,ETH-20MAR20-210-C,203.46,82.47,0.0405,180.0,0.046,311.0,90.95,0.1321,-0.57894,0.02191,0.01361,0.44097
204.89,SYN.ETH-24APR20,1583837944580,open,0.12,121.0,0.088,0.167,0.127938,83.92,0.1255,0.0,ETH-24APR20-200-C,203.46,81.43,0.1245,277.0,0.132,270.0,86.93,0.27918,-0.26104,0.11657,0.00645,0.59066
203.53,SYN.ETH-20MAR20,1583837944583,open,0.06,76.0,0.0325,0.1,0.066054,87.59,0.053,0.0,ETH-20MAR20-200-C,203.46,82.89,0.063,197.0,0.07,483.0,93.76,0.13108,-0.58132,0.02812,0.01335,0.57673
203.53,SYN.ETH-20MAR20,1583837944585,open,0.09,184.0,0.039,0.114,0.074961,86.68,0.076,0.0,ETH-20MAR20-210-P,203.46,81.27,0.0715,195.0,0.0785,396.0,92.05,0.1321,-0.57971,-0.03491,0.0136,-0.55889
203.47,SYN.ETH-13MAR20,1583837944592,open,0.1,0.0,0.089,0.152,0.120584,113.61,None,0.0,ETH-13MAR20-180-C,203.46,0.0,0.0205,37.0,0.221,37.0,473.36,0.03233,-0.63866,0.01245,0.00872,0.89724
8035.53,BTC-27MAR20,1583837944597,open,0.0,1836.1,0.0005,0.013,0.00319458,82.58,0.0035,0.0,BTC-27MAR20-6000-P,8036.24,81.54,0.003,30.0,0.0035,38.0,84.14,1.53319,-3.75131,-0.16594,6e-05,-0.04147
203.47,SYN.ETH-13MAR20,1583837944599,open,0.21,93.0,0.1455,0.219,0.180247,94.48,0.212,0.0,ETH-13MAR20-240-P,203.46,0.0,0.007,43.0,1.1815,25.0,500.0,0.01126,-0.18492,-0.01849,0.00365,-0.973
203.47,SYN.ETH-13MAR20,1583837944612,open,0.21,93.0,0.1455,0.219,0.180247,94.48,0.212,0.0,ETH-13MAR20-240-P,203.46,0.0,0.007,18.0,1.1815,25.0,500.0,0.01126,-0.18492,-0.01849,0.00365,-0.973
203.47,SYN.ETH-13MAR20,1583837944622,open,0.16,464.0,0.098,0.1715,0.132773,91.69,0.13,0.0,ETH-13MAR20-230-P,203.46,0.0,0.006,24.0,0.185,2.0,286.05,0.02464,-0.39283,-0.01702,0.00824,-0.92853
204.9,SYN.ETH-24APR20,1583837944733,open,0.02,1031.0,0.004,0.032,0.014536,90.42,0.0145,0.0,ETH-24APR20-140-P,203.46,88.52,0.0135,300.0,0.0155,240.0,92.13,0.11369,-0.11453,-0.02556,0.00244,-0.08693
204.9,SYN.ETH-24APR20,1583837944733,open,0.17,0.0,0.142,0.2195,0.181744,84.54,None,0.0,ETH-24APR20-180-C,203.46,79.21,0.1755,253.0,0.1905,253.0,91.92,0.2415,-0.22748,0.13581,0.00553,0.72084
8415.4,BTC-25SEP20,1583837944840,open,3.36,0.0,3.198,3.3995,3.29023521,98.77,None,0.0,BTC-25SEP20-36000-P,8036.24,0.0,0.001,0.1,4.5,0.1,500.0,6.57459,-1.6326,-194.3499,2e-05,-0.94835
203.53,SYN.ETH-20MAR20,1583837944867,open,0.13,213.0,0.0685,0.15,0.108365,87.12,0.125,0.0,ETH-20MAR20-220-P,203.46,80.37,0.1045,187.0,0.1115,180.0,92.33,0.11952,-0.52721,-0.04349,0.01224,-0.68128
203.47,SYN.ETH-13MAR20,1583837944868,open,0.16,464.0,0.098,0.1715,0.132773,91.69,0.13,0.0,ETH-13MAR20-230-P,203.46,0.0,0.006,49.0,0.185,2.0,286.05,0.02464,-0.39283,-0.01702,0.00824,-0.92853
203.46,SYN.ETH-11MAR20,1583837944869,open,0.02,203.0,0.0005,0.038,0.010809,93.35,0.0095,0.0,ETH-11MAR20-200-P,203.46,80.22,0.0085,355.0,0.013,20.0,105.2,0.03673,-1.71467,-0.00174,0.03962,-0.34544
203.47,SYN.ETH-13MAR20,1583837944873,open,0.07,483.0,0.0175,0.0865,0.050499,88.97,0.0625,0.0,ETH-13MAR20-210-P,203.46,81.19,0.048,180.0,0.055,345.0,102.21,0.06752,-1.04451,-0.01108,0.02327,-0.64069
203.47,SYN.ETH-13MAR20,1583837944875,open,0.16,464.0,0.098,0.1715,0.132773,91.69,0.13,0.0,ETH-13MAR20-230-P,203.46,0.0,0.006,24.0,0.185,2.0,286.05,0.02464,-0.39283,-0.01702,0.00824,-0.92853
203.47,SYN.ETH-12MAR20,1583837944879,open,1.0,0.0195,0.0845,0.052718,96.02,0.034,0.0,ETH-12MAR20-195-C,203.46,79.6,0.049,30.0,0.056,17.0,110.15,0.04705,-1.2044,0.00722,0.02303,0.74273
212.05,SYN.ETH-25SEP20,1583837944933,open,0.01,288.0,0.0005,0.016,0.006239,98.78,0.007,0.0,ETH-25SEP20-60-P,203.46,96.42,0.0055,5.0,0.007,250.0,101.01,0.06943,-0.01724,-0.02806,0.00029,-0.01804
203.53,SYN.ETH-20MAR20,1583837944977,open,0.13,213.0,0.0685,0.15,0.108365,87.12,0.125,0.0,ETH-20MAR20-220-P,203.46,80.37,0.1045,188.0,0.1115,180.0,92.33,0.11952,-0.52721,-0.04349,0.01224,-0.68128
203.53,SYN.ETH-20MAR20,1583837944981,open,0.17,177.0,0.106,0.1895,0.146633,87.16,0.2,0.0,ETH-20MAR20-230-P,203.46,0.0,0.011,55.0,1.147,25.0,500.0,0.09845,-0.43446,-0.05118,0.01008,-0.78261
203.53,SYN.ETH-20MAR20,1583837944983,open,0.01,16.0,0.0005,0.0285,0.009814,98.21,0.019,0.0,ETH-20MAR20-170-P,203.46,93.97,0.0085,598.0,0.011,40.0,101.79,0.06539,-0.32513,-0.00693,0.00594,-0.11601
203.6,ETH-27MAR20,1583837944986,open,0.22,2076.0,0.1565,0.2465,0.20006,87.31,0.223,0.0,ETH-27MAR20-240-P,203.46,75.37,0.193,200.0,0.2355,12.0,136.18,0.12862,-0.33274,-0.09254,0.00769,-0.78296
8035.55,BTC-27MAR20,1583837944991,open,0.01,597.1,0.0005,0.0255,0.0092254,66.47,0.008,0.0,BTC-27MAR20-9500-C,8035.81,64.89,0.0085,37.2,0.01,30.0,68.09,3.76419,-7.41268,0.46977,0.00019,0.13567
8035.55,BTC-27MAR20,1583837944991,open,0.33,0.1,0.2825,0.344,0.31070429,76.17,0.1395,0.0,BTC-27MAR20-10500-P,8035.81,0.0,0.24,0.1,0.3835,0.1,197.23,2.069,-4.66918,-4.64515,9e-05,-0.9396
8035.55,BTC-27MAR20,1583837944991,open,0.0,267.4,0.0005,0.012,0.00201597,84.76,0.002,0.0,BTC-27MAR20-11500-C,8035.81,80.94,0.0015,70.0,0.0025,32.0,87.82,1.18698,-2.98097,0.10526,5e-05,0.03035
8245.06,BTC-26JUN20,1583837944991,open,0.41,0.0,0.348,0.4485,0.3934499,71.62,None,0.0,BTC-26JUN20-11000-P,8035.81,0.0,0.0005,0.1,1.391,5.0,500.0,15.40776,-5.11445,-26.82548,0.00011,-0.70739
8035.55,BTC-27MAR20,1583837944991,open,0.0,810.3,0.0005,0.0155,0.00399465,76.1,0.004,0.0,BTC-27MAR20-10500-C,8035.81,74.11,0.0035,35.0,0.0045,30.0,78.01,2.06443,-4.65501,0.20893,9e-05,0.06023
8245.06,BTC-26JUN20,1583837944992,open,0.01,843.5,0.0005,0.016,0.00571886,79.36,0.008,0.0,BTC-26JUN20-4000-P,8035.81,77.3,0.005,61.0,0.0065,30.0,81.45,2.9851,-1.09807,-0.85173,2e-05,-0.02923
8035.55,BTC-27MAR20,1583837944992,open,0.01,1870.4,0.0045,0.036,0.01602153,62.84,0.0165,0.0,BTC-27MAR20-9000-C,8035.81,62.02,0.0155,4.0,0.0165,0.1,63.59,5.11951,-9.53191,0.75881,0.00027,0.22026
8245.06,BTC-26JUN20,1583837944992,open,0.63,34.7,0.6285,0.6495,0.63831233,90.79,0.708,0.0,BTC-26JUN20-3000-C,8035.81,0.0,0.0,0.0,0.0,0.0,0.0,1.28429,-0.54046,8.54893,1e-05,0.98913
8035.55,BTC-27MAR20,1583837944992,open,0.0,898.4,0.0005,0.0105,0.0,97.48,0.0005,0.0,BTC-27MAR20-40000-C,8035.81,0.0,0.0,0.0,0.0005,40.1,251.49,0.0,0.0,0.0,0.0,0.0
8414.97,BTC-25SEP20,1583837944992,open,0.06,562.8,0.037,0.1155,0.06862125,75.44,0.069,0.0,BTC-25SEP20-14000-C,8035.81,74.97,0.0675,4.0,0.07,23.1,76.01,20.24592,-3.83978,8.88781,7e-05,0.26247
8245.06,BTC-26JUN20,1583837944992,open,0.02,527.4,0.006,0.0445,0.01859008,82.19,0.018,0.0,BTC-26JUN20-16000-C,8035.81,81.06,0.0175,24.0,0.0195,25.0,83.11,8.08127,-3.07852,2.07568,5e-05,0.10377
8035.55,BTC-27MAR20,1583837944992,open,0.0,920.3,0.0005,0.0105,0.00072145,98.44,0.001,0.0,BTC-27MAR20-5000-P,8035.81,93.87,0.0005,45.0,0.001,30.0,103.0,0.43854,-1.27904,-0.03781,1e-05,-0.00946
8245.06,BTC-26JUN20,1583837944992,open,0.01,1162.2,0.0005,0.0285,0.00897062,94.8,0.009,0.0,BTC-26JUN20-22000-C,8035.81,93.01,0.008,24.0,0.01,74.0,96.58,4.61012,-2.02573,0.99558,2e-05,0.04983
8035.55,BTC-27MAR20,1583837944992,open,0.0,374.5,0.0005,0.0105,5e-08,97.14,0.001,0.0,BTC-27MAR20-22000-C,8035.81,0.0,0.0,0.0,0.0005,40.0,169.13,0.0001,-0.00029,0.0,0.0,0.0
8035.55,BTC-27MAR20,1583837944992,open,0.08,16.5,0.067,0.118,0.0912593,61.79,0.085,0.0,BTC-27MAR20-7500-C,8035.81,57.23,0.088,34.6,0.096,34.6,68.27,5.80705,-10.6312,2.3393,0.00031,0.72091
8035.55,BTC-27MAR20,1583837944992,open,0.0,2147.6,0.0005,0.0105,3.554e-05,96.72,0.0005,0.0,BTC-27MAR20-16000-C,8035.81,0.0,0.0,0.0,0.0005,46.8,122.1,0.04018,-0.11513,0.00235,0.0,0.00067
8414.97,BTC-25SEP20,1583837944992,open,0.27,17.1,0.2375,0.3185,0.27468788,66.9,0.279,0.0,BTC-25SEP20-7000-C,8035.81,64.97,0.27,10.6,0.279,10.6,68.67,20.45086,-3.43984,20.98062,8e-05,0.73228
8245.06,BTC-26JUN20,1583837944992,open,0.02,564.0,0.0045,0.031,0.01423317,71.83,0.017,0.0,BTC-26JUN20-5000-P,8035.81,70.82,0.0135,12.0,0.015,29.0,72.87,6.01613,-2.00306,-2.05178,4e-05,-0.06997
8414.97,BTC-25SEP20,1583837944992,open,0.06,267.2,0.036,0.095,0.06017353,66.95,0.0691,0.0,BTC-25SEP20-6000-P,8035.81,65.81,0.058,4.9,0.0615,4.9,67.65,16.05732,-2.70286,-10.81883,6e-05,-0.17579
8414.97,BTC-25SEP20,1583837944992,open,0.13,423.3,0.0985,0.1905,0.13953406,69.53,0.1385,0.0,BTC-25SEP20-10000-C,8035.81,68.67,0.137,14.6,0.1415,0.5,70.2,24.70195,-4.31831,15.07303,9e-05,0.46828
8414.97,BTC-25SEP20,1583837944992,open,0.34,1.5,0.3155,0.384,0.34704664,66.89,0.3975,0.0,BTC-25SEP20-6000-C,8035.81,50.6,0.318,4.0,0.3695,4.0,78.33,16.05158,-2.69952,21.88274,6e-05,0.82431
8244.63,BTC-26JUN20,1583837944993,open,0.01,1563.1,0.001,0.032,0.01092948,90.92,0.01,0.0,BTC-26JUN20-20000-C,8035.81,89.46,0.01,24.0,0.012,51.1,92.5,5.41414,-2.28148,1.22196,3e-05,0.06108
8414.97,BTC-25SEP20,1583837944993,open,0.53,710.2,0.5215,0.558,0.53732432,71.38,0.5425,0.0,BTC-25SEP20-4000-C,8035.81,0.0,0.5245,4.0,0.5465,4.0,82.49,6.09333,-1.09345,19.06044,2e-05,0.95304
8035.55,BTC-27MAR20,1583837944993,open,0.05,816.6,0.031,0.08,0.05362274,60.07,0.0485,0.0,BTC-27MAR20-8000-C,8035.81,58.76,0.0525,43.1,0.0545,0.1,61.1,6.85939,-12.20847,1.80475,0.00038,0.5394
8035.55,BTC-27MAR20,1583837944993,open,0.0,2206.3,0.0005,0.019,0.00567208,70.63,0.0055,0.0,BTC-27MAR20-10000-C,8035.81,68.58,0.005,78.6,0.006,30.0,71.59,2.71839,-5.68869,0.2994,0.00013,0.08626
8414.97,BTC-25SEP20,1583837944993,open,0.54,272.8,0.4645,0.588,0.52041498,72.19,0.55,0.0,BTC-25SEP20-12000-P,8035.81,0.0,0.238,0.1,0.55,0.6,82.82,22.87881,-4.15227,-53.90557,8e-05,-0.65527
8035.55,BTC-27MAR20,1583837944993,open,0.0,242.0,0.0005,0.0105,0.0,97.38,0.0005,0.0,BTC-27MAR20-28000-C,8035.81,0.0,0.0,0.0,0.0005,55.0,203.15,0.0,0.0,0.0,0.0,0.0
8244.63,BTC-26JUN20,1583837944993,open,0.51,21.6,0.5075,0.5375,0.52057988,79.43,0.612,0.0,BTC-26JUN20-4000-C,8035.81,0.0,0.0005,0.1,1.0,0.1,500.0,2.99235,-1.10164,10.96756,2e-05,0.97068
8414.97,BTC-25SEP20,1583837944993,open,0.01,965.0,0.003,0.028,0.01274224,71.48,0.0135,0.0,BTC-25SEP20-4000-P,8035.81,70.44,0.012,8.0,0.0135,6.0,72.51,6.1102,-1.09805,-2.74501,2e-05,-0.04713
8035.55,BTC-27MAR20,1583837944993,open,0.0,428.4,0.0005,0.0105,0.0,97.47,0.0005,0.0,BTC-27MAR20-36000-C,8035.81,0.0,0.0,0.0,0.0005,40.0,237.43,0.0,0.0,0.0,0.0,0.0
8414.97,BTC-25SEP20,1583837944993,open,0.01,386.6,0.004,0.0405,0.01397825,94.71,0.0125,0.0,BTC-25SEP20-32000-C,8035.81,93.56,0.013,2.0,0.015,26.0,95.86,7.32623,-1.74442,2.07547,2e-05,0.05924
8244.63,BTC-26JUN20,1583837944993,open,0.21,126.8,0.189,0.259,0.22127645,66.5,0.204,0.0,BTC-26JUN20-7000-C,8035.81,63.23,0.2155,21.6,0.224,14.1,68.03,14.63078,-4.50952,12.56118,0.00011,0.73678
8035.55,BTC-27MAR20,1583837944993,open,0.0,1064.2,0.0005,0.013,0.00298356,81.53,0.0025,0.0,BTC-27MAR20-11000-C,8035.81,78.99,0.0025,30.0,0.0035,95.5,83.98,1.61481,-3.90053,0.1532,7e-05,0.04422
8035.55,BTC-27MAR20,1583837944993,open,0.0,268.8,0.0005,0.0105,0.0,97.44,0.0005,0.0,BTC-27MAR20-32000-C,8035.81,0.0,0.0,0.0,0.0005,40.3,221.5,0.0,0.0,0.0,0.0,0.0
8244.63,BTC-26JUN20,1583837944993,open,0.4,14.3,0.3885,0.4315,0.40781606,71.88,0.518,0.0,BTC-26JUN20-5000-C,8035.81,0.0,0.005,100.0,1.0,0.1,500.0,6.02322,-2.00672,12.72216,4e-05,0.92992
8035.12,BTC-27MAR20,1583837944994,open,0.0,1371.1,0.0005,0.0105,2.176e-05,99.34,0.0005,0.0,BTC-27MAR20-4000-P,8035.81,0.0,0.0,0.0,0.001,45.2,145.87,0.02339,-0.06886,-0.00147,0.0,-0.00037
8035.12,BTC-27MAR20,1583837944994,open,0.0,847.3,0.0005,0.0105,3.86e-06,96.85,0.0005,0.0,BTC-27MAR20-18000-C,8035.81,0.0,0.0,0.0,0.001,55.6,150.79,0.00567,-0.01628,0.00029,0.0,8e-05
8244.63,BTC-26JUN20,1583837944994,open,0.01,664.5,0.004,0.0385,0.01445965,87.45,0.015,0.0,BTC-26JUN20-18000-C,8035.81,86.88,0.014,1.0,0.015,50.7,88.11,6.66784,-2.70274,1.59872,4e-05,0.08007
8036.01,SYN.BTC-11MAR20,1583837944991,open,0.08,0.0,0.0795,0.116,0.09782859,72.25,None,0.0,BTC-11MAR20-7250-C,8035.81,0.0,0.0825,2.0,0.1095,2.0,239.82,0.02171,-0.78432,0.17361,2e-05,0.99828
8244.63,BTC-26JUN20,1583837944994,open,0.3,72.7,0.2795,0.337,0.30577634,67.83,0.44,0.0,BTC-26JUN20-6000-C,8035.81,47.16,0.2835,5.0,0.3315,5.0,86.82,10.34503,-3.2525,13.31617,8e-05,0.85226
8244.63,BTC-26JUN20,1583837944994,open,0.01,1125.3,0.0005,0.024,0.00672274,102.08,0.0065,0.0,BTC-26JUN20-26000-C,8035.81,100.36,0.006,24.0,0.0075,67.0,103.81,3.5894,-1.69832,0.72706,2e-05,0.03656
8035.12,BTC-27MAR20,1583837944994,open,0.0,882.1,0.0005,0.0105,0.00010631,96.63,0.0005,0.0,BTC-27MAR20-15000-C,8035.81,0.0,0.0,0.0,0.0005,30.0,112.22,0.10269,-0.29399,0.00653,0.0,0.00186
8414.97,BTC-25SEP20,1583837944994,open,0.01,321.2,0.0015,0.036,0.01147391,97.61,0.01,0.0,BTC-25SEP20-36000-C,8035.81,96.27,0.0105,6.0,0.0125,26.0,98.95,6.27752,-1.54049,1.70886,2e-05,0.04874
8244.63,BTC-26JUN20,1583837944994,open,0.01,1643.5,0.0005,0.026,0.00767202,98.57,0.0075,0.0,BTC-26JUN20-24000-C,8035.81,97.16,0.007,24.0,0.0085,74.0,100.21,4.03223,-1.84225,0.84084,2e-05,0.04218
8035.12,BTC-27MAR20,1583837944994,open,0.0,221.1,0.0005,0.0105,0.0,97.46,0.0005,0.0,BTC-27MAR20-34000-C,8035.81,0.0,0.0,0.0,0.0005,40.0,229.74,0.0,0.0,0.0,0.0,0.0
8035.12,BTC-27MAR20,1583837944994,open,0.0,2383.4,0.0005,0.0105,0.00031436,96.55,0.001,0.0,BTC-27MAR20-14000-C,8035.81,0.0,0.0,0.0,0.001,30.0,110.16,0.25322,-0.72438,0.01769,1e-05,0.00508
8244.63,BTC-26JUN20,1583837944994,open,0.04,830.9,0.022,0.0805,0.04491155,73.77,0.045,0.0,BTC-26JUN20-12000-C,8035.81,73.22,0.044,4.0,0.046,45.4,74.42,13.64461,-4.66534,4.5356,9e-05,0.23105
8035.12,BTC-27MAR20,1583837944994,open,0.01,894.3,0.0005,0.0185,0.00587567,73.4,0.006,0.0,BTC-27MAR20-6500-P,8035.81,72.17,0.0055,30.0,0.0065,31.9,75.35,2.50665,-5.45109,-0.30961,0.00011,-0.07747
8244.63,BTC-26JUN20,1583837944994,open,0.0,530.7,0.0005,0.0205,0.00519753,107.74,0.0045,0.0,BTC-26JUN20-30000-C,8035.81,105.64,0.0045,24.0,0.006,51.8,109.94,2.87278,-1.4346,0.55363,1e-05,0.02792
8035.12,BTC-27MAR20,1583837944994,open,0.03,1728.2,0.0095,0.0475,0.02461985,61.78,0.024,0.0,BTC-27MAR20-7500-P,8035.81,60.22,0.0235,68.2,0.0255,24.0,62.99,5.80783,-10.6307,-1.12868,0.00031,-0.27919
8035.12,BTC-27MAR20,1583837944994,open,0.0,574.2,0.0005,0.0115,0.00164082,91.22,0.0035,0.0,BTC-27MAR20-5500-P,8035.81,89.89,0.0015,30.0,0.002,70.0,94.31,0.87672,-2.36942,-0.08463,3e-05,-0.02114
8035.12,BTC-27MAR20,1583837944994,open,0.39,300.4,0.343,0.406,0.37191236,81.23,0.4375,0.0,BTC-27MAR20-11000-P,8035.81,0.0,0.18,0.1,0.55,0.1,338.26,1.59512,-3.83898,-4.93488,7e-05,-0.95645
8035.94,SYN.BTC-13MAR20,1583837944992,open,0.0,344.0,0.0005,0.0105,2.6e-07,84.31,0.001,0.0,BTC-13MAR20-11000-C,8035.81,0.0,0.0,0.0,0.0005,31.0,150.79,0.0005,-0.00208,1e-05,0.0,2e-05
8414.97,BTC-25SEP20,1583837944995,open,0.04,253.8,0.017,0.0785,0.03907513,79.94,0.0365,0.0,BTC-25SEP20-18000-C,8035.81,79.06,0.0375,4.9,0.0405,20.0,80.73,15.12849,-3.04069,5.5557,5e-05,0.16025
8035.12,BTC-27MAR20,1583837944995,open,0.0,154.1,0.0005,0.0105,0.0,97.42,0.0005,0.0,BTC-27MAR20-30000-C,8035.81,0.0,0.0,0.0,0.0005,40.0,212.68,0.0,0.0,0.0,0.0,0.0
8035.12,BTC-27MAR20,1583837944995,open,0.0,944.3,0.0005,0.0105,4.2e-07,97.0,0.0005,0.0,BTC-27MAR20-20000-C,8035.81,0.0,0.0,0.0,0.001,67.0,167.18,0.00076,-0.0022,4e-05,0.0,1e-05
8035.12,BTC-27MAR20,1583837944994,open,0.0,527.6,0.0005,0.0105,0.0,97.34,0.0005,0.0,BTC-27MAR20-26000-C,8035.81,0.0,0.0,0.0,0.0005,55.0,192.83,0.0,-1e-05,0.0,0.0,0.0
8244.63,BTC-26JUN20,1583837944994,open,0.0,350.3,0.0005,0.012,0.00216642,90.79,0.002,0.0,BTC-26JUN20-3000-P,8035.81,86.0,0.0015,49.0,0.003,49.1,95.6,1.28423,-0.54041,-0.31755,1e-05,-0.01087
8035.12,BTC-27MAR20,1583837944994,open,0.0,156.1,0.0005,0.0105,0.00015155,98.74,0.001,0.0,BTC-27MAR20-4500-P,8035.81,0.0,0.0,0.0,0.001,40.0,123.3,0.12326,-0.36059,-0.00903,0.0,-0.00228
8035.12,BTC-27MAR20,1583837944995,open,0.43,38.8,0.429,0.452,0.44012897,99.91,0.5475,0.0,BTC-27MAR20-4500-C,8035.81,0.0,0.33,0.1,0.0,0.0,0.0,0.13448,-0.39808,2.07061,0.0,0.99749
8035.12,BTC-27MAR20,1583837944995,open,0.25,32.8,0.239,0.2765,0.25650614,82.74,0.3395,0.0,BTC-27MAR20-6000-C,8035.81,0.0,0.2405,5.0,0.2715,5.0,129.7,1.54204,-3.78039,2.60692,6e-05,0.95823
8035.12,BTC-27MAR20,1583837944995,open,0.13,563.8,0.118,0.1655,0.14040441,65.91,0.1265,0.0,BTC-27MAR20-7000-C,8035.81,45.16,0.132,5.0,0.1615,5.0,101.76,3.99705,-7.80585,2.64263,0.0002,0.85174
8035.94,SYN.BTC-13MAR20,1583837944991,open,0.42,3.0,0.373,0.4305,0.40006478,134.88,0.241,0.0,BTC-13MAR20-11250-P,8035.81,0.0,0.0,0.0,0.0,0.0,0.0,0.0648,-1.51961,-0.88453,1e-05,-0.99702
8035.12,BTC-27MAR20,1583837944995,open,0.0,329.6,0.0005,0.0105,1e-08,97.26,0.0005,0.0,BTC-27MAR20-24000-C,8035.81,0.0,0.0,0.0,0.0005,40.0,181.55,1e-05,-4e-05,0.0,0.0,0.0
8035.94,SYN.BTC-13MAR20,1583837944992,open,0.3,1.0,0.251,0.303,0.27562375,101.17,0.3,0.0,BTC-13MAR20-10250-P,8035.81,0.0,0.205,0.1,0.0,0.0,0.0,0.08161,-1.43551,-0.80519,2e-05,-0.99615
8035.69,SYN.BTC-20MAR20,1583837944992,open,0.0,286.4,0.0005,0.0155,0.00378191,68.82,0.0035,0.0,BTC-20MAR20-9500-C,8035.81,65.35,0.003,50.0,0.0045,34.3,71.7,1.91835,-6.68446,0.16028,0.00016,0.0775
8035.94,SYN.BTC-13MAR20,1583837944992,open,0.0,630.5,0.0005,0.0105,0.00036271,72.85,0.0005,0.0,BTC-13MAR20-9250-C,8035.81,0.0,0.0,0.0,0.001,30.0,85.31,0.28595,-2.91471,0.00992,8e-05,0.01603
8035.94,SYN.BTC-13MAR20,1583837944991,open,0.0,271.1,0.0005,0.0105,0.00043524,91.9,0.001,0.0,BTC-13MAR20-6750-P,8035.81,93.78,0.0005,30.0,0.001,0.1,104.7,0.26524,-3.49758,-0.00957,6e-05,-0.01469
8036.01,SYN.BTC-11MAR20,1583837944991,open,0.01,86.0,0.0005,0.0215,0.0043907,61.0,0.005,0.0,BTC-11MAR20-7875-P,8035.81,58.44,0.004,0.1,0.005,32.0,64.91,1.2357,-35.28373,-0.04796,0.00131,-0.24438
8036.01,SYN.BTC-11MAR20,1583837944991,open,0.04,0.6,0.032,0.073,0.05199295,68.89,0.0375,0.0,BTC-11MAR20-7625-C,8035.81,0.0,0.034,2.0,0.064,2.0,169.0,0.4559,-15.70362,0.17161,0.00043,0.94211
8036.01,SYN.BTC-11MAR20,1583837944991,open,0.07,0.0,0.064,0.102,0.08244587,80.09,None,0.0,BTC-11MAR20-7375-C,8035.81,0.0,0.066,2.0,0.0945,2.0,218.31,0.13728,-5.49742,0.17427,0.00011,0.98637
8035.94,SYN.BTC-13MAR20,1583837944992,open,0.0,599.3,0.0005,0.0105,0.0009773,71.27,0.001,0.0,BTC-13MAR20-9000-C,8035.81,63.65,0.0005,52.0,0.0015,32.7,77.37,0.6054,-7.50215,0.02424,0.00017,0.03926
8035.94,SYN.BTC-13MAR20,1583837944992,open,0.0,334.6,0.0005,0.0135,0.00204603,78.53,0.002,0.0,BTC-13MAR20-7250-P,8035.81,73.32,0.0015,30.0,0.003,64.7,86.19,0.9082,-12.4014,-0.04267,0.00023,-0.06535
8099.95,SYN.BTC-24APR20,1583837944992,open,0.28,14.5,0.227,0.301,0.26090708,67.08,0.272,0.0,BTC-24APR20-10000-P,8035.81,57.91,0.252,12.0,0.285,17.6,88.28,8.36966,-6.25542,-10.38406,0.00015,-0.78181
8035.69,SYN.BTC-20MAR20,1583837944991,open,0.0,84.6,0.0005,0.011,0.00149271,77.0,0.001,0.0,BTC-20MAR20-10250-C,8035.81,72.25,0.001,53.4,0.002,30.0,80.97,0.93817,-3.65755,0.06539,7e-05,0.03157
8035.69,SYN.BTC-20MAR20,1583837944992,open,0.36,0.0,0.312,0.37,0.33879463,83.99,None,0.0,BTC-20MAR20-10750-P,8035.81,0.0,0.0005,0.1,1.0,0.1,500.0,0.66188,-2.81459,-2.86555,5e-05,-0.97919
8035.94,SYN.BTC-13MAR20,1583837944992,open,0.0,522.2,0.0005,0.013,0.0020322,66.32,0.002,0.0,BTC-13MAR20-8750-C,8035.81,61.91,0.0015,50.1,0.0025,30.0,69.74,1.04308,-12.0275,0.04827,0.00031,0.07828
8035.94,SYN.BTC-13MAR20,1583837944992,open,0.08,391.0,0.039,0.088,0.06222715,61.74,0.0635,0.0,BTC-13MAR20-8500-P,8035.81,55.71,0.061,2.0,0.0645,4.0,71.55,1.73087,-18.57917,-0.57163,0.00055,-0.84065
8035.94,SYN.BTC-13MAR20,1583837944992,open,0.12,0.1,0.1115,0.1515,0.13014988,89.5,0.118,0.0,BTC-13MAR20-7000-C,8035.81,0.0,0.1185,17.0,0.1455,3.0,182.73,0.58673,-9.13022,0.5268,0.00013,0.96222
8035.94,SYN.BTC-13MAR20,1583837944992,open,0.0,283.4,0.0005,0.011,0.00130126,90.37,0.0015,0.0,BTC-13MAR20-7000-P,8035.81,86.06,0.001,30.0,0.002,58.3,98.57,0.604,-9.49055,-0.02561,0.00013,-0.03915
8035.69,SYN.BTC-20MAR20,1583837944992,open,0.07,7.4,0.058,0.107,0.08156973,62.53,0.071,0.0,BTC-20MAR20-7500-C,8035.81,52.05,0.0765,14.4,0.085,14.4,69.17,4.06286,-12.86333,1.48568,0.00037,0.7649
8035.69,SYN.BTC-20MAR20,1583837944992,open,0.42,0.0,0.373,0.4325,0.40069855,90.04,None,0.0,BTC-20MAR20-11250-P,8035.81,0.0,0.0005,0.1,1.0,0.1,500.0,0.47123,-2.14823,-3.01499,3e-05,-0.98602
8035.94,SYN.BTC-13MAR20,1583837944992,open,0.36,0.0,0.312,0.367,0.33784055,118.14,None,0.0,BTC-13MAR20-10750-P,8035.81,0.0,0.0,0.0,0.0,0.0,0.0,0.06993,-1.4363,-0.84496,1e-05,-0.99676
8035.94,SYN.BTC-13MAR20,1583837944992,open,0.01,504.8,0.0005,0.0255,0.00780908,60.31,0.007,0.0,BTC-13MAR20-7750-P,8035.81,57.35,0.007,44.0,0.0085,4.4,62.79,2.22166,-23.29659,-0.15743,0.00072,-0.24085
8036.01,SYN.BTC-11MAR20,1583837944992,open,0.09,0.1,0.0525,0.098,0.07378057,77.74,0.089,0.0,BTC-11MAR20-8625-P,8035.81,0.0,0.059,2.0,0.089,2.0,211.07,0.28979,-11.26471,-0.20066,0.00024,-0.967
8035.69,SYN.BTC-20MAR20,1583837944992,open,0.24,0.0,0.1905,0.2465,0.2161732,72.18,None,0.0,BTC-20MAR20-9750-P,8035.81,0.0,0.193,2.0,0.2405,2.0,137.73,1.53937,-5.62588,-2.51745,0.00012,-0.9417
8035.94,SYN.BTC-13MAR20,1583837944992,open,0.2,21.3,0.1595,0.2085,0.1824204,79.68,0.2175,0.0,BTC-13MAR20-9500-P,8035.81,0.0,0.163,2.0,0.203,2.0,211.68,0.18806,-2.60554,-0.74236,5e-05,-0.99012
8099.95,SYN.BTC-24APR20,1583837944992,open,0.39,0.0,0.339,0.4145,0.37361434,71.45,None,0.0,BTC-24APR20-11000-P,8035.81,0.0,0.2705,5.0,0.471,5.0,156.32,6.21197,-4.94494,-12.32043,0.00011,-0.86354
8035.94,SYN.BTC-13MAR20,1583837944992,open,0.0,199.1,0.0005,0.0105,9.23e-06,82.25,0.001,0.0,BTC-13MAR20-10250-C,8035.81,0.0,0.0,0.0,0.001,20.0,133.88,0.01241,-0.07419,0.0003,0.0,0.00049
8035.69,SYN.BTC-20MAR20,1583837944992,open,0.0,91.5,0.0005,0.013,0.00274808,71.72,0.002,0.0,BTC-20MAR20-9750-C,8035.81,67.39,0.002,50.0,0.0035,36.3,75.45,1.51292,-5.49338,0.11801,0.00012,0.05703
8035.94,SYN.BTC-13MAR20,1583837944992,open,0.0,715.3,0.0005,0.0105,6.009e-05,78.08,0.0005,0.0,BTC-13MAR20-9750-C,8035.81,0.0,0.0,0.0,0.0005,30.0,99.78,0.06395,-0.48288,0.00182,2e-05,0.00293
8035.69,SYN.BTC-20MAR20,1583837944992,open,0.01,31.0,0.0005,0.0155,0.00390008,74.45,0.0065,0.0,BTC-20MAR20-6750-P,8035.81,72.56,0.0035,30.0,0.0045,32.9,77.11,1.75084,-6.59953,-0.15802,0.00013,-0.06878
8036.01,SYN.BTC-11MAR20,1583837944992,open,0.05,0.0,0.048,0.0885,0.06734809,81.28,None,0.0,BTC-11MAR20-7500-C,8035.81,0.0,0.05,2.0,0.079,2.0,192.4,0.33733,-13.70861,0.17215,0.00027,0.96027
8035.94,SYN.BTC-13MAR20,1583837944992,open,0.0,110.9,0.0005,0.0105,9.3e-07,83.95,0.001,0.0,BTC-13MAR20-10750-C,8035.81,0.0,0.0,0.0,0.0005,20.0,141.3,0.0016,-0.0075,3e-05,0.0,5e-05
8035.97,SYN.BTC-12MAR20,1583837944991,open,20.0,0.0005,0.017,0.00313242,66.2,0.003,0.0,BTC-12MAR20-7625-P,8035.81,65.31,0.003,0.1,0.0035,40.0,68.58,1.21374,-21.41773,-0.05467,0.00055,-0.12924
8035.69,SYN.BTC-20MAR20,1583837944992,open,0.05,30.6,0.0365,0.085,0.05947383,60.78,0.058,0.0,BTC-20MAR20-7750-C,8035.81,57.49,0.0575,4.0,0.0605,4.0,62.48,4.84394,-14.9063,1.30535,0.00046,0.65986
8035.94,SYN.BTC-13MAR20,1583837944992,open,0.39,3.0,0.3425,0.399,0.36895242,126.59,0.2135,0.0,BTC-13MAR20-11000-P,8035.81,0.0,0.0,0.0,0.0,0.0,0.0,0.06703,-1.47547,-0.86476,1e-05,-0.99691
8035.97,SYN.BTC-12MAR20,1583837944992,open,0.0,0.0795,0.119,0.09846028,77.38,None,0.0,BTC-12MAR20-7250-C,8035.81,0.0,0.082,2.0,0.11,2.0,166.57,0.39024,-8.05001,0.35998,0.00015,0.97016
8035.69,SYN.BTC-20MAR20,1583837944992,open,0.0,113.0,0.0005,0.0105,0.00091565,82.76,0.0005,0.0,BTC-20MAR20-10750-C,8035.81,76.26,0.0005,50.0,0.0015,50.0,89.17,0.61942,-2.59553,0.03985,4e-05,0.01925
8035.69,SYN.BTC-20MAR20,1583837944992,open,0.0,142.4,0.0005,0.0105,0.00088766,87.82,0.0005,0.0,BTC-20MAR20-11000-C,8035.81,81.38,0.0005,30.0,0.001,30.0,89.31,0.57942,-2.57613,0.03676,4e-05,0.01779
8035.94,SYN.BTC-13MAR20,1583837944991,open,0.01,145.0,0.0005,0.03,0.01014093,57.99,0.0095,0.0,BTC-13MAR20-8250-C,8035.81,54.33,0.009,57.8,0.011,27.5,60.7,2.52978,-25.50527,0.19227,0.00086,0.31382
8035.97,SYN.BTC-12MAR20,1583837944992,open,0.0,0.005,0.0465,0.02295051,58.55,None,0.0,BTC-12MAR20-8125-P,8035.81,51.49,0.021,24.0,0.024,24.0,62.32,2.23211,-34.83496,-0.25537,0.00115,-0.59543
8035.97,SYN.BTC-12MAR20,1583837944992,open,0.0,0.064,0.1035,0.08310346,69.92,None,0.0,BTC-12MAR20-7375-C,8035.81,0.0,0.066,2.0,0.095,2.0,151.69,0.50792,-9.46658,0.36165,0.00022,0.95886
8036.01,SYN.BTC-11MAR20,1583837944991,open,0.0,30.5,0.0005,0.0115,0.00091773,70.11,0.002,0.0,BTC-11MAR20-7625-P,8035.81,61.9,0.0005,63.3,0.0015,40.0,78.75,0.47535,-7.37486,-0.01195,0.00044,-0.06106
8035.69,SYN.BTC-20MAR20,1583837944992,open,0.0,238.1,0.0005,0.019,0.00534411,66.02,0.0065,0.0,BTC-20MAR20-9250-C,8035.81,63.13,0.0045,50.0,0.006,32.2,68.12,2.43932,-8.15301,0.2214,0.00021,0.10717
8099.95,SYN.BTC-24APR20,1583837944992,open,0.09,231.8,0.0655,0.1245,0.09252884,62.14,0.0885,0.0,BTC-24APR20-8000-C,8035.81,61.03,0.091,27.5,0.094,53.5,63.21,11.17565,-7.73775,4.71408,0.00022,0.56589
8035.94,SYN.BTC-13MAR20,1583837944992,open,0.0,347.2,0.0005,0.0105,7e-08,84.54,0.0005,0.0,BTC-13MAR20-11250-C,8035.81,0.0,0.0,0.0,0.0005,20.0,159.98,0.00015,-0.00054,0.0,0.0,0.0
8099.95,SYN.BTC-24APR20,1583837944992,open,0.16,2.4,0.1415,0.197,0.16766634,63.61,0.161,0.0,BTC-24APR20-7000-C,8035.81,60.05,0.164,23.1,0.1725,21.1,68.17,8.45022,-5.98856,6.07946,0.00016,0.77814
8099.95,SYN.BTC-24APR20,1583837944992,open,0.01,269.2,0.0005,0.023,0.00773691,82.43,0.007,0.0,BTC-24APR20-13000-C,8035.81,80.78,0.007,44.0,0.0085,37.9,84.05,3.72073,-3.41709,0.59816,6e-05,0.0678
8099.95,SYN.BTC-24APR20,1583837944992,open,0.09,408.1,0.053,0.114,0.08025829,62.19,0.0915,0.0,BTC-24APR20-8000-P,8035.81,61.28,0.079,18.3,0.0815,53.1,63.09,11.17558,-7.74394,-5.12221,0.00022,-0.43409
8035.69,SYN.BTC-20MAR20,1583837944992,open,0.01,477.3,0.0005,0.0255,0.00916907,65.23,0.008,0.0,BTC-20MAR20-7250-P,8035.81,63.51,0.0085,24.0,0.01,26.0,67.32,3.15819,-10.43064,-0.35832,0.00028,-0.15564
8035.69,SYN.BTC-20MAR20,1583837944991,open,0.27,0.0,0.2205,0.277,0.24654742,74.99,None,0.0,BTC-20MAR20-10000-P,8035.81,0.0,0.228,2.0,0.2665,2.0,136.98,1.21974,-4.63127,-2.6156,9e-05,-0.95647
8035.69,SYN.BTC-20MAR20,1583837944991,open,0.0,92.7,0.0005,0.0125,0.0025836,79.45,0.0025,0.0,BTC-20MAR20-6500-P,8035.81,75.49,0.002,30.0,0.003,30.0,81.98,1.26814,-5.1011,-0.10494,9e-05,-0.04568
8035.94,SYN.BTC-13MAR20,1583837944991,open,0.06,4.1,0.049,0.0925,0.07013308,66.71,0.0625,0.0,BTC-13MAR20-7500-C,8035.81,51.88,0.068,4.0,0.072,4.0,76.56,1.39286,-16.15455,0.51529,0.00041,0.88402
8035.97,SYN.BTC-12MAR20,1583837944992,open,0.0,0.048,0.09,0.06834237,67.79,None,0.0,BTC-12MAR20-7500-C,8035.81,0.0,0.0495,2.0,0.08,2.0,136.17,0.80946,-14.62802,0.35406,0.00036,0.92572
8035.69,SYN.BTC-20MAR20,1583837944992,open,0.39,0.0,0.3425,0.4015,0.36988011,89.16,None,0.0,BTC-20MAR20-11000-P,8035.81,0.0,0.0005,0.1,1.0,0.1,500.0,0.62173,-2.80644,-2.93636,4e-05,-0.98067
8099.95,SYN.BTC-24APR20,1583837944991,open,0.0,365.4,0.0005,0.012,0.00237022,113.0,0.0015,0.0,BTC-24APR20-20000-C,8035.81,110.55,0.002,24.0,0.003,57.0,116.63,1.29415,-1.6294,0.16184,1e-05,0.01862
8035.69,SYN.BTC-20MAR20,1583837944992,open,0.3,0.0,0.251,0.3075,0.27714476,77.79,None,0.0,BTC-20MAR20-10250-P,8035.81,0.0,0.18,0.1,1.0,0.1,500.0,0.97357,-3.83425,-2.70497,7e-05,-0.96698
8035.69,SYN.BTC-20MAR20,1583837944992,open,0.33,0.0,0.2815,0.339,0.30810628,82.65,None,0.0,BTC-20MAR20-10500-P,8035.81,0.0,0.21,0.1,1.0,0.1,500.0,0.86813,-3.63274,-2.78157,6e-05,-0.97125
8035.94,SYN.BTC-13MAR20,1583837944992,open,0.33,0.4,0.2815,0.335,0.30673016,109.59,0.155,0.0,BTC-13MAR20-10500-P,8035.81,0.0,0.21,0.1,0.0,0.0,0.0,0.07419,-1.41367,-0.82513,1e-05,-0.99654
8035.94,SYN.BTC-13MAR20,1583837944992,open,0.27,10.0,0.2205,0.2715,0.2445266,93.16,0.136,0.0,BTC-13MAR20-10000-P,8035.81,0.0,0.226,2.0,0.262,2.0,234.93,0.0961,-1.55661,-0.78501,2e-05,-0.99538
8035.69,SYN.BTC-20MAR20,1583837944992,open,0.01,370.8,0.0005,0.024,0.00788629,63.71,0.0065,0.0,BTC-20MAR20-9000-C,8035.81,61.36,0.007,60.7,0.0085,24.0,65.28,3.10541,-10.01666,0.31273,0.00028,0.15173
8035.69,SYN.BTC-20MAR20,1583837944992,open,0.46,0.0,0.4035,0.4635,0.43160398,90.9,None,0.0,BTC-20MAR20-11500-P,8035.81,0.0,0.0005,0.1,1.0,0.1,500.0,0.35538,-1.63553,-3.09062,2e-05,-0.9899
8035.69,SYN.BTC-20MAR20,1583837944992,open,0.01,258.7,0.0005,0.0195,0.0057452,68.99,0.005,0.0,BTC-20MAR20-7000-P,8035.81,66.37,0.005,50.0,0.0065,37.0,71.51,2.34634,-8.19584,-0.23334,0.00019,-0.10158
8035.94,SYN.BTC-13MAR20,1583837944992,open,0.03,478.8,0.0035,0.042,0.01821257,57.66,0.018,0.0,BTC-13MAR20-8000-P,8035.81,54.22,0.017,27.8,0.019,0.3,59.9,2.82742,-28.34707,-0.29957,0.00096,-0.45495
8035.69,SYN.BTC-20MAR20,1583837944992,open,0.0,206.5,0.0005,0.0105,0.00059264,88.2,0.001,0.0,BTC-20MAR20-11250-C,8035.81,0.0,0.0,0.0,0.001,50.0,94.62,0.42261,-1.88711,0.02551,3e-05,0.01233
8035.94,SYN.BTC-13MAR20,1583837944992,open,0.0,238.9,0.0005,0.0105,3.09e-06,83.32,0.0005,0.0,BTC-13MAR20-10500-C,8035.81,0.0,0.0,0.0,0.0005,2.8,131.49,0.0047,-0.02484,0.00011,0.0,0.00017
8036.01,SYN.BTC-11MAR20,1583837945061,open,0.0,26.1,0.0005,0.024,0.00635907,56.1,0.005,0.0,BTC-11MAR20-8125-C,8035.81,51.33,0.0055,32.0,0.0075,52.0,62.34,1.45696,-40.86704,0.06613,0.00168,0.34936
8414.97,BTC-25SEP20,1583837945182,open,0.09,456.3,0.058,0.1435,0.09420135,72.11,0.091,0.0,BTC-25SEP20-12000-C,8035.81,71.31,0.092,21.6,0.0965,4.0,72.96,22.86908,-4.14578,11.47052,8e-05,0.34433
8414.97,BTC-25SEP20,1583837945183,open,0.11,279.3,0.076,0.1665,0.1153497,71.3,0.1195,0.0,BTC-25SEP20-11000-C,8035.81,70.84,0.114,4.0,0.1165,0.5,71.72,24.04284,-4.31,13.18677,9e-05,0.40291
8414.97,BTC-25SEP20,1583837945185,open,0.02,286.3,0.005,0.046,0.01704261,90.84,0.015,0.0,BTC-25SEP20-28000-C,8035.81,89.81,0.016,6.0,0.018,20.0,91.78,8.56652,-1.95654,2.54243,2e-05,0.07249
8414.97,BTC-25SEP20,1583837945188,open,0.05,494.8,0.0245,0.0945,0.05112288,77.88,0.05,0.0,BTC-25SEP20-16000-C,8035.81,77.35,0.05,4.0,0.052,19.3,78.31,17.55449,-3.43716,6.97239,6e-05,0.20317
8414.97,BTC-25SEP20,1583837945189,open,0.13,423.3,0.0985,0.1905,0.13957683,69.53,0.1385,0.0,BTC-25SEP20-10000-C,8035.81,68.67,0.137,18.2,0.1415,0.5,70.2,24.70195,-4.31831,15.07303,9e-05,0.46828
8414.97,BTC-25SEP20,1583837945191,open,0.21,142.6,0.1755,0.264,0.21592712,66.91,0.2125,0.0,BTC-25SEP20-8000-C,8035.81,66.23,0.214,15.4,0.221,11.8,68.76,23.31351,-3.92168,19.28975,9e-05,0.63658
8035.97,SYN.BTC-12MAR20,1583837945202,open,1.0,0.0125,0.058,0.03366315,59.45,0.04,0.0,BTC-12MAR20-8250-P,8035.81,49.84,0.0315,8.0,0.035,8.0,64.71,1.92487,-30.5064,-0.313,0.00098,-0.72422
8035.97,SYN.BTC-12MAR20,1583837945204,open,1.0,0.0085,0.051,0.0287528,59.44,0.0165,0.0,BTC-12MAR20-7875-C,8035.81,54.62,0.0275,24.0,0.0305,19.5,66.45,2.03198,-32.19588,0.27314,0.00103,0.69012
8036.01,SYN.BTC-11MAR20,1583837945206,open,0.0,26.1,0.0005,0.024,0.00638675,56.1,0.005,0.0,BTC-11MAR20-8125-C,8035.81,48.51,0.005,52.0,0.0075,52.0,62.34,1.45696,-40.86704,0.06613,0.00168,0.34936
8036.01,SYN.BTC-11MAR20,1583837945208,open,0.0,26.1,0.0005,0.024,0.00638675,56.1,0.005,0.0,BTC-11MAR20-8125-C,8035.81,48.51,0.005,32.0,0.0075,52.0,62.34,1.45696,-40.86704,0.06613,0.00168,0.34936
8036.01,SYN.BTC-11MAR20,1583837945208,open,0.0,37.1,0.0005,0.018,0.00297865,59.57,0.0035,0.0,BTC-11MAR20-8250-C,8035.81,55.95,0.0025,0.1,0.0035,32.0,63.52,1.06037,-23.82432,0.03563,0.00115,0.18777
8035.69,SYN.BTC-20MAR20,1583837945209,open,0.02,77.2,0.005,0.0395,0.01844276,60.76,0.0175,0.0,BTC-20MAR20-8500-C,8035.81,58.28,0.017,28.0,0.0185,0.1,60.9,4.62517,-14.22777,0.62155,0.00044,0.30429
8036.01,SYN.BTC-11MAR20,1583837945211,open,0.0,26.1,0.0005,0.024,0.00638675,56.1,0.005,0.0,BTC-11MAR20-8125-C,8035.81,48.51,0.005,52.0,0.0075,52.0,62.34,1.45696,-40.86704,0.06613,0.00168,0.34936
203.53,SYN.ETH-20MAR20,1583837945242,open,0.06,344.0,0.019,0.0835,0.048701,87.7,0.06,0.0,ETH-20MAR20-200-P,203.46,83.44,0.046,189.0,0.051,23.0,91.2,0.13108,-0.58203,-0.02599,0.01334,-0.42329
8035.55,BTC-27MAR20,1583837945249,open,0.06,2013.8,0.027,0.077,0.0492057,60.09,0.0485,0.0,BTC-27MAR20-8000-P,8035.81,58.08,0.0475,55.3,0.0505,22.7,61.6,6.85939,-12.21182,-1.89407,0.00038,-0.4606
203.53,SYN.ETH-20MAR20,1583837945255,open,0.06,344.0,0.019,0.0835,0.048701,87.7,0.06,0.0,ETH-20MAR20-200-P,203.46,83.44,0.046,189.0,0.051,261.0,91.2,0.13108,-0.58203,-0.02599,0.01334,-0.42329
203.54,SYN.ETH-20MAR20,1583837945310,open,0.16,0.0,0.143,0.206,0.174564,98.07,None,0.0,ETH-20MAR20-170-C,203.46,0.0,0.0,0.0,0.0,0.0,0.0,0.06525,-0.32397,0.03909,0.00594,0.88434
203.54,SYN.ETH-20MAR20,1583837945310,open,0.12,274.0,0.0985,0.1665,0.132972,93.35,0.1185,0.0,ETH-20MAR20-180-C,203.46,69.79,0.1235,216.0,0.1435,216.0,115.52,0.0909,-0.42961,0.03728,0.00869,0.80984
203.54,SYN.ETH-20MAR20,1583837945310,open,0.04,292.0,0.008,0.0595,0.029834,90.02,0.053,0.0,ETH-20MAR20-190-P,203.46,85.89,0.0275,260.0,0.032,296.0,93.82,0.11551,-0.52644,-0.01789,0.01145,-0.29494
203.54,SYN.ETH-20MAR20,1583837945310,open,0.02,345.0,0.003,0.0415,0.017354,93.44,0.024,0.0,ETH-20MAR20-180-P,203.46,90.38,0.016,250.0,0.019,274.0,97.08,0.09096,-0.43034,-0.01144,0.00868,-0.19037
203.54,SYN.ETH-20MAR20,1583837945316,open,0.01,13.0,0.0005,0.0205,0.005938,106.17,0.008,0.0,ETH-20MAR20-160-P,203.46,101.81,0.005,300.0,0.007,320.0,110.72,0.04563,-0.24527,-0.00426,0.00383,-0.07137
203.54,SYN.ETH-20MAR20,1583837945316,open,0.36,0.0,0.2885,0.3745,0.328913,94.27,None,0.0,ETH-20MAR20-270-P,203.46,0.0,0.0,0.0,0.0,0.0,0.0,0.02915,-0.13915,-0.07095,0.00276,-0.95948
203.54,SYN.ETH-20MAR20,1583837945316,open,0.31,1.0,0.241,0.325,0.280831,90.2,0.091,0.0,ETH-20MAR20-260-P,203.46,0.0,0.0,0.0,0.0,0.0,0.0,0.03859,-0.17623,-0.06737,0.00382,-0.94247
203.54,SYN.ETH-20MAR20,1583837945316,open,0.0,309.0,0.0005,0.012,0.00234,93.81,0.003,0.0,ETH-20MAR20-270-C,203.46,87.04,0.0015,300.0,0.0035,612.0,101.09,0.02868,-0.13624,0.00206,0.00273,0.03972
203.54,SYN.ETH-20MAR20,1583837945319,open,0.46,0.0,0.3835,0.472,0.425531,95.15,None,0.0,ETH-20MAR20-290-P,203.46,0.0,0.0,0.0,0.0,0.0,0.0,0.01231,-0.05932,-0.07771,0.00115,-0.9855
203.54,SYN.ETH-20MAR20,1583837945319,open,0.01,592.0,0.0005,0.0285,0.009617,87.03,0.0075,0.0,ETH-20MAR20-240-C,203.46,83.9,0.0085,300.0,0.01,1.0,88.06,0.07459,-0.32864,0.00719,0.00765,0.14019
203.54,SYN.ETH-20MAR20,1583837945319,open,0.0,305.0,0.0005,0.015,0.003391,89.87,0.003,0.0,ETH-20MAR20-260-C,203.46,84.72,0.0025,600.0,0.0045,42.0,95.33,0.0382,-0.17382,0.00294,0.00379,0.0568
203.54,SYN.ETH-20MAR20,1583837945319,open,0.21,283.0,0.1485,0.2325,0.188793,87.18,0.074,0.0,ETH-20MAR20-240-P,203.46,0.0,0.0,0.0,0.0,0.0,0.0,0.07477,-0.33003,-0.05772,0.00765,-0.85931
203.54,SYN.ETH-20MAR20,1583837945319,open,0.26,41.0,0.194,0.2775,0.233765,87.63,0.1655,0.0,ETH-20MAR20-250-P,203.46,0.0,0.0,0.0,0.0,0.0,0.0,0.0534,-0.23691,-0.06311,0.00544,-0.91216
203.54,SYN.ETH-20MAR20,1583837945319,open,0.0,31.0,0.0005,0.0105,0.000367,94.04,0.0005,0.0,ETH-20MAR20-300-C,203.46,0.0,0.0,0.0,0.002,316.0,117.99,0.00697,-0.03317,0.0004,0.00066,0.00754
203.54,SYN.ETH-20MAR20,1583837945319,open,0.0,675.0,0.0005,0.0105,0.000192,94.16,0.0005,0.0,ETH-20MAR20-310-C,203.46,0.0,0.0,0.0,0.0015,300.0,120.73,0.00411,-0.01958,0.00022,0.00039,0.00416
203.54,SYN.ETH-20MAR20,1583837945319,open,0.0,2.0,0.0005,0.0105,0.0001,94.34,0.0005,0.0,ETH-20MAR20-320-C,203.46,0.0,0.0,0.0,0.0005,1.0,111.28,0.00238,-0.01137,0.00012,0.00023,0.00227
203.54,SYN.ETH-20MAR20,1583837945322,open,0.41,0.0,0.336,0.4225,0.376992,94.62,None,0.0,ETH-20MAR20-280-P,203.46,0.0,0.0,0.0,0.0,0.0,0.0,0.01914,-0.09169,-0.07449,0.0018,-0.97565
203.54,SYN.ETH-20MAR20,1583837945322,open,0.51,0.0,0.431,0.5215,0.474337,96.02,None,0.0,ETH-20MAR20-300-P,203.46,0.0,0.0,0.0,0.0,0.0,0.0,0.00792,-0.03851,-0.08071,0.00074,-0.99127
203.54,SYN.ETH-20MAR20,1583837945322,open,0.56,0.0,0.479,0.5715,0.523294,97.43,None,0.0,ETH-20MAR20-310-P,203.46,0.0,0.0,0.0,0.0,0.0,0.0,0.00524,-0.02584,-0.08359,0.00048,-0.99454
203.54,SYN.ETH-20MAR20,1583837945322,open,0.0,513.0,0.0005,0.011,0.001287,93.89,0.0025,0.0,ETH-20MAR20-280-C,203.46,82.46,0.0005,453.0,0.0025,307.0,104.55,0.01852,-0.08805,0.00122,0.00176,0.02342
203.54,SYN.ETH-20MAR20,1583837945322,open,0.2,0.0,0.1915,0.249,0.219821,105.99,None,0.0,ETH-20MAR20-160-C,203.46,0.0,0.0,0.0,0.0,0.0,0.0,0.04549,-0.24412,0.03905,0.00383,0.92891
203.54,SYN.ETH-20MAR20,1583837945324,open,0.61,0.0,0.5265,0.622,0.572334,99.58,None,0.0,ETH-20MAR20-320-P,203.46,0.0,0.0,0.0,0.0,0.0,0.0,0.00368,-0.01854,-0.08639,0.00033,-0.99632
203.47,SYN.ETH-13MAR20,1583837945451,open,0.03,158.0,0.0115,0.074,0.041913,92.93,0.0315,0.0,ETH-13MAR20-200-C,203.46,84.58,0.039,180.0,0.0445,285.0,100.61,0.06983,-1.12833,0.00893,0.02304,0.59871
204.89,SYN.ETH-24APR20,1583837945453,open,0.34,4.0,0.2595,0.368,0.312304,87.87,0.149,0.0,ETH-24APR20-260-P,203.46,72.81,0.296,172.0,1.2885,1.0,500.0,0.23664,-0.23168,-0.26311,0.00522,-0.73206
203.6,ETH-27MAR20,1583837945455,open,0.08,4578.0,0.0315,0.1005,0.063708,85.08,0.06,0.0,ETH-27MAR20-200-P,203.46,80.64,0.06,440.0,0.067,435.0,88.95,0.17156,-0.43245,-0.04601,0.01052,-0.42505
204.89,SYN.ETH-24APR20,1583837945456,open,0.42,10.0,0.3435,0.455,0.397173,89.6,0.45,0.0,ETH-24APR20-280-P,203.46,70.89,0.381,174.0,1.3875,1.0,500.0,0.20192,-0.20158,-0.30128,0.00437,-0.7987
204.89,SYN.ETH-24APR20,1583837945463,open,0.04,46.0,0.0175,0.0755,0.04334,87.77,0.0415,0.0,ETH-24APR20-260-C,203.46,86.19,0.0415,287.0,0.0455,197.0,89.65,0.23648,-0.23125,0.0565,0.00522,0.26759
203.47,SYN.ETH-13MAR20,1583837945465,open,0.11,579.0,0.0525,0.127,0.088569,90.92,0.099,0.0,ETH-13MAR20-220-P,203.46,78.55,0.086,60.0,0.0925,60.0,106.52,0.04687,-0.74095,-0.01462,0.01581,-0.82312
203.47,SYN.ETH-13MAR20,1583837945473,open,0.03,158.0,0.0115,0.074,0.041913,92.93,0.0315,0.0,ETH-13MAR20-200-C,203.46,84.58,0.039,180.0,0.0445,289.0,100.61,0.06983,-1.12833,0.00893,0.02304,0.59871
8035.69,SYN.BTC-20MAR20,1583837945505,open,0.02,77.2,0.005,0.0395,0.01844276,60.76,0.0175,0.0,BTC-20MAR20-8500-C,8035.81,58.28,0.017,48.0,0.0185,0.1,60.9,4.62517,-14.22777,0.62155,0.00044,0.30429
8036.01,SYN.BTC-11MAR20,1583837945529,open,0.01,180.7,0.0005,0.034,0.01357759,57.24,0.0155,0.0,BTC-11MAR20-8000-C,8035.81,49.21,0.012,26.5,0.0145,24.0,62.21,1.54665,-44.26603,0.10712,0.00174,0.56915
8035.97,SYN.BTC-12MAR20,1583837945532,open,1.0,0.0085,0.051,0.0287528,59.44,0.0165,0.0,BTC-12MAR20-7875-C,8035.81,54.62,0.0275,24.0,0.0305,43.5,66.45,2.03198,-32.19588,0.27314,0.00103,0.69012
8035.97,SYN.BTC-12MAR20,1583837945534,open,0.0,0.019,0.063,0.04063433,61.41,None,0.0,BTC-12MAR20-7750-C,8035.81,55.86,0.0395,8.0,0.0425,8.0,70.61,1.60797,-26.32154,0.31402,0.00079,0.80099
8036.01,SYN.BTC-11MAR20,1583837945536,open,0.05,5.0,0.0085,0.053,0.02960761,60.14,0.045,0.0,BTC-11MAR20-8250-P,8035.81,50.68,0.0285,8.0,0.031,8.0,69.61,1.06863,-32.13571,-0.16186,0.00115,-0.80986
8035.94,SYN.BTC-13MAR20,1583837945537,open,0.03,478.8,0.0035,0.0415,0.01817391,57.66,0.018,0.0,BTC-13MAR20-8000-P,8035.81,54.22,0.017,27.8,0.0195,5.8,61.32,2.82742,-28.34707,-0.29957,0.00096,-0.45495
8036.01,SYN.BTC-11MAR20,1583837945538,open,0.01,180.7,0.0005,0.034,0.01357759,57.24,0.0155,0.0,BTC-11MAR20-8000-C,8035.81,49.21,0.012,26.5,0.0145,44.0,62.21,1.54665,-44.26603,0.10712,0.00174,0.56915
8035.69,SYN.BTC-20MAR20,1583837945547,open,0.07,166.7,0.0315,0.0835,0.05506123,60.75,0.066,0.0,BTC-20MAR20-8250-P,8035.81,59.02,0.054,4.0,0.0565,4.0,62.92,5.1544,-15.85292,-1.39064,0.00049,-0.58451
8035.69,SYN.BTC-20MAR20,1583837945549,open,0.05,30.6,0.0365,0.085,0.05951346,60.78,0.058,0.0,BTC-20MAR20-7750-C,8035.81,57.49,0.0575,4.0,0.0605,22.0,62.48,4.84394,-14.9063,1.30535,0.00046,0.65986
8035.69,SYN.BTC-20MAR20,1583837945552,open,0.0,101.6,0.0005,0.011,0.00133732,81.75,0.001,0.0,BTC-20MAR20-10500-C,8035.81,70.96,0.0005,70.0,0.0015,30.0,83.23,0.83157,-3.44166,0.05644,6e-05,0.0273
203.59,ETH-27MAR20,1583837945714,open,1.41,0.0,1.289,1.431,1.357586,0.0,None,0.0,ETH-27MAR20-480-P,203.46,0.0,0.004,50.0,0.0,0.0,0.0,0.0,0.0,-0.22193,0.0,-1.0
212.06,SYN.ETH-25SEP20,1583837945712,open,0.02,151.0,0.0065,0.058,0.024913,104.76,0.027,0.0,ETH-25SEP20-800-C,203.46,103.16,0.023,300.0,0.027,200.0,106.44,0.25777,-0.06789,0.07718,0.001,0.09171
212.06,SYN.ETH-25SEP20,1583837945714,open,2.69,0.0,2.4885,2.7505,2.61145,104.02,None,0.0,ETH-25SEP20-760-P,203.46,0.0,0.0,0.0,0.0,0.0,0.0,0.27577,-0.07212,-4.05666,0.00108,-0.89947
207.83,ETH-26JUN20,1583837945716,open,1.77,0.0,1.621,1.814,1.711404,107.18,None,0.0,ETH-26JUN20-560-P,203.46,0.0,0.01,50.0,0.0,0.0,0.0,0.16684,-0.08288,-1.61675,0.00122,-0.92071
207.83,ETH-26JUN20,1583837945716,open,0.01,1216.0,0.004,0.042,0.016894,107.18,0.019,0.0,ETH-26JUN20-560-C,203.46,104.74,0.015,610.0,0.019,610.0,109.72,0.16684,-0.08288,0.03833,0.00122,0.07929
212.06,SYN.ETH-25SEP20,1583837945716,open,0.03,35.0,0.009,0.0665,0.030393,103.06,0.038,0.0,ETH-25SEP20-720-C,203.46,101.3,0.028,300.0,0.033,200.0,104.9,0.29436,-0.07627,0.09199,0.00117,0.11001
203.59,ETH-27MAR20,1583837945718,open,0.02,4823.0,0.005,0.046,0.021278,87.25,0.018,0.0,ETH-27MAR20-240-C,203.46,83.58,0.019,533.0,0.0235,541.0,90.72,0.12852,-0.33223,0.0184,0.00769,0.21676
207.83,ETH-26JUN20,1583837945718,open,0.03,1879.0,0.0095,0.062,0.029861,100.26,0.032,0.0,ETH-26JUN20-440-C,203.46,97.78,0.027,610.0,0.033,300.0,102.86,0.2452,-0.11395,0.06452,0.00192,0.13491
203.59,ETH-27MAR20,1583837945718,open,0.6,36.0,0.595,0.6185,0.607078,132.7,0.637,0.0,ETH-27MAR20-80-C,203.46,0.0,0.0005,100.0,0.0,0.0,0.0,0.00051,-0.00201,0.03696,2e-05,0.99968
207.83,ETH-26JUN20,1583837945718,open,0.01,2024.0,0.0015,0.032,0.01117,113.36,0.012,0.0,ETH-26JUN20-680-C,203.46,111.3,0.01,310.0,0.0125,301.0,115.54,0.12226,-0.06424,0.02576,0.00084,0.05311
203.59,ETH-27MAR20,1583837945718,open,0.0,12994.0,0.0005,0.0105,1e-06,115.07,0.0005,0.0,ETH-27MAR20-600-C,203.46,0.0,0.0,0.0,0.0005,50.0,179.64,2e-05,-7e-05,0.0,0.0,1e-05
212.06,SYN.ETH-25SEP20,1583837945718,open,2.31,0.0,2.126,2.37,2.240189,101.94,None,0.0,ETH-25SEP20-680-P,203.46,0.0,0.0,0.0,0.0,0.0,0.0,0.31414,-0.08051,-3.60456,0.00126,-0.87945
