underlying_price,underlying_index,timestamp,state,settlement_price,open_interest,min_price,max_price,mark_price,mark_iv,last_price,interest_rate,instrument_name,index_price,bid_iv,best_bid_price,best_bid_amount,best_ask_price,best_ask_amount,ask_iv,vega,theta,rho,gamma,delta
9910.4,SYN.BTC-21FEB20,1581332339986,open,0.01,151.1,0.0075,0.046,0.01739561,50.71,0.0175,0.0,BTC-21FEB20-9500-P,9841.35,49.22,0.0165,9.6,0.0175,2.0,50.89,5.9402,-13.84996,-0.9347,0.0004,-0.29914
9910.4,SYN.BTC-21FEB20,1581332339986,open,0.15,0.0,0.14,0.1965,0.16605464,66.45,None,0.0,BTC-21FEB20-11500-P,9841.35,0.0,0.1335,4.0,0.1835,4.0,106.01,3.16574,-9.67194,-3.12561,0.00016,-0.89242
9910.4,SYN.BTC-21FEB20,1581332339989,open,0.01,83.5,0.0005,0.0165,0.00420098,68.07,0.004,0.0,BTC-21FEB20-11750-C,9841.35,67.29,0.004,10.8,0.0045,0.4,69.19,2.59596,-8.12371,0.23034,0.00013,0.08221
9910.4,SYN.BTC-21FEB20,1581332339989,open,0.02,163.9,0.003,0.032,0.01279729,59.04,0.0135,0.0,BTC-21FEB20-10750-C,9841.35,57.5,0.012,12.6,0.0135,44.0,60.38,5.16336,-14.0158,0.63415,0.0003,0.22755
9910.4,SYN.BTC-21FEB20,1581332339989,open,0.11,0.3,0.0935,0.149,0.11941416,61.15,0.1065,0.0,BTC-21FEB20-11000-P,9841.35,0.0,0.088,5.0,0.1425,6.8,103.56,4.40661,-12.38937,-2.78938,0.00025,-0.8252
9910.4,SYN.BTC-21FEB20,1581332339989,open,0.05,46.3,0.037,0.09,0.05813163,55.14,0.0535,0.0,BTC-21FEB20-10250-P,9841.35,45.69,0.052,17.0,0.0565,3.0,52.65,6.51171,-16.50658,-2.00354,0.0004,-0.62036
9910.4,SYN.BTC-21FEB20,1581332339989,open,0.03,186.2,0.024,0.0735,0.03978812,50.73,0.0415,0.0,BTC-21FEB20-10000-P,9841.35,48.86,0.0385,18.3,0.041,22.2,52.49,6.81283,-15.88982,-1.66342,0.00046,-0.52352
9910.4,SYN.BTC-21FEB20,1581332339989,open,0.07,41.8,0.041,0.09,0.05875044,50.62,0.0605,0.0,BTC-21FEB20-9500-C,9841.35,51.04,0.059,3.0,0.082,7.0,87.58,5.93766,-13.81848,1.89696,0.0004,0.70115
9910.4,SYN.BTC-21FEB20,1581332339989,open,0.2,0.0,0.1885,0.245,0.21450963,72.02,None,0.0,BTC-21FEB20-12000-P,9841.35,0.0,0.1825,4.0,0.23,4.0,114.41,2.29322,-7.59264,-3.38011,0.00011,-0.93015
9910.4,SYN.BTC-21FEB20,1581332339991,open,0.05,55.9,0.0275,0.075,0.04326955,50.64,0.043,0.0,BTC-21FEB20-9750-C,9841.35,50.23,0.043,21.0,0.0475,26.2,56.93,6.64596,-15.47139,1.61773,0.00045,0.5911
9910.4,SYN.BTC-21FEB20,1581332339993,open,0.09,0.0,0.0585,0.107,0.07708372,50.85,None,0.0,BTC-21FEB20-9250-C,9841.35,0.0,0.0565,6.0,0.1,6.0,91.73,4.83774,-11.30903,2.12472,0.00033,0.79661
9910.4,SYN.BTC-21FEB20,1581332339993,open,0.13,0.0,0.1165,0.1725,0.1425645,64.15,None,0.0,BTC-21FEB20-11250-P,9841.35,0.0,0.1095,4.0,0.161,4.0,101.97,3.76933,-11.1161,-2.96661,0.0002,-0.86206
9910.4,SYN.BTC-21FEB20,1581332339993,open,0.07,1.7,0.053,0.108,0.07664707,56.54,0.057,0.0,BTC-21FEB20-10500-P,9841.35,41.99,0.0685,11.0,0.0785,11.0,59.63,5.88829,-15.307,-2.31269,0.00036,-0.70653
9910.4,SYN.BTC-21FEB20,1581332339993,open,0.01,51.2,0.0005,0.0225,0.00732681,63.97,0.007,0.0,BTC-21FEB20-11250-C,9841.35,61.74,0.0065,24.3,0.008,50.2,65.72,3.75585,-11.04615,0.38355,0.0002,0.13722
9865.96,SYN.BTC-14FEB20,1581332340017,open,0.0,316.1,0.0005,0.0105,0.00071013,91.38,0.0005,0.0,BTC-14FEB20-12000-C,9841.35,86.88,0.0005,31.2,0.001,3.0,96.35,0.51417,-6.0616,0.02131,5e-05,0.02106
220.46,SYN.ETH-14FEB20,1581332340017,open,0.03,2791.0,0.003,0.048,0.020766,91.95,0.017,0.0,ETH-14FEB20-230-C,219.88,84.6,0.018,728.0,0.022,266.0,95.2,0.08368,-0.99267,0.00758,0.01763,0.34475
9853.26,SYN.BTC-12FEB20,1581332340019,open,0.0,0.055,0.095,0.07459279,61.2,None,0.0,BTC-12FEB20-9125-C,9841.35,0.0,0.0,0.0,0.0,0.0,0.0,0.5861,-9.56153,0.44924,0.00019,0.96181
9853.26,SYN.BTC-12FEB20,1581332340019,open,0.0,0.068,0.1075,0.08723736,69.34,None,0.0,BTC-12FEB20-9000-C,9841.35,0.0,0.0,0.0,0.0,0.0,0.0,0.51167,-9.45704,0.44579,0.00015,0.96764
9865.96,SYN.BTC-14FEB20,1581332340019,open,0.28,0.1,0.2505,0.2795,0.26510233,0.0,0.274,0.0,BTC-14FEB20-7250-C,9841.35,0.0,0.2505,6.0,0.2805,6.0,266.39,0.0,0.0,0.76983,0.0,1.0
9865.96,SYN.BTC-14FEB20,1581332340019,open,0.0,191.4,0.0005,0.0105,3e-08,65.45,0.0005,0.0,BTC-14FEB20-7250-P,9841.35,0.0,0.0,0.0,0.0005,20.1,133.02,0.0001,-0.00028,0.0,0.0,0.0
221.52,SYN.ETH-21FEB20,1581332340019,open,0.01,516.0,0.001,0.026,0.008395,101.93,0.013,0.0,ETH-21FEB20-280-C,219.88,100.67,0.008,249.0,0.009,1.0,103.8,0.0704,-0.3299,0.0065,0.00472,0.10682
221.52,SYN.ETH-21FEB20,1581332340019,open,0.01,3.0,0.002,0.032,0.011347,98.61,0.012,0.0,ETH-21FEB20-270-C,219.88,95.02,0.01,365.0,0.013,639.0,102.78,0.08535,-0.38695,0.00853,0.00592,0.1406
220.46,SYN.ETH-14FEB20,1581332340021,open,0.02,1542.0,0.001,0.035,0.011614,97.48,0.012,0.0,ETH-14FEB20-240-C,219.88,91.97,0.01,596.0,0.013,526.0,102.03,0.06607,-0.83085,0.00472,0.01313,0.21328
9846.91,SYN.BTC-11FEB20,1581332340025,open,0.09,0.0,0.0545,0.092,0.07328265,0.0,None,0.0,BTC-11FEB20-9125-C,9841.35,0.0,0.0645,5.0,0.093,5.0,253.34,0.0,0.0,0.21892,0.0,1.0
9846.91,SYN.BTC-11FEB20,1581332340027,open,0.0,0.0,0.0005,0.0105,3.167e-05,58.14,None,0.0,BTC-11FEB20-9125-P,9841.35,0.0,0.0,0.0,0.001,50.0,95.9,0.05193,-0.31185,-0.00086,4e-05,-0.0036
9910.4,SYN.BTC-21FEB20,1581332340038,open,0.25,0.0,0.2375,0.295,0.26382583,77.55,None,0.0,BTC-21FEB20-12500-P,9841.35,0.0,0.0,0.0,0.0,0.0,0.0,1.70018,-6.06172,-3.59105,7e-05,-0.95226
9910.4,SYN.BTC-21FEB20,1581332340038,open,0.0,11.7,0.0005,0.012,0.00245061,77.12,0.0025,0.0,BTC-21FEB20-12500-C,9841.35,74.29,0.002,70.0,0.003,30.0,80.19,1.67163,-5.92658,0.13078,7e-05,0.04674
9910.4,SYN.BTC-21FEB20,1581332340050,open,0.0,86.3,0.0005,0.0135,0.00294565,74.43,0.0035,0.0,BTC-21FEB20-12250-C,9841.35,72.05,0.0025,65.8,0.0035,30.1,77.13,1.9421,-6.64546,0.15795,9e-05,0.05644
9910.4,SYN.BTC-21FEB20,1581332340050,open,0.22,0.0,0.213,0.27,0.23909336,74.8,None,0.0,BTC-21FEB20-12250-P,9841.35,0.0,0.0,0.0,0.0,0.0,0.0,1.96807,-6.76749,-3.48949,9e-05,-0.9426
9846.91,SYN.BTC-11FEB20,1581332340053,open,0.0,0.0,0.0005,0.0105,0.00012287,57.31,None,0.0,BTC-11FEB20-9250-P,9841.35,0.0,0.0,0.0,0.0005,0.3,71.44,0.15598,-1.20989,-0.00298,0.00012,-0.01249
9846.91,SYN.BTC-11FEB20,1581332340053,open,0.07,0.0,0.0415,0.08,0.06067865,52.3,None,0.0,BTC-11FEB20-9250-C,9841.35,0.0,0.0515,5.0,0.0815,5.0,236.75,0.09481,-2.47936,0.22024,8e-05,0.99293
240.2,SYN.ETH-25SEP20,1581332340240,open,0.27,226.0,0.21,0.345,0.276884,89.86,0.25,0.0,ETH-25SEP20-240-P,219.88,72.52,0.225,37.0,0.295,1.0,96.01,0.71062,-0.14012,-0.95635,0.0022,-0.36084
234.36,ETH-26JUN20,1581332340252,open,0.33,2942.0,0.281,0.372,0.327474,89.27,0.339,0.0,ETH-26JUN20-180-C,219.88,68.87,0.291,47.0,0.34,180.0,96.06,0.43021,-0.14029,0.39349,0.00234,0.7752
240.2,SYN.ETH-25SEP20,1581332340254,open,0.49,19.0,0.447,0.526,0.486813,91.22,0.505,0.0,ETH-25SEP20-140-C,219.88,69.23,0.452,52.0,0.505,42.0,101.67,0.40922,-0.08191,0.56918,0.00125,0.86636
234.36,ETH-26JUN20,1581332340256,open,0.45,533.0,0.41,0.478,0.443559,91.48,0.434,0.0,ETH-26JUN20-140-C,219.88,61.59,0.414,47.0,0.469,47.0,111.48,0.27875,-0.09315,0.38787,0.00148,0.8849
234.36,ETH-26JUN20,1581332340329,open,0.45,533.0,0.41,0.478,0.443559,91.48,0.434,0.0,ETH-26JUN20-140-C,219.88,61.59,0.414,47.0,0.47,47.0,112.22,0.27875,-0.09315,0.38787,0.00148,0.8849
226.8,ETH-27MAR20,1581332340383,open,0.0,1411.0,0.001,0.015,0.005428,107.71,0.006,0.0,ETH-27MAR20-120-P,219.89,101.55,0.004,448.0,0.007,890.0,113.53,0.05709,-0.06703,-0.01055,0.00082,-0.03159
226.8,ETH-27MAR20,1581332340383,open,0.0,2556.0,0.001,0.012,0.002866,114.64,0.002,0.0,ETH-27MAR20-560-C,219.89,109.34,0.002,417.0,0.004,565.0,120.15,0.04163,-0.05201,0.00535,0.00056,0.02165
234.36,ETH-26JUN20,1581332340383,open,0.67,0.0,0.65,0.678,0.663157,96.37,None,0.0,ETH-26JUN20-80-C,219.89,0.0,0.658,58.0,0.676,57.0,128.79,0.06099,-0.02147,0.28096,0.00031,0.98284
234.37,ETH-26JUN20,1581332340383,open,0.52,308.0,0.485,0.539,0.511397,93.01,0.505,0.0,ETH-26JUN20-120-C,219.89,54.66,0.49,50.0,0.534,49.0,116.59,0.19721,-0.06701,0.36603,0.00103,0.92786
226.8,ETH-27MAR20,1581332340384,open,0.15,210.0,0.111,0.206,0.157146,86.87,0.152,0.0,ETH-27MAR20-240-P,219.89,83.94,0.153,164.0,0.164,154.0,91.72,0.32063,-0.30358,-0.1907,0.00571,-0.51184
234.37,ETH-26JUN20,1581332340384,open,0.75,2.0,0.736,0.756,0.745808,104.16,0.749,0.0,ETH-26JUN20-60-C,219.89,60.65,0.744,1.0,0.751,64.0,130.97,0.02812,-0.0107,0.21722,0.00013,0.99296
226.8,ETH-27MAR20,1581332340384,open,0.0,6991.0,0.001,0.014,0.003892,111.8,0.004,0.0,ETH-27MAR20-520-C,219.89,107.68,0.003,478.0,0.005,560.0,116.15,0.05324,-0.06487,0.00717,0.00074,0.02903
226.8,ETH-27MAR20,1581332340384,open,0.01,2829.0,0.001,0.025,0.010519,98.86,0.01,0.0,ETH-27MAR20-140-P,219.89,95.15,0.009,665.0,0.012,571.0,102.25,0.09625,-0.10371,-0.02021,0.00151,-0.06037
226.8,ETH-27MAR20,1581332340384,open,0.0,1276.0,0.001,0.011,0.001781,124.37,0.001,0.0,ETH-27MAR20-90-P,219.89,114.73,0.001,537.0,0.003,300.0,134.96,0.02192,-0.02971,-0.00343,0.00027,-0.01026
226.8,ETH-27MAR20,1581332340384,open,0.0,3243.0,0.001,0.017,0.004904,106.94,0.005,0.0,ETH-27MAR20-480-C,219.89,103.58,0.004,694.0,0.006,10.0,110.54,0.06487,-0.07561,0.00912,0.00094,0.0369
226.8,ETH-27MAR20,1581332340384,open,0.01,672.0,0.001,0.019,0.007472,102.69,0.006,0.0,ETH-27MAR20-130-P,219.89,97.93,0.006,764.0,0.009,890.0,107.13,0.07425,-0.08309,-0.01455,0.00112,-0.04356
222.57,SYN.ETH-28FEB20,1581332340383,open,0.0,901.0,0.001,0.011,0.001006,112.05,0.001,0.0,ETH-28FEB20-130-P,219.89,111.95,0.001,636.0,0.003,397.0,133.2,0.0142,-0.0445,-0.0013,0.00052,-0.01094
226.8,ETH-27MAR20,1581332340384,open,0.0,14286.0,0.001,0.012,0.002139,117.11,0.002,0.0,ETH-27MAR20-600-C,219.89,107.06,0.001,523.0,0.004,450.0,127.37,0.0328,-0.04186,0.00405,0.00043,0.01636
240.2,SYN.ETH-25SEP20,1581332340383,open,0.0,813.0,0.001,0.015,0.005377,98.15,0.004,0.0,ETH-25SEP20-60-P,219.89,93.09,0.004,599.0,0.007,471.0,103.25,0.0709,-0.01527,-0.0302,0.0002,-0.01476
226.8,ETH-27MAR20,1581332340386,open,0.65,20.0,0.637,0.66,0.64803,124.06,0.625,0.0,ETH-27MAR20-80-C,219.89,0.0,0.639,55.0,0.654,55.0,174.5,0.01123,-0.01519,0.09896,0.00014,0.99519
222.57,SYN.ETH-28FEB20,1581332340385,open,0.06,1341.0,0.035,0.105,0.068071,84.09,0.062,0.0,ETH-28FEB20-220-P,219.89,79.43,0.064,466.0,0.071,466.0,87.45,0.19414,-0.45665,-0.05519,0.00952,-0.43821
240.2,SYN.ETH-25SEP20,1581332340383,open,0.68,1.0,0.663,0.699,0.679946,94.87,0.684,0.0,ETH-25SEP20-80-C,219.89,44.73,0.667,60.0,0.688,60.0,107.26,0.13892,-0.02892,0.43082,0.00041,0.96723
222.57,SYN.ETH-28FEB20,1581332340385,open,0.05,1662.0,0.019,0.077,0.04579,86.1,0.049,0.0,ETH-28FEB20-240-C,219.89,82.78,0.043,508.0,0.049,270.0,89.89,0.18783,-0.45234,0.03664,0.00899,0.38194
222.57,SYN.ETH-28FEB20,1581332340383,open,0.01,646.0,0.001,0.024,0.008493,94.49,0.009,0.0,ETH-28FEB20-170-P,219.89,89.84,0.007,1229.0,0.01,340.0,98.84,0.07446,-0.19681,-0.00984,0.00325,-0.08179
240.2,SYN.ETH-25SEP20,1581332340383,open,0.19,371.0,0.125,0.247,0.185906,91.05,0.18,0.0,ETH-25SEP20-320-C,219.89,89.49,0.181,275.0,0.191,280.0,92.67,0.75659,-0.15116,0.44771,0.00231,0.48446
240.2,SYN.ETH-25SEP20,1581332340385,open,0.31,566.0,0.251,0.366,0.309799,89.88,0.32,0.0,ETH-25SEP20-220-C,219.89,87.46,0.303,263.0,0.315,263.0,91.73,0.67517,-0.13315,0.5611,0.00209,0.68396
234.37,ETH-26JUN20,1581332340399,open,0.75,2.0,0.736,0.756,0.745808,104.16,0.749,0.0,ETH-26JUN20-60-C,219.89,0.0,0.743,1.0,0.751,64.0,130.97,0.02812,-0.0107,0.21722,0.00013,0.99296
9954.84,SYN.BTC-28FEB20,1581332340419,open,0.01,385.5,0.0005,0.0245,0.00866819,68.4,0.0095,0.0,BTC-28FEB20-12000-C,9841.35,66.89,0.008,11.5,0.0095,50.0,70.21,4.4915,-8.59313,0.55882,0.00014,0.12329
10342.75,BTC-26JUN20,1581332340444,open,0.23,583.8,0.1885,0.264,0.22331345,66.0,0.23,0.0,BTC-26JUN20-9000-C,9841.35,63.0,0.217,21.0,0.233,21.0,70.59,21.76673,-5.24809,18.78009,8e-05,0.70752
220.46,SYN.ETH-14FEB20,1581332340490,open,0.02,1542.0,0.001,0.035,0.011614,97.48,0.012,0.0,ETH-14FEB20-240-C,219.89,91.97,0.01,596.0,0.013,286.0,102.03,0.06607,-0.83085,0.00472,0.01313,0.21328
221.52,SYN.ETH-21FEB20,1581332340492,open,0.07,61.0,0.028,0.092,0.059573,81.78,0.057,0.0,ETH-21FEB20-220-C,219.89,82.41,0.06,180.0,0.067,445.0,92.65,0.15146,-0.5695,0.0322,0.01267,0.54748
221.52,SYN.ETH-21FEB20,1581332340494,open,0.02,215.0,0.004,0.044,0.019524,84.05,0.014,0.0,ETH-21FEB20-200-P,219.89,81.03,0.018,240.0,0.021,571.0,86.93,0.11281,-0.43592,-0.01572,0.00918,-0.21862
222.57,SYN.ETH-28FEB20,1581332340496,open,0.06,1341.0,0.035,0.105,0.068071,84.09,0.062,0.0,ETH-28FEB20-220-P,219.89,79.43,0.064,466.0,0.07,180.0,86.3,0.19414,-0.45665,-0.05519,0.00952,-0.43821
221.52,SYN.ETH-21FEB20,1581332340499,open,0.13,1.0,0.082,0.149,0.116664,84.05,0.114,0.0,ETH-21FEB20-200-C,219.89,82.74,0.116,60.0,0.123,85.0,96.11,0.11281,-0.43592,0.04387,0.00918,0.78138
222.57,SYN.ETH-28FEB20,1581332340501,open,0.02,250.0,0.005,0.046,0.021363,93.37,0.022,0.0,ETH-28FEB20-270-C,219.89,91.17,0.02,601.0,0.023,240.0,95.96,0.13907,-0.3632,0.01978,0.00614,0.20284
220.46,SYN.ETH-14FEB20,1581332340502,open,0.05,1762.0,0.009,0.066,0.03602,85.16,0.033,0.0,ETH-14FEB20-220-C,219.89,80.23,0.034,623.0,0.041,251.0,97.3,0.09042,-0.99336,0.01149,0.02057,0.52706
10342.75,BTC-26JUN20,1581332340566,open,0.94,0.1,0.9075,1.023,0.95914082,78.4,1.85,0.0,BTC-26JUN20-20000-P,9841.35,0.0,0.001,2.0,1.55,1.0,350.52,13.29066,-3.80625,-71.00259,4e-05,-0.87151
10342.75,BTC-26JUN20,1581332340590,open,0.02,107.6,0.0065,0.0465,0.01942624,80.72,0.022,0.0,BTC-26JUN20-22000-C,9841.35,79.85,0.0185,6.0,0.0205,15.0,81.7,11.14011,-3.28469,3.1369,3e-05,0.1003
10132.48,BTC-27MAR20,1581332340596,open,0.0,812.0,0.0005,0.0155,0.00396151,95.72,0.004,0.0,BTC-27MAR20-20000-C,9841.35,93.89,0.0035,24.0,0.0045,49.3,97.68,2.66536,-2.78059,0.37382,2e-05,0.03332
10342.75,BTC-26JUN20,1581332340596,open,0.41,12.5,0.377,0.4845,0.42567113,71.14,0.415,0.0,BTC-26JUN20-14000-P,9841.35,0.0,0.001,3.0,0.51,1.0,107.29,22.54867,-5.85982,-43.01505,8e-05,-0.68338
10132.48,BTC-27MAR20,1581332340596,open,0.0,246.5,0.0005,0.0105,0.00089759,109.77,0.0015,0.0,BTC-27MAR20-28000-C,9841.35,103.39,0.0005,114.2,0.0015,24.0,116.28,0.77173,-0.92332,0.08815,1e-05,0.00782
10342.75,BTC-26JUN20,1581332340596,open,0.58,1.6,0.546,0.657,0.59583877,73.62,0.573,0.0,BTC-26JUN20-16000-P,9841.35,0.0,0.001,3.0,0.61,0.1,80.95,19.18084,-5.15797,-53.01701,6e-05,-0.77109
10132.48,BTC-27MAR20,1581332340596,open,0.42,24.7,0.3965,0.4265,0.41034542,78.74,0.42,0.0,BTC-27MAR20-6000-C,9841.35,0.0,0.3965,8.0,0.424,8.0,118.4,1.87553,-1.60952,7.23092,2e-05,0.97814
10132.48,BTC-27MAR20,1581332340596,open,0.0,499.9,0.0005,0.011,0.00143187,108.62,0.002,0.0,BTC-27MAR20-26000-C,9841.35,104.23,0.001,128.9,0.002,44.0,113.14,1.12812,-1.33546,0.13555,1e-05,0.01208
9954.84,SYN.BTC-28FEB20,1581332340596,open,0.0,874.9,0.0005,0.0115,0.00198102,71.32,0.0025,0.0,BTC-28FEB20-7500-P,9841.35,67.92,0.0015,30.2,0.0025,50.0,74.49,1.52142,-3.03519,-0.15856,4e-05,-0.03054
10552.79,SYN.BTC-25SEP20,1581332340596,open,1.28,0.0,1.25,1.395,1.31453493,79.12,None,0.0,BTC-25SEP20-24000-P,9841.35,0.0,0.0005,1.0,0.0,0.0,0.0,20.14242,-3.497,-142.06194,4e-05,-0.84175
10132.48,BTC-27MAR20,1581332340598,open,0.03,771.8,0.0095,0.048,0.02364908,70.55,0.025,0.0,BTC-27MAR20-13000-C,9841.35,69.87,0.023,8.5,0.0245,38.6,71.42,9.80422,-7.53853,2.1413,0.00011,0.19179
10342.75,BTC-26JUN20,1581332340598,open,0.01,406.1,0.0025,0.035,0.01243701,85.11,0.0135,0.0,BTC-26JUN20-26000-C,9841.35,83.89,0.0115,36.0,0.0135,21.0,86.44,8.10496,-2.51992,2.06879,2e-05,0.06578
10132.48,BTC-27MAR20,1581332340598,open,0.0,244.1,0.0005,0.0115,0.00194621,104.83,0.002,0.0,BTC-27MAR20-24000-C,9841.35,101.47,0.0015,44.0,0.0025,47.0,108.33,1.46915,-1.67861,0.18416,1e-05,0.01641
10342.75,BTC-26JUN20,1581332340598,open,0.01,120.5,0.0005,0.029,0.00921573,89.93,0.009,0.0,BTC-26JUN20-30000-C,9841.35,89.57,0.009,8.5,0.0095,21.0,90.38,6.38712,-2.09814,1.52804,2e-05,0.04861
10132.48,BTC-27MAR20,1581332340598,open,0.0,223.0,0.0005,0.011,0.00145333,82.75,0.002,0.0,BTC-27MAR20-5500-P,9841.35,78.42,0.001,59.0,0.002,44.0,86.92,1.19377,-1.0766,-0.18268,1e-05,-0.01289
10552.79,SYN.BTC-25SEP20,1581332340598,open,1.65,0.0,1.6145,1.767,1.68262478,81.96,None,0.0,BTC-25SEP20-28000-P,9841.35,0.0,0.0005,1.0,0.0,0.0,0.0,16.52044,-2.97079,-168.93976,3e-05,-0.88162
9954.84,SYN.BTC-28FEB20,1581332340600,open,0.46,4.1,0.4365,0.4585,0.44751702,79.25,0.414,0.0,BTC-28FEB20-5500-C,9841.35,0.0,0.4435,8.0,0.46,8.0,196.07,0.0213,-0.04722,2.69227,0.0,0.99974
10132.48,BTC-27MAR20,1581332340607,open,1.15,5.6,1.1295,1.2265,1.17413415,101.45,1.545,0.0,BTC-27MAR20-22000-P,9841.35,0.0,0.0005,1.0,0.0,0.0,0.0,2.03528,-2.25046,-27.3812,2e-05,-0.97591
10132.48,BTC-27MAR20,1581332340616,open,0.0,213.3,0.0005,0.0135,0.00350099,72.5,0.0035,0.0,BTC-27MAR20-6500-P,9841.35,70.43,0.003,56.7,0.004,20.0,74.4,2.56166,-2.02424,-0.44893,3e-05,-0.03175
10132.48,BTC-27MAR20,1581332340616,open,0.01,798.8,0.0005,0.019,0.00545748,88.49,0.005,0.0,BTC-27MAR20-18000-C,9841.35,87.14,0.005,33.5,0.006,22.9,90.0,3.525,-3.39965,0.52884,3e-05,0.04698
10132.48,BTC-27MAR20,1581332340618,open,0.0,317.4,0.0005,0.0105,0.00019487,115.0,0.0005,0.0,BTC-27MAR20-36000-C,9841.35,0.0,0.0,0.0,0.001,35.0,133.64,0.21035,-0.26366,0.02086,0.0,0.00183
10132.48,BTC-27MAR20,1581332340618,open,0.56,28.5,0.5465,0.566,0.55621008,88.82,0.5365,0.0,BTC-27MAR20-4500-C,9841.35,0.0,0.5505,10.0,0.5655,10.0,150.3,0.34033,-0.32947,5.61203,0.0,0.99688
10342.75,BTC-26JUN20,1581332340618,open,0.01,516.8,0.005,0.0315,0.01454425,68.7,0.014,0.0,BTC-26JUN20-6000-P,9841.35,67.36,0.0135,32.0,0.0155,34.2,69.9,8.14634,-2.04449,-3.1321,3e-05,-0.06621
10132.48,BTC-27MAR20,1581332340618,open,0.01,401.9,0.002,0.0305,0.01168259,77.88,0.012,0.0,BTC-27MAR20-15000-C,9841.35,76.76,0.011,24.0,0.0125,57.0,79.17,6.29381,-5.34216,1.12185,6e-05,0.09977
10552.79,SYN.BTC-25SEP20,1581332340618,open,0.3,7.9,0.254,0.369,0.3061324,69.58,0.3,0.0,BTC-25SEP20-12000-P,9841.35,67.63,0.3,3.6,0.309,4.6,70.49,33.23635,-5.07386,-52.03058,7e-05,-0.48361
10552.79,SYN.BTC-25SEP20,1581332340618,open,0.08,111.1,0.0405,0.1225,0.07381257,74.35,0.0755,0.0,BTC-25SEP20-18000-C,9841.35,73.65,0.072,4.9,0.076,9.4,75.18,27.52842,-4.49079,12.87224,5e-05,0.26919
10552.79,SYN.BTC-25SEP20,1581332340618,open,0.01,170.4,0.0005,0.016,0.00625221,72.27,0.0075,0.0,BTC-25SEP20-4000-P,9841.35,70.5,0.0055,16.0,0.007,10.0,73.91,4.64385,-0.73636,-1.96708,1e-05,-0.0236
9954.84,SYN.BTC-28FEB20,1581332340618,open,0.16,417.1,0.132,0.1745,0.1523892,58.03,0.157,0.0,BTC-28FEB20-8500-C,9841.35,47.62,0.149,11.0,0.1605,11.0,75.76,3.80224,-6.17141,3.65585,0.00014,0.90226
10552.79,SYN.BTC-25SEP20,1581332340618,open,0.93,0.1,0.8925,1.0305,0.95418102,75.95,1.21,0.0,BTC-25SEP20-20000-P,9841.35,0.0,0.0005,1.0,1.0,1.0,93.63,24.82084,-4.13655,-114.11702,5e-05,-0.77794
9954.84,SYN.BTC-28FEB20,1581332340618,open,0.31,60.6,0.283,0.314,0.29770917,75.5,0.2995,0.0,BTC-28FEB20-7000-C,9841.35,0.0,0.284,11.0,0.315,12.0,144.43,0.79667,-1.68235,3.35459,2e-05,0.98578
10552.79,SYN.BTC-25SEP20,1581332340618,open,0.59,1.9,0.552,0.6835,0.61129217,72.85,0.6255,0.0,BTC-25SEP20-16000-P,9841.35,0.0,0.0005,1.0,0.69,1.0,98.89,30.25839,-4.83671,-84.30346,6e-05,-0.6683
9954.84,SYN.BTC-28FEB20,1581332340618,open,0.21,289.9,0.181,0.2195,0.19956368,63.29,0.214,0.0,BTC-28FEB20-8000-C,9841.35,0.0,0.1945,11.0,0.2075,11.0,87.31,2.3247,-4.1154,3.65152,8e-05,0.94854
9954.84,SYN.BTC-28FEB20,1581332340618,open,0.01,253.0,0.003,0.031,0.01264576,64.76,0.0115,0.0,BTC-28FEB20-11500-C,9841.35,63.61,0.012,9.3,0.0135,44.1,66.24,5.67564,-10.28026,0.79077,0.00018,0.17484
10552.79,SYN.BTC-25SEP20,1581332340618,open,2.01,0.0,1.982,2.1435,2.05446138,84.27,None,0.0,BTC-25SEP20-32000-P,9841.35,0.0,0.0005,1.0,0.0,0.0,0.0,13.67819,-2.52909,-195.22575,2e-05,-0.90876
10132.48,BTC-27MAR20,1581332340620,open,0.19,85.8,0.16,0.212,0.18471384,61.42,0.1925,0.0,BTC-27MAR20-8500-C,9841.35,59.55,0.183,3.0,0.188,22.0,64.89,9.42277,-6.30727,8.09172,0.00012,0.8201
10132.48,BTC-27MAR20,1581332340620,open,0.02,1913.0,0.0055,0.0375,0.01616722,74.1,0.0165,0.0,BTC-27MAR20-14000-C,9841.35,73.23,0.0155,7.0,0.017,55.9,75.17,7.83148,-6.32501,1.52371,8e-05,0.13581
10132.48,BTC-27MAR20,1581332340620,open,0.61,33.4,0.5955,0.615,0.60532554,89.42,0.5865,0.0,BTC-27MAR20-4000-C,9841.35,0.0,0.6005,11.0,0.613,11.0,161.91,0.12093,-0.11786,5.01352,0.0,0.999
10552.79,SYN.BTC-25SEP20,1581332340620,open,0.01,402.9,0.005,0.031,0.01478858,69.57,0.015,0.0,BTC-25SEP20-5000-P,9841.35,67.99,0.0135,20.9,0.016,34.0,71.01,8.75948,-1.33722,-4.34552,2e-05,-0.05117
10342.75,BTC-26JUN20,1581332340623,open,0.62,0.5,0.606,0.628,0.61595197,78.75,0.589,0.0,BTC-26JUN20-4000-C,9841.35,0.0,0.61,9.0,0.6265,9.0,107.73,2.1924,-0.63066,14.37136,1e-05,0.98649
10342.75,BTC-26JUN20,1581332340637,open,0.44,72.7,0.4155,0.4575,0.43439371,68.66,0.44,0.0,BTC-26JUN20-6000-C,9841.35,50.35,0.4235,11.0,0.456,11.0,91.07,8.13798,-2.04111,19.37274,3e-05,0.93388
10552.79,SYN.BTC-25SEP20,1581332340640,open,0.76,0.2,0.719,0.854,0.77961476,74.38,1.02,0.0,BTC-25SEP20-18000-P,9841.35,0.0,0.0005,1.0,0.91,1.0,118.51,27.5381,-4.4945,-99.49846,5e-05,-0.73062
9954.84,SYN.BTC-28FEB20,1581332340640,open,0.0,278.7,0.0005,0.0105,4.099e-05,87.05,0.001,0.0,BTC-28FEB20-5500-P,9841.35,0.0,0.0,0.0,0.0005,20.1,111.8,0.05667,-0.13798,-0.00384,0.0,-0.00075
10552.79,SYN.BTC-25SEP20,1581332340640,open,0.44,4.2,0.3945,0.5195,0.45121744,71.01,0.45,0.0,BTC-25SEP20-14000-P,9841.35,0.0,0.001,1.0,0.47,1.0,77.08,32.44581,-5.05547,-68.48794,7e-05,-0.58832
10132.48,BTC-27MAR20,1581332340644,open,0.0,156.2,0.0005,0.0105,0.00082615,115.0,0.001,0.0,BTC-27MAR20-30000-C,9841.35,109.36,0.0005,56.6,0.0015,44.0,122.77,0.69797,-0.87484,0.07833,0.0,0.00698
10342.75,BTC-26JUN20,1581332340644,open,0.53,0.0,0.5095,0.541,0.52332449,73.19,None,0.0,BTC-26JUN20-5000-C,9841.35,47.86,0.517,10.9,0.5385,11.0,97.66,4.60032,-1.23,17.22896,2e-05,0.96754
10132.48,BTC-27MAR20,1581332340644,open,2.51,0.0,2.484,2.626,2.55326229,120.29,None,0.0,BTC-27MAR20-36000-P,9841.35,0.0,0.0005,1.0,0.0,0.0,0.0,0.31818,-0.41716,-45.21463,0.0,-0.99711
10132.48,BTC-27MAR20,1581332340644,open,0.0,37.0,0.0005,0.0105,0.00031416,88.45,0.0005,0.0,BTC-27MAR20-4500-P,9841.35,0.0,0.0,0.0,0.001,20.0,101.69,0.33101,-0.3191,-0.04251,0.0,-0.00302
9954.84,SYN.BTC-28FEB20,1581332340644,open,0.08,59.5,0.0585,0.1155,0.08486026,58.53,0.079,0.0,BTC-28FEB20-10500-P,9841.35,34.51,0.066,20.0,0.085,0.1,58.7,8.27576,-13.54919,-3.51269,0.00029,-0.63564
10342.75,BTC-26JUN20,1581332340646,open,0.03,1146.2,0.0095,0.056,0.02541352,78.39,0.0265,0.0,BTC-26JUN20-20000-C,9841.35,77.68,0.0245,16.0,0.0265,15.0,79.23,13.28931,-3.80565,3.99728,4e-05,0.12847
9954.84,SYN.BTC-28FEB20,1581332340646,open,0.12,329.2,0.0865,0.1335,0.10876926,54.39,0.1145,0.0,BTC-28FEB20-9000-C,9841.35,40.55,0.1015,11.0,0.131,11.0,87.38,5.87292,-8.9347,3.44499,0.00022,0.81538
10342.75,BTC-26JUN20,1581332340649,open,0.01,453.9,0.0005,0.0175,0.00675632,73.2,0.0065,0.0,BTC-26JUN20-5000-P,9841.35,71.44,0.006,21.0,0.0075,34.2,74.82,4.60083,-1.23019,-1.52136,2e-05,-0.03247
9954.84,SYN.BTC-28FEB20,1581332340649,open,0.01,327.1,0.0005,0.0195,0.00594311,71.48,0.006,0.0,BTC-28FEB20-12500-C,9841.35,70.19,0.0055,43.1,0.0065,0.2,73.03,3.48454,-6.96641,0.39457,0.0001,0.08688
10132.48,BTC-27MAR20,1581332340651,open,0.0,898.4,0.0005,0.0105,7.799e-05,115.0,0.0005,0.0,BTC-27MAR20-40000-C,9841.35,0.0,0.0,0.0,0.0005,17.9,133.62,0.09597,-0.12028,0.00891,0.0,0.00078
10132.48,BTC-27MAR20,1581332340651,open,0.51,27.1,0.497,0.5195,0.50746563,88.59,0.4665,0.0,BTC-27MAR20-5000-C,9841.35,0.0,0.5005,9.0,0.518,9.0,138.78,0.79326,-0.76596,6.16977,1e-05,0.99193
10132.48,BTC-27MAR20,1581332340651,open,0.21,60.9,0.186,0.2615,0.22062334,67.23,0.21,0.0,BTC-27MAR20-12000-P,9841.35,59.75,0.212,14.9,0.2585,5.6,96.84,12.03803,-8.8214,-12.01175,0.00014,-0.72257
10342.75,BTC-26JUN20,1581332340665,open,1.31,0.0,1.281,1.4035,1.33605217,83.24,None,0.0,BTC-26JUN20-24000-P,9841.35,0.0,0.0,0.0,0.0,0.0,0.0,9.52825,-2.8971,-87.45305,3e-05,-0.91873
10342.75,BTC-26JUN20,1581332340665,open,1.49,0.0,1.469,1.596,1.5264419,85.32,None,0.0,BTC-26JUN20-26000-P,9841.35,0.0,0.0,0.0,0.0,0.0,0.0,8.16671,-2.54544,-95.41305,2e-05,-0.93358
10132.48,BTC-27MAR20,1581332340665,open,2.31,0.0,2.2905,2.4255,2.35598703,118.64,None,0.0,BTC-27MAR20-34000-P,9841.35,0.0,0.0005,1.0,0.0,0.0,0.0,0.408,-0.52757,-42.69054,0.0,-0.99618
10132.48,BTC-27MAR20,1581332340665,open,1.34,0.0,1.3225,1.425,1.37050223,104.38,None,0.0,BTC-27MAR20-24000-P,9841.35,0.0,0.0015,0.5,0.0,0.0,0.0,1.43559,-1.63322,-29.98542,1e-05,-0.98403
9954.84,SYN.BTC-28FEB20,1581332340665,open,0.0,735.6,0.0005,0.0165,0.0044486,75.48,0.0045,0.0,BTC-28FEB20-13000-C,9841.35,73.84,0.004,32.9,0.005,32.0,77.39,2.79271,-5.89616,0.29512,8e-05,0.06498
10132.48,BTC-27MAR20,1581332340667,open,0.37,0.0,0.347,0.3795,0.36201732,72.57,None,0.0,BTC-27MAR20-6500-C,9841.35,0.0,0.3505,8.0,0.378,8.0,109.82,2.569,-2.032,7.71908,3e-05,0.96814
10132.48,BTC-27MAR20,1581332340667,open,0.95,5.2,0.9365,1.0265,0.97788597,96.0,2.035,0.0,BTC-27MAR20-20000-P,9841.35,0.0,0.0005,1.0,0.0,0.0,0.0,2.69646,-2.82126,-24.75846,2e-05,-0.96621
10552.79,SYN.BTC-25SEP20,1581332340673,open,0.03,96.7,0.011,0.065,0.02915471,81.86,0.03,0.0,BTC-25SEP20-28000-C,9841.35,81.12,0.028,6.0,0.0305,10.0,82.72,16.48039,-2.96028,5.85171,3e-05,0.11797
10132.48,BTC-27MAR20,1581332340680,open,0.0,248.6,0.0005,0.0105,0.00050544,115.0,0.0005,0.0,BTC-27MAR20-32000-C,9841.35,114.88,0.0005,13.3,0.001,24.0,123.17,0.46707,-0.58543,0.05009,0.0,0.00444
10132.48,BTC-27MAR20,1581332340680,open,0.0,201.1,0.0005,0.0105,0.00031231,115.0,0.001,0.0,BTC-27MAR20-34000-C,9841.35,0.0,0.0,0.0,0.001,8.1,128.58,0.31303,-0.39236,0.03222,0.0,0.00284
10132.48,BTC-27MAR20,1581332340680,open,0.0,1389.6,0.0005,0.0105,8.478e-05,88.47,0.0009,0.0,BTC-27MAR20-4000-P,9841.35,0.0,0.0,0.0,0.001,24.5,115.33,0.11023,-0.10629,-0.01259,0.0,-0.0009
10132.48,BTC-27MAR20,1581332340683,open,0.47,18.4,0.4465,0.4725,0.45862452,82.58,0.436,0.0,BTC-27MAR20-5500-C,9841.35,0.0,0.4505,9.0,0.4705,9.0,127.45,1.1832,-1.06487,6.73203,1e-05,0.98724
9954.84,SYN.BTC-28FEB20,1581332340689,open,0.01,723.7,0.003,0.0305,0.0128994,54.47,0.0128,0.0,BTC-28FEB20-9000-P,9841.35,52.93,0.012,64.0,0.0135,11.5,55.48,5.87897,-8.9571,-0.96444,0.00022,-0.18492
9954.84,SYN.BTC-28FEB20,1581332340689,open,0.0,1072.1,0.0005,0.013,0.00323492,63.47,0.003,0.0,BTC-28FEB20-8000-P,9841.35,60.13,0.0025,60.0,0.004,64.0,66.55,2.34074,-4.15556,-0.26882,8e-05,-0.0519
9846.25,SYN.BTC-11FEB20,1581332297915,open,0.0,60.2,0.0005,0.011,0.00083347,67.73,0.002,0.0,BTC-11FEB20-10375-C,9841.35,61.11,0.0005,83.4,0.001,0.3,70.43,0.56969,-8.22927,0.01382,0.00036,0.05936
9846.25,SYN.BTC-11FEB20,1581332297947,open,0.0,35.3,0.0005,0.0105,0.0004078,56.38,0.0005,0.0,BTC-11FEB20-9375-P,9841.35,0.0,0.0,0.0,0.0015,50.3,74.82,0.38774,-4.02122,-0.00877,0.0003,-0.03674
9846.91,SYN.BTC-11FEB20,1581332297950,open,0.0,0.0,0.0005,0.0105,3.167e-05,58.14,None,0.0,BTC-11FEB20-9125-P,9841.35,0.0,0.0,0.0,0.001,50.0,95.9,0.05193,-0.31185,-0.00086,4e-05,-0.0036
9846.25,SYN.BTC-11FEB20,1581332333641,open,0.0,3.7,0.0005,0.0125,0.00117659,55.56,0.0005,0.0,BTC-11FEB20-9500-P,9841.35,45.48,0.0005,83.0,0.002,50.0,64.56,0.79546,-11.59253,-0.02199,0.00062,-0.09191
9846.25,SYN.BTC-11FEB20,1581332298044,open,0.0,69.7,0.0005,0.0105,5.188e-05,69.0,0.0005,0.0,BTC-11FEB20-10750-C,9841.35,0.0,0.0,0.0,0.001,51.0,105.73,0.06871,-0.51143,0.00115,4e-05,0.00492
9846.25,SYN.BTC-11FEB20,1581332298441,open,0.0,124.4,0.0005,0.017,0.00253713,51.79,0.002,0.0,BTC-11FEB20-9625-P,9841.35,47.48,0.002,24.0,0.003,20.0,55.27,1.2734,-24.98972,-0.04354,0.00106,-0.18179
9846.25,SYN.BTC-11FEB20,1581332322784,open,0.0,88.7,0.0005,0.023,0.00549078,49.35,0.007,0.0,BTC-11FEB20-9750-P,9841.35,43.76,0.0045,24.0,0.0065,20.0,54.94,1.76274,-43.49742,-0.0811,0.00154,-0.33781
9865.32,SYN.BTC-14FEB20,1581332294249,open,0.0,375.6,0.0005,0.0165,0.00342453,65.63,0.0035,0.0,BTC-14FEB20-10750-C,9841.35,63.35,0.003,0.1,0.004,54.9,68.54,1.88913,-15.9946,0.10977,0.00028,0.10821
9865.32,SYN.BTC-14FEB20,1581332278393,open,0.02,480.2,0.004,0.04,0.0139236,48.37,0.0175,0.0,BTC-14FEB20-10000-C,9841.35,51.05,0.015,3.0,0.017,38.0,56.04,3.93356,-24.54451,0.40694,0.00079,0.4024
9865.32,SYN.BTC-14FEB20,1581332202271,open,0.0,715.8,0.0005,0.0125,0.00193066,68.11,0.0025,0.0,BTC-14FEB20-11000-C,9841.35,64.59,0.0015,50.0,0.0025,7.0,72.2,1.28518,-11.29316,0.06581,0.00018,0.06475
9865.96,SYN.BTC-14FEB20,1581330784114,open,0.0,191.4,0.0005,0.0105,3e-08,65.45,0.0005,0.0,BTC-14FEB20-7250-P,9841.35,0.0,0.0,0.0,0.0005,20.1,133.02,0.0001,-0.00028,0.0,0.0,0.0
9865.32,SYN.BTC-14FEB20,1581332202558,open,0.0,334.7,0.0005,0.011,0.00142651,83.93,0.001,0.0,BTC-14FEB20-11500-C,9841.35,78.82,0.001,18.0,0.002,64.4,89.57,0.9089,-9.84158,0.04235,0.0001,0.04186
9865.32,SYN.BTC-14FEB20,1581332285496,open,0.01,591.0,0.0005,0.029,0.00852932,54.77,0.009,0.0,BTC-14FEB20-10250-C,9841.35,51.63,0.0075,57.0,0.0095,44.0,57.65,3.2842,-23.20546,0.26131,0.00058,0.25799
9865.32,SYN.BTC-14FEB20,1581332202212,open,0.0,445.5,0.0005,0.0105,0.0009388,65.24,0.0005,0.0,BTC-14FEB20-8750-P,9841.35,58.6,0.0005,50.0,0.0015,64.1,71.43,0.77654,-6.53569,-0.03714,0.00012,-0.03451
9865.32,SYN.BTC-14FEB20,1581332202545,open,0.0,266.1,0.0005,0.0115,0.00162736,76.1,0.0015,0.0,BTC-14FEB20-11250-C,9841.35,69.48,0.001,70.0,0.0025,64.0,83.26,1.06445,-10.45082,0.05168,0.00014,0.05096
9865.32,SYN.BTC-14FEB20,1581330784037,open,0.0,78.2,0.0005,0.0105,3.1e-07,65.43,0.0005,0.0,BTC-14FEB20-7500-P,9841.35,0.0,0.0,0.0,0.0005,20.1,119.95,0.00091,-0.00309,-2e-05,0.0,-2e-05
9865.32,SYN.BTC-14FEB20,1581332278272,open,0.0,636.0,0.0005,0.0115,0.00148417,57.54,0.002,0.0,BTC-14FEB20-9000-P,9841.35,53.01,0.001,87.0,0.002,30.3,61.56,1.16767,-8.66728,-0.06156,0.0002,-0.05728
9865.32,SYN.BTC-14FEB20,1581332202291,open,0.0,466.5,0.0005,0.0105,7.565e-05,65.37,0.0005,0.0,BTC-14FEB20-8250-P,9841.35,0.0,0.0,0.0,0.001,65.0,92.12,0.10932,-0.7462,-0.00384,2e-05,-0.00359
9865.32,SYN.BTC-14FEB20,1581332312409,open,0.01,499.3,0.004,0.0415,0.01599818,52.19,0.0155,0.0,BTC-14FEB20-9750-P,9841.35,45.93,0.0135,13.1,0.0155,45.0,50.96,3.93513,-26.49528,-0.43893,0.00073,-0.40302
9865.32,SYN.BTC-14FEB20,1581330784014,open,0.0,175.9,0.0005,0.0105,2.53e-06,65.41,0.0005,0.0,BTC-14FEB20-7750-P,9841.35,0.0,0.0,0.0,0.0005,20.1,107.23,0.00591,-0.02496,-0.00016,0.0,-0.00015
9865.32,SYN.BTC-14FEB20,1581332202504,open,0.0,199.1,0.0005,0.0105,0.00090075,86.28,0.002,0.0,BTC-14FEB20-11750-C,9841.35,78.93,0.0005,90.6,0.0015,30.1,94.12,0.63973,-7.1211,0.02767,7e-05,0.02731
9910.4,SYN.BTC-21FEB20,1581332285449,open,0.02,163.9,0.003,0.032,0.01279729,59.04,0.0135,0.0,BTC-21FEB20-10750-C,9841.35,57.5,0.012,12.6,0.0135,44.0,60.38,5.16336,-14.0158,0.63415,0.0003,0.22755
9910.4,SYN.BTC-21FEB20,1581332284438,open,0.04,86.2,0.017,0.062,0.03068795,50.65,0.0315,0.0,BTC-21FEB20-10000-C,9841.35,51.83,0.0315,16.9,0.035,49.2,56.92,6.81273,-15.86271,1.3161,0.00046,0.47638
9910.4,SYN.BTC-21FEB20,1581332284443,open,0.03,109.4,0.01,0.0505,0.02380396,55.05,0.023,0.0,BTC-21FEB20-10250-C,9841.35,53.82,0.023,3.0,0.025,25.3,56.86,6.51037,-16.47561,1.05002,0.0004,0.37939
9910.4,SYN.BTC-21FEB20,1581332202615,open,0.0,11.7,0.0005,0.012,0.00245061,77.12,0.0025,0.0,BTC-21FEB20-12500-C,9841.35,74.29,0.002,70.0,0.003,30.0,80.19,1.67163,-5.92658,0.13078,7e-05,0.04674
9910.4,SYN.BTC-21FEB20,1581332291943,open,0.01,51.2,0.0005,0.0225,0.00732681,63.97,0.007,0.0,BTC-21FEB20-11250-C,9841.35,61.74,0.0065,24.3,0.008,50.2,65.72,3.75585,-11.04615,0.38355,0.0002,0.13722
9910.4,SYN.BTC-21FEB20,1581332229290,open,0.0,234.2,0.0005,0.011,0.00101006,64.2,0.0005,0.0,BTC-21FEB20-8000-P,9841.35,57.65,0.0005,85.0,0.002,65.0,72.51,0.9463,-2.79294,-0.07213,5e-05,-0.02342
9910.4,SYN.BTC-21FEB20,1581332285446,open,0.0,70.8,0.0005,0.0125,0.00250537,57.95,0.0015,0.0,BTC-21FEB20-8500-P,9841.35,55.22,0.002,64.5,0.003,5.8,60.36,1.9444,-5.18042,-0.1743,0.00011,-0.05652
10552.22,SYN.BTC-25SEP20,1581332276578,open,0.1,284.9,0.0575,0.1465,0.09502356,72.83,0.098,0.0,BTC-25SEP20-16000-C,9841.35,72.12,0.093,10.0,0.0975,9.2,73.69,30.25116,-4.83398,15.5816,6e-05,0.33154
10552.22,SYN.BTC-25SEP20,1581332331381,open,0.2,170.4,0.1545,0.2505,0.19807303,68.77,0.203,0.0,BTC-25SEP20-11000-C,9841.35,68.09,0.196,4.7,0.2005,8.2,69.55,32.63499,-4.92417,24.98799,7e-05,0.57738
10552.79,SYN.BTC-25SEP20,1581332318245,open,0.08,111.1,0.0405,0.1225,0.07381257,74.35,0.0755,0.0,BTC-25SEP20-18000-C,9841.35,73.65,0.072,4.9,0.076,9.4,75.18,27.52842,-4.49079,12.87224,5e-05,0.26919
9910.4,SYN.BTC-21FEB20,1581332324290,open,0.01,344.5,0.0005,0.026,0.00940397,61.01,0.009,0.0,BTC-21FEB20-11000-C,9841.35,60.09,0.009,20.0,0.01,44.1,62.34,4.39633,-12.33091,0.48652,0.00025,0.17416
10552.79,SYN.BTC-25SEP20,1581332271750,open,0.03,96.7,0.011,0.065,0.02915471,81.86,0.03,0.0,BTC-25SEP20-28000-C,9841.35,81.12,0.028,6.0,0.0305,10.0,82.72,16.48039,-2.96028,5.85171,3e-05,0.11797
9910.4,SYN.BTC-21FEB20,1581332291987,open,0.0,98.4,0.0005,0.015,0.00358942,71.71,0.005,0.0,BTC-21FEB20-12000-C,9841.35,69.01,0.003,68.3,0.004,30.0,73.45,2.27002,-7.48372,0.19297,0.00011,0.06894
10552.22,SYN.BTC-25SEP20,1581332279168,open,0.03,224.9,0.0155,0.056,0.03092754,68.76,0.029,0.0,BTC-25SEP20-6000-P,9841.35,66.54,0.028,28.6,0.031,16.0,68.82,14.08829,-2.12558,-8.29334,3e-05,-0.09496
10552.22,SYN.BTC-25SEP20,1581332222873,open,0.02,33.5,0.0055,0.046,0.01743229,86.5,0.0185,0.0,BTC-25SEP20-36000-C,9841.35,85.64,0.0165,6.0,0.0185,10.0,87.46,11.56158,-2.19435,3.66094,2e-05,0.073
10552.79,SYN.BTC-25SEP20,1581332276596,open,0.01,402.9,0.005,0.031,0.01478858,69.57,0.015,0.0,BTC-25SEP20-5000-P,9841.35,67.99,0.0135,20.9,0.016,34.0,71.01,8.75948,-1.33722,-4.34552,2e-05,-0.05117
9910.4,SYN.BTC-21FEB20,1581332291980,open,0.0,86.3,0.0005,0.0135,0.00294565,74.43,0.0035,0.0,BTC-21FEB20-12250-C,9841.35,72.05,0.0025,65.8,0.0035,30.1,77.13,1.9421,-6.64546,0.15795,9e-05,0.05644
10552.79,SYN.BTC-25SEP20,1581332244382,open,0.01,170.4,0.0005,0.016,0.00625221,72.27,0.0075,0.0,BTC-25SEP20-4000-P,9841.35,70.5,0.0055,16.0,0.007,10.0,73.91,4.64385,-0.73636,-1.96708,1e-05,-0.0236
10342.05,BTC-26JUN20,1581332278299,open,0.04,410.6,0.015,0.069,0.03463067,76.1,0.036,0.0,BTC-26JUN20-18000-C,9841.35,75.36,0.0335,9.0,0.036,14.7,76.98,15.9968,-4.447,5.23095,5e-05,0.16951
10342.72,BTC-26JUN20,1581332276618,open,0.02,497.8,0.0045,0.04,0.01543331,83.07,0.015,0.0,BTC-26JUN20-24000-C,9841.35,82.03,0.0145,21.0,0.0165,21.0,84.21,9.47646,-2.87548,2.53078,3e-05,0.08068
10342.75,BTC-26JUN20,1581332271757,open,0.01,406.1,0.0025,0.035,0.01243701,85.11,0.0135,0.0,BTC-26JUN20-26000-C,9841.35,83.89,0.0115,36.0,0.0135,21.0,86.44,8.10496,-2.51992,2.06879,2e-05,0.06578
10342.75,BTC-26JUN20,1581332279179,open,0.01,453.9,0.0005,0.0175,0.00675632,73.2,0.0065,0.0,BTC-26JUN20-5000-P,9841.35,71.44,0.006,21.0,0.0075,34.2,74.82,4.60083,-1.23019,-1.52136,2e-05,-0.03247
10342.05,BTC-26JUN20,1581332235044,open,0.01,177.7,0.0005,0.031,0.0104346,87.34,0.0095,0.0,BTC-26JUN20-28000-C,9841.35,85.94,0.0095,36.0,0.0115,21.0,88.85,7.08407,-2.26018,1.74327,2e-05,0.05538
10342.75,BTC-26JUN20,1581332276616,open,0.02,107.6,0.0065,0.0465,0.01942624,80.72,0.022,0.0,BTC-26JUN20-22000-C,9841.35,79.85,0.0185,6.0,0.0205,15.0,81.7,11.14011,-3.28469,3.1369,3e-05,0.1003
10342.75,BTC-26JUN20,1581332310918,open,0.0,314.9,0.0005,0.0105,0.00091187,86.5,0.002,0.0,BTC-26JUN20-3000-P,9841.35,80.47,0.0005,53.8,0.0015,15.0,92.44,0.85742,-0.27094,-0.21548,0.0,-0.00464
10132.09,BTC-27MAR20,1581332285465,open,0.01,1984.9,0.0005,0.0255,0.00894266,81.88,0.0085,0.0,BTC-27MAR20-16000-C,9841.35,81.0,0.0085,24.0,0.0095,63.0,82.95,5.164,-4.60848,0.86078,5e-05,0.07654
10132.48,BTC-27MAR20,1581330784260,open,0.0,37.0,0.0005,0.0105,0.00031416,88.45,0.0005,0.0,BTC-27MAR20-4500-P,9841.35,0.0,0.0,0.0,0.001,20.0,101.69,0.33101,-0.3191,-0.04251,0.0,-0.00302
10132.48,BTC-27MAR20,1581332202302,open,0.0,244.1,0.0005,0.0115,0.00194621,104.83,0.002,0.0,BTC-27MAR20-24000-C,9841.35,101.47,0.0015,44.0,0.0025,47.0,108.33,1.46915,-1.67861,0.18416,1e-05,0.01641
10132.48,BTC-27MAR20,1581332229327,open,0.0,156.2,0.0005,0.0105,0.00082615,115.0,0.001,0.0,BTC-27MAR20-30000-C,9841.35,109.36,0.0005,56.6,0.0015,44.0,122.77,0.69797,-0.87484,0.07833,0.0,0.00698
9954.84,SYN.BTC-28FEB20,1581332292324,open,0.01,253.0,0.003,0.031,0.01264576,64.76,0.0115,0.0,BTC-28FEB20-11500-C,9841.35,63.61,0.012,9.3,0.0135,44.1,66.24,5.67564,-10.28026,0.79077,0.00018,0.17484
10132.48,BTC-27MAR20,1581332332406,open,0.03,771.8,0.0095,0.048,0.02364908,70.55,0.025,0.0,BTC-27MAR20-13000-C,9841.35,69.87,0.023,8.5,0.0245,38.6,71.42,9.80422,-7.53853,2.1413,0.00011,0.19179
10132.48,BTC-27MAR20,1581332332421,open,0.01,401.9,0.002,0.0305,0.01168259,77.88,0.012,0.0,BTC-27MAR20-15000-C,9841.35,76.76,0.011,24.0,0.0125,57.0,79.17,6.29381,-5.34216,1.12185,6e-05,0.09977
10342.75,BTC-26JUN20,1581332332292,open,0.03,1146.2,0.0095,0.056,0.02541352,78.39,0.0265,0.0,BTC-26JUN20-20000-C,9841.35,77.68,0.0245,16.0,0.0265,15.0,79.23,13.28931,-3.80565,3.99728,4e-05,0.12847
220.46,SYN.ETH-14FEB20,1581332322848,open,0.0,666.0,0.001,0.011,0.001007,102.61,0.001,0.0,ETH-14FEB20-180-P,219.89,102.49,0.001,345.0,0.004,340.0,134.63,0.013,-0.17208,-0.00059,0.00245,-0.02438
220.46,SYN.ETH-14FEB20,1581332331462,open,0.03,2791.0,0.003,0.048,0.020766,91.95,0.017,0.0,ETH-14FEB20-230-C,219.89,84.6,0.018,728.0,0.022,266.0,95.2,0.08368,-0.99267,0.00758,0.01763,0.34475
220.46,SYN.ETH-14FEB20,1581332269033,open,0.01,1752.0,0.001,0.027,0.007315,106.51,0.009,0.0,ETH-14FEB20-250-C,219.89,100.47,0.006,300.0,0.009,638.0,113.63,0.05,-0.68696,0.00305,0.0091,0.1377
221.52,SYN.ETH-21FEB20,1581332331503,open,0.02,25.0,0.002,0.037,0.014887,93.8,0.023,0.0,ETH-21FEB20-260-C,219.89,89.57,0.013,801.0,0.017,573.0,98.34,0.10099,-0.43552,0.01102,0.00736,0.18187
9954.84,SYN.BTC-28FEB20,1581330784017,open,0.0,278.7,0.0005,0.0105,4.099e-05,87.05,0.001,0.0,BTC-28FEB20-5500-P,9841.35,0.0,0.0,0.0,0.0005,20.1,111.8,0.05667,-0.13798,-0.00384,0.0,-0.00075
240.2,SYN.ETH-25SEP20,1581332327245,open,0.13,1055.0,0.09,0.188,0.137001,90.23,0.13,0.0,ETH-25SEP20-180-P,219.89,88.11,0.132,195.0,0.141,272.0,91.93,0.56674,-0.11221,-0.54028,0.00174,-0.22328
10342.75,BTC-26JUN20,1581332331412,open,0.12,484.3,0.075,0.1555,0.11050005,68.59,0.1165,0.0,BTC-26JUN20-12000-C,9841.35,67.76,0.1085,15.6,0.113,12.1,69.62,25.00759,-6.26591,12.88937,9e-05,0.44282
10342.75,BTC-26JUN20,1581332276621,open,0.01,120.5,0.0005,0.029,0.00921573,89.93,0.009,0.0,BTC-26JUN20-30000-C,9841.35,89.57,0.009,8.5,0.0095,21.0,90.38,6.38712,-2.09814,1.52804,2e-05,0.04861
220.46,SYN.ETH-14FEB20,1581332227203,open,0.01,2661.0,0.001,0.025,0.006509,89.26,0.008,0.0,ETH-14FEB20-200-P,219.89,82.17,0.005,990.0,0.008,640.0,95.69,0.04921,-0.56672,-0.0033,0.01068,-0.13456
9954.84,SYN.BTC-28FEB20,1581332285853,open,0.0,735.6,0.0005,0.0165,0.0044486,75.48,0.0045,0.0,BTC-28FEB20-13000-C,9841.35,73.84,0.004,32.9,0.005,32.0,77.39,2.79271,-5.89616,0.29512,8e-05,0.06498
240.2,SYN.ETH-25SEP20,1581332327241,open,0.07,403.0,0.039,0.106,0.069629,91.21,0.06,0.0,ETH-25SEP20-140-P,219.89,88.47,0.065,203.0,0.071,462.0,92.01,0.40919,-0.08189,-0.3048,0.00125,-0.13362
9954.32,SYN.BTC-28FEB20,1581332202523,open,0.0,670.6,0.0005,0.0105,0.0007274,86.98,0.0005,0.0,BTC-28FEB20-6500-P,9841.35,82.79,0.0005,21.0,0.001,50.5,90.97,0.60919,-1.4821,-0.0544,1e-05,-0.01043
10342.75,BTC-26JUN20,1581332276630,open,0.01,516.8,0.005,0.0315,0.01454425,68.7,0.014,0.0,BTC-26JUN20-6000-P,9841.35,67.36,0.0135,32.0,0.0155,34.2,69.9,8.14634,-2.04449,-3.1321,3e-05,-0.06621
9954.84,SYN.BTC-28FEB20,1581332202397,open,0.0,1072.1,0.0005,0.013,0.00323492,63.47,0.003,0.0,BTC-28FEB20-8000-P,9841.35,60.13,0.0025,60.0,0.004,64.0,66.55,2.34074,-4.15556,-0.26882,8e-05,-0.0519
10342.05,BTC-26JUN20,1581332276624,open,0.01,461.4,0.0005,0.025,0.00746305,90.92,0.008,0.0,BTC-26JUN20-32000-C,9841.35,90.02,0.007,15.0,0.008,6.0,91.91,5.46013,-1.81337,1.26275,1e-05,0.04002
9954.84,SYN.BTC-28FEB20,1581332285495,open,0.01,385.5,0.0005,0.0245,0.00866819,68.4,0.0095,0.0,BTC-28FEB20-12000-C,9841.35,66.89,0.008,11.5,0.0095,50.0,70.21,4.4915,-8.59313,0.55882,0.00014,0.12329
220.46,SYN.ETH-14FEB20,1581332315871,open,0.03,1615.0,0.008,0.066,0.033917,85.16,0.03,0.0,ETH-14FEB20-220-P,219.89,78.04,0.031,180.0,0.037,472.0,92.67,0.09042,-0.99336,-0.01187,0.02057,-0.47294
10132.76,BTC-27MAR20,1581332202526,open,0.0,529.8,0.0005,0.0105,0.0009146,88.42,0.001,0.0,BTC-27MAR20-5000-P,9841.35,81.93,0.0005,60.3,0.0015,44.2,94.77,0.78555,-0.75707,-0.11326,1e-05,-0.00798
9954.84,SYN.BTC-28FEB20,1581332285496,open,0.01,327.1,0.0005,0.0195,0.00594311,71.48,0.006,0.0,BTC-28FEB20-12500-C,9841.35,70.19,0.0055,43.1,0.0065,0.2,73.03,3.48454,-6.96641,0.39457,0.0001,0.08688
10132.48,BTC-27MAR20,1581332332425,open,0.0,812.0,0.0005,0.0155,0.00396151,95.72,0.004,0.0,BTC-27MAR20-20000-C,9841.35,93.89,0.0035,24.0,0.0045,49.3,97.68,2.66536,-2.78059,0.37382,2e-05,0.03332
10342.72,BTC-26JUN20,1581332310929,open,0.03,277.0,0.0145,0.054,0.0296076,66.36,0.0295,0.0,BTC-26JUN20-7000-P,9841.35,65.45,0.0285,19.0,0.0305,14.8,67.07,12.83565,-3.11128,-5.88972,5e-05,-0.12224
10132.48,BTC-27MAR20,1581332332419,open,0.02,1913.0,0.0055,0.0375,0.01616722,74.1,0.0165,0.0,BTC-27MAR20-14000-C,9841.35,73.23,0.0155,7.0,0.017,55.9,75.17,7.83148,-6.32501,1.52371,8e-05,0.13581
221.52,SYN.ETH-21FEB20,1581332331505,open,0.01,3.0,0.002,0.032,0.011347,98.61,0.012,0.0,ETH-21FEB20-270-C,219.89,95.02,0.01,365.0,0.013,639.0,102.78,0.08535,-0.38695,0.00853,0.00592,0.1406
10132.48,BTC-27MAR20,1581332332423,open,0.01,798.8,0.0005,0.019,0.00545748,88.49,0.005,0.0,BTC-27MAR20-18000-C,9841.35,87.14,0.005,33.5,0.006,22.9,90.0,3.525,-3.39965,0.52884,3e-05,0.04698
9954.32,SYN.BTC-28FEB20,1581332202577,open,0.0,776.8,0.0005,0.0105,0.0009215,75.94,0.0015,0.0,BTC-28FEB20-7000-P,9841.35,69.75,0.0005,66.3,0.0015,50.0,81.92,0.81799,-1.73748,-0.07596,2e-05,-0.01466
9954.32,SYN.BTC-28FEB20,1581332285478,open,0.02,920.4,0.0065,0.04,0.01903928,61.19,0.0195,0.0,BTC-28FEB20-11000-C,9841.35,59.69,0.018,56.8,0.02,0.2,62.53,7.0215,-12.01678,1.13289,0.00024,0.25143
9954.32,SYN.BTC-28FEB20,1581330784008,open,0.0,248.8,0.0005,0.0105,5.91e-06,87.05,0.0005,0.0,BTC-28FEB20-5000-P,9841.35,0.0,0.0,0.0,0.0005,20.1,128.2,0.01043,-0.0254,-0.00062,0.0,-0.00012
234.37,ETH-26JUN20,1581332327268,open,0.01,846.0,0.002,0.025,0.011442,94.47,0.011,0.0,ETH-26JUN20-100-P,219.89,91.59,0.01,587.0,0.013,200.0,97.38,0.12133,-0.04187,-0.04439,0.00062,-0.03907
10132.48,BTC-27MAR20,1581330783792,open,0.0,317.4,0.0005,0.0105,0.00019487,115.0,0.0005,0.0,BTC-27MAR20-36000-C,9841.35,0.0,0.0,0.0,0.001,35.0,133.64,0.21035,-0.26366,0.02086,0.0,0.00183
9954.32,SYN.BTC-28FEB20,1581332322926,open,0.01,1060.1,0.0005,0.0185,0.00628989,58.13,0.0055,0.0,BTC-28FEB20-8500-P,9841.35,56.01,0.0055,50.0,0.007,50.1,59.94,3.81392,-6.20103,-0.5092,0.00014,-0.09816
240.2,SYN.ETH-25SEP20,1581332327260,open,0.0,813.0,0.001,0.015,0.005377,98.15,0.004,0.0,ETH-25SEP20-60-P,219.89,93.09,0.004,599.0,0.007,471.0,103.25,0.0709,-0.01527,-0.0302,0.0002,-0.01476
234.37,ETH-26JUN20,1581332327285,open,0.09,2546.0,0.048,0.141,0.091524,93.75,0.095,0.0,ETH-26JUN20-360-C,219.89,90.3,0.084,507.0,0.098,283.0,96.68,0.51496,-0.17636,0.20307,0.00267,0.32257
234.37,ETH-26JUN20,1581332327279,open,0.25,1058.0,0.187,0.29,0.23958,88.72,0.256,0.0,ETH-26JUN20-220-C,219.89,85.82,0.233,509.0,0.245,439.0,91.12,0.53103,-0.17211,0.36162,0.00291,0.65104
10132.09,BTC-27MAR20,1581332271780,open,0.0,1397.8,0.0005,0.012,0.00248579,78.65,0.003,0.0,BTC-27MAR20-6000-P,9841.35,75.84,0.002,35.5,0.003,56.0,81.29,1.86852,-1.60168,-0.30886,2e-05,-0.02177
240.2,SYN.ETH-25SEP20,1581332327255,open,0.23,933.0,0.164,0.287,0.226245,90.51,0.22,0.0,ETH-25SEP20-280-C,219.89,88.51,0.22,467.0,0.232,275.0,92.35,0.74944,-0.14883,0.4959,0.0023,0.55693
9954.84,SYN.BTC-28FEB20,1581332332938,open,0.01,723.7,0.003,0.0305,0.0128994,54.47,0.0128,0.0,BTC-28FEB20-9000-P,9841.35,52.93,0.012,64.0,0.0135,11.5,55.48,5.87897,-8.9571,-0.96444,0.00022,-0.18492
240.2,SYN.ETH-25SEP20,1581332329023,open,0.31,566.0,0.251,0.366,0.309799,89.88,0.32,0.0,ETH-25SEP20-220-C,219.89,87.46,0.303,263.0,0.315,263.0,91.73,0.67517,-0.13315,0.5611,0.00209,0.68396
240.2,SYN.ETH-25SEP20,1581332324797,open,0.07,136.0,0.031,0.122,0.070585,99.24,0.065,0.0,ETH-25SEP20-600-C,219.89,96.81,0.065,4.0,0.076,295.0,101.53,0.56056,-0.12206,0.22263,0.00157,0.21904
220.46,SYN.ETH-14FEB20,1581332331438,open,0.01,1478.0,0.002,0.042,0.015888,86.15,0.014,0.0,ETH-14FEB20-210-P,219.89,80.62,0.014,240.0,0.018,568.0,92.21,0.07606,-0.84533,-0.00685,0.01711,-0.27688
240.2,SYN.ETH-25SEP20,1581332324795,open,0.08,563.0,0.036,0.132,0.078568,98.1,0.078,0.0,ETH-25SEP20-560-C,219.89,95.39,0.072,179.0,0.085,293.0,100.68,0.5908,-0.12717,0.24296,0.00167,0.24058
234.37,ETH-26JUN20,1581332327273,open,0.06,1368.0,0.034,0.099,0.063492,89.35,0.064,0.0,ETH-26JUN20-160-P,219.89,87.04,0.06,526.0,0.067,190.0,91.64,0.35726,-0.1166,-0.20145,0.00194,-0.16571
240.2,SYN.ETH-25SEP20,1581332327264,open,0.05,1.0,0.019,0.095,0.049684,100.56,0.055,0.0,ETH-25SEP20-720-C,219.89,98.09,0.045,199.0,0.052,299.0,101.74,0.46644,-0.10292,0.16914,0.00129,0.16247
240.2,SYN.ETH-25SEP20,1581332327253,open,0.28,296.0,0.217,0.336,0.277771,89.88,0.285,0.0,ETH-25SEP20-240-C,219.89,87.59,0.271,466.0,0.284,375.0,91.99,0.71061,-0.14014,0.54198,0.00219,0.63918
10132.48,BTC-27MAR20,1581332235092,open,0.0,499.9,0.0005,0.011,0.00143187,108.62,0.002,0.0,BTC-27MAR20-26000-C,9841.35,104.23,0.001,128.9,0.002,44.0,113.14,1.12812,-1.33546,0.13555,1e-05,0.01208
240.2,SYN.ETH-25SEP20,1581332329068,open,0.19,371.0,0.125,0.247,0.185906,91.05,0.18,0.0,ETH-25SEP20-320-C,219.89,89.49,0.181,275.0,0.191,280.0,92.67,0.75659,-0.15116,0.44771,0.00231,0.48446
226.8,ETH-27MAR20,1581332227314,open,0.0,279.0,0.001,0.013,0.003324,110.03,0.005,0.0,ETH-27MAR20-110-P,219.89,101.18,0.002,1285.0,0.005,540.0,118.58,0.03923,-0.04705,-0.0067,0.00055,-0.02018
10132.48,BTC-27MAR20,1581332202612,open,0.0,246.5,0.0005,0.0105,0.00089759,109.77,0.0015,0.0,BTC-27MAR20-28000-C,9841.35,103.39,0.0005,114.2,0.0015,24.0,116.28,0.77173,-0.92332,0.08815,1e-05,0.00782
10132.48,BTC-27MAR20,1581332202269,open,0.0,223.0,0.0005,0.011,0.00145333,82.75,0.002,0.0,BTC-27MAR20-5500-P,9841.35,78.42,0.001,59.0,0.002,44.0,86.92,1.19377,-1.0766,-0.18268,1e-05,-0.01289
10132.48,BTC-27MAR20,1581332332426,open,0.0,213.3,0.0005,0.0135,0.00350099,72.5,0.0035,0.0,BTC-27MAR20-6500-P,9841.35,70.43,0.003,56.7,0.004,20.0,74.4,2.56166,-2.02424,-0.44893,3e-05,-0.03175
9954.84,SYN.BTC-28FEB20,1581332202261,open,0.0,874.9,0.0005,0.0115,0.00198102,71.32,0.0025,0.0,BTC-28FEB20-7500-P,9841.35,67.92,0.0015,30.2,0.0025,50.0,74.49,1.52142,-3.03519,-0.15856,4e-05,-0.03054
10132.48,BTC-27MAR20,1581331751213,open,0.0,1389.6,0.0005,0.0105,8.478e-05,88.47,0.0009,0.0,BTC-27MAR20-4000-P,9841.35,0.0,0.0,0.0,0.001,24.5,115.33,0.11023,-0.10629,-0.01259,0.0,-0.0009
234.37,ETH-26JUN20,1581332324856,open,0.02,2628.0,0.007,0.052,0.022999,97.67,0.024,0.0,ETH-26JUN20-600-C,219.89,95.78,0.021,300.0,0.025,120.0,99.47,0.25474,-0.09088,0.06905,0.00127,0.10156
234.37,ETH-26JUN20,1581332327272,open,0.04,717.0,0.019,0.07,0.04093,91.48,0.039,0.0,ETH-26JUN20-140-P,219.89,88.13,0.037,513.0,0.045,297.0,94.86,0.27875,-0.09315,-0.13713,0.00148,-0.1151
234.37,ETH-26JUN20,1581332324846,open,0.05,798.0,0.016,0.081,0.043114,95.41,0.045,0.0,ETH-26JUN20-480-C,219.89,93.41,0.04,517.0,0.046,416.0,97.22,0.3699,-0.12893,0.11587,0.00188,0.17495
240.2,SYN.ETH-25SEP20,1581332329097,open,0.16,341.0,0.097,0.215,0.154557,91.7,0.162,0.0,ETH-25SEP20-360-C,219.89,90.22,0.15,279.0,0.159,141.0,93.13,0.74273,-0.14944,0.4014,0.00225,0.42223
240.2,SYN.ETH-25SEP20,1581332327243,open,0.1,223.0,0.062,0.146,0.101644,91.21,0.105,0.0,ETH-25SEP20-160-P,219.89,87.97,0.095,215.0,0.108,283.0,94.29,0.49402,-0.09886,-0.41892,0.0015,-0.17771
240.2,SYN.ETH-25SEP20,1581332271937,open,0.22,131.0,0.165,0.289,0.225652,89.86,0.239,0.0,ETH-25SEP20-220-P,219.89,82.9,0.206,247.0,0.234,247.0,92.84,0.67518,-0.13313,-0.81236,0.00209,-0.31606
234.37,ETH-26JUN20,1581332324867,open,0.02,3811.0,0.005,0.045,0.018978,98.31,0.023,0.0,ETH-26JUN20-640-C,219.89,96.19,0.017,300.0,0.021,120.0,100.36,0.22474,-0.08071,0.05865,0.00111,0.08572
234.37,ETH-26JUN20,1581332326917,open,0.09,900.0,0.057,0.139,0.095523,89.28,0.082,0.0,ETH-26JUN20-180-P,219.89,86.81,0.091,538.0,0.1,457.0,91.71,0.4302,-0.1403,-0.28151,0.00234,-0.22478
240.2,SYN.ETH-25SEP20,1581332324812,open,0.06,2.0,0.022,0.104,0.056458,100.56,0.057,0.0,ETH-25SEP20-680-C,219.89,97.88,0.051,172.0,0.062,298.0,103.17,0.49937,-0.11018,0.18644,0.00138,0.18078
226.8,ETH-27MAR20,1581332325113,open,0.06,2070.0,0.035,0.102,0.06568,87.07,0.06,0.0,ETH-27MAR20-200-P,219.89,84.01,0.062,824.0,0.069,300.0,89.81,0.27395,-0.25996,-0.10058,0.00487,-0.28715
234.37,ETH-26JUN20,1581332327270,open,0.02,1144.0,0.009,0.044,0.02343,93.04,0.024,0.0,ETH-26JUN20-120-P,219.89,90.09,0.021,527.0,0.026,200.0,96.03,0.19728,-0.06705,-0.08402,0.00103,-0.07217
226.8,ETH-27MAR20,1581332325134,open,0.02,2537.0,0.005,0.041,0.017894,97.16,0.019,0.0,ETH-27MAR20-360-C,219.89,94.44,0.016,422.0,0.02,830.0,100.03,0.16194,-0.17148,0.02944,0.00258,0.12116
234.37,ETH-26JUN20,1581331777405,open,0.17,5.0,0.125,0.235,0.178307,88.74,0.177,0.0,ETH-26JUN20-220-P,219.89,82.88,0.165,250.0,0.185,430.0,91.7,0.53102,-0.17214,-0.4634,0.00291,-0.34895
226.8,ETH-27MAR20,1581332326050,open,0.0,3243.0,0.001,0.017,0.004904,106.94,0.005,0.0,ETH-27MAR20-480-C,219.89,103.58,0.004,694.0,0.006,10.0,110.54,0.06487,-0.07561,0.00912,0.00094,0.0369
234.37,ETH-26JUN20,1581332327286,open,0.0,1994.0,0.001,0.011,0.001824,104.25,0.004,0.0,ETH-26JUN20-60-P,219.89,96.02,0.001,449.0,0.003,301.0,112.51,0.02823,-0.01075,-0.00782,0.00013,-0.00707
234.37,ETH-26JUN20,1581332324850,open,0.03,1690.0,0.009,0.059,0.027548,96.52,0.037,0.0,ETH-26JUN20-560-C,219.89,94.38,0.025,506.0,0.03,120.0,98.49,0.28605,-0.10086,0.08071,0.00144,0.11938
240.2,SYN.ETH-25SEP20,1581332327257,open,0.14,471.0,0.079,0.194,0.134048,93.76,0.134,0.0,ETH-25SEP20-400-C,219.89,92.74,0.131,100.0,0.137,382.0,94.74,0.71984,-0.14809,0.36171,0.00213,0.37525
222.57,SYN.ETH-28FEB20,1581332331533,open,0.04,780.0,0.021,0.081,0.047851,84.8,0.039,0.0,ETH-28FEB20-210-P,219.89,81.29,0.045,270.0,0.05,491.0,87.44,0.18113,-0.42963,-0.04263,0.0088,-0.34323
222.57,SYN.ETH-28FEB20,1581332331520,open,0.01,2983.0,0.003,0.033,0.01355,91.0,0.015,0.0,ETH-28FEB20-180-P,219.89,87.5,0.012,638.0,0.015,640.0,94.14,0.10087,-0.25674,-0.015,0.00457,-0.12407
222.57,SYN.ETH-28FEB20,1581332333168,open,0.01,646.0,0.001,0.024,0.008493,94.49,0.009,0.0,ETH-28FEB20-170-P,219.89,89.84,0.007,1229.0,0.01,340.0,98.84,0.07446,-0.19681,-0.00984,0.00325,-0.08179
226.8,ETH-27MAR20,1581331309556,open,0.0,2356.0,0.001,0.011,0.000779,124.37,0.001,0.0,ETH-27MAR20-80-P,219.89,0.0,0.0,0.0,0.002,332.0,141.49,0.01139,-0.01544,-0.00161,0.00014,-0.00489
234.37,ETH-26JUN20,1581332327283,open,0.16,993.0,0.1,0.204,0.151995,89.64,0.16,0.0,ETH-26JUN20-280-C,219.89,87.18,0.146,483.0,0.158,411.0,92.1,0.57187,-0.18726,0.28848,0.0031,0.48023
240.2,SYN.ETH-25SEP20,1581332324791,open,0.1,349.0,0.051,0.155,0.098684,95.27,0.1,0.0,ETH-25SEP20-480-C,219.89,93.54,0.094,194.0,0.103,388.0,96.85,0.65329,-0.13657,0.29212,0.0019,0.29348
226.8,ETH-27MAR20,1581332325128,open,0.11,5280.0,0.061,0.138,0.098899,86.84,0.098,0.0,ETH-27MAR20-240-C,219.89,84.79,0.096,262.0,0.103,587.0,89.74,0.32063,-0.30346,0.11095,0.00571,0.48811
234.37,ETH-26JUN20,1581332327277,open,0.13,1076.0,0.087,0.184,0.133609,88.89,0.117,0.0,ETH-26JUN20-200-P,219.89,86.68,0.129,225.0,0.139,444.0,91.48,0.48851,-0.15863,-0.36927,0.00267,-0.28655
226.8,ETH-27MAR20,1581332325139,open,0.01,2299.0,0.001,0.023,0.007859,105.46,0.008,0.0,ETH-27MAR20-440-C,219.89,103.25,0.007,229.0,0.009,830.0,108.19,0.09126,-0.10489,0.01384,0.00134,0.05641
226.8,ETH-27MAR20,1581332326052,open,0.0,6991.0,0.001,0.014,0.003892,111.8,0.004,0.0,ETH-27MAR20-520-C,219.89,107.68,0.003,478.0,0.005,560.0,116.15,0.05324,-0.06487,0.00717,0.00074,0.02903
226.8,ETH-27MAR20,1581332307210,open,0.03,1680.0,0.016,0.066,0.037526,88.78,0.037,0.0,ETH-27MAR20-180-P,219.89,86.11,0.035,831.0,0.04,513.0,91.37,0.21556,-0.20859,-0.0638,0.00376,-0.1863
226.8,ETH-27MAR20,1581332326057,open,0.0,1276.0,0.001,0.011,0.001781,124.37,0.001,0.0,ETH-27MAR20-90-P,219.89,114.73,0.001,537.0,0.003,300.0,134.96,0.02192,-0.02971,-0.00343,0.00027,-0.01026
234.37,ETH-26JUN20,1581332324849,open,0.04,227.0,0.012,0.069,0.034566,96.17,0.037,0.0,ETH-26JUN20-520-C,219.89,94.3,0.032,513.0,0.037,120.0,97.89,0.32691,-0.11485,0.09694,0.00165,0.14486
226.8,ETH-27MAR20,1581332325130,open,0.06,5676.0,0.025,0.088,0.053741,89.99,0.056,0.0,ETH-27MAR20-280-C,219.89,87.78,0.051,639.0,0.057,570.0,92.59,0.28294,-0.2775,0.07253,0.00486,0.30819
240.2,SYN.ETH-25SEP20,1581332327249,open,0.17,254.0,0.125,0.237,0.179506,90.22,0.175,0.0,ETH-25SEP20-200-P,219.89,88.12,0.174,202.0,0.188,261.0,93.48,0.62732,-0.12419,-0.67381,0.00193,-0.26981
222.57,SYN.ETH-28FEB20,1581331311730,open,0.0,930.0,0.001,0.011,0.000374,112.09,0.001,0.0,ETH-28FEB20-120-P,219.89,0.0,0.0,0.0,0.002,300.0,140.62,0.00644,-0.0202,-0.00053,0.00024,-0.00447
226.8,ETH-27MAR20,1581332325132,open,0.03,2981.0,0.011,0.06,0.030794,94.11,0.028,0.0,ETH-27MAR20-320-C,219.89,92.25,0.029,317.0,0.033,775.0,96.35,0.22067,-0.22635,0.04639,0.00363,0.19354
222.57,SYN.ETH-28FEB20,1581332331528,open,0.03,1725.0,0.011,0.061,0.032673,86.55,0.029,0.0,ETH-28FEB20-200-P,219.89,82.77,0.03,280.0,0.035,824.0,89.79,0.15866,-0.38408,-0.03152,0.00756,-0.25653
226.8,ETH-27MAR20,1581332293374,open,0.01,672.0,0.001,0.019,0.007472,102.69,0.006,0.0,ETH-27MAR20-130-P,219.89,97.93,0.006,764.0,0.009,890.0,107.13,0.07425,-0.08309,-0.01455,0.00112,-0.04356
234.37,ETH-26JUN20,1581332324838,open,0.12,1627.0,0.067,0.166,0.114896,90.96,0.124,0.0,ETH-26JUN20-320-C,219.89,88.87,0.11,486.0,0.12,418.0,93.12,0.55047,-0.1829,0.24135,0.00294,0.38951
226.8,ETH-27MAR20,1581332293372,open,0.0,1411.0,0.001,0.015,0.005428,107.71,0.006,0.0,ETH-27MAR20-120-P,219.89,101.55,0.004,448.0,0.007,890.0,113.53,0.05709,-0.06703,-0.01055,0.00082,-0.03159
226.8,ETH-27MAR20,1581331309554,open,0.0,275.0,0.001,0.011,0.000284,124.37,0.003,0.0,ETH-27MAR20-70-P,219.89,0.0,0.0,0.0,0.002,399.0,158.5,0.00497,-0.00674,-0.00064,6e-05,-0.00195
226.8,ETH-27MAR20,1581332326054,open,0.0,2556.0,0.001,0.012,0.002866,114.64,0.002,0.0,ETH-27MAR20-560-C,219.89,109.34,0.002,417.0,0.004,565.0,120.15,0.04163,-0.05201,0.00535,0.00056,0.02165
226.8,ETH-27MAR20,1581332325109,open,0.02,7966.0,0.007,0.041,0.020092,92.47,0.018,0.0,ETH-27MAR20-160-P,219.89,89.26,0.018,642.0,0.022,578.0,95.29,0.15088,-0.15206,-0.037,0.00252,-0.10969
222.57,SYN.ETH-28FEB20,1581332238380,open,0.0,1569.0,0.001,0.016,0.004979,97.47,0.007,0.0,ETH-28FEB20-160-P,219.89,92.98,0.004,1250.0,0.006,300.0,101.68,0.05136,-0.14002,-0.00607,0.00217,-0.05069
226.8,ETH-27MAR20,1581331309558,open,0.0,1796.0,0.001,0.011,0.001664,110.13,0.002,0.0,ETH-27MAR20-100-P,219.89,102.53,0.001,1207.0,0.005,300.0,132.38,0.02317,-0.02781,-0.00359,0.00033,-0.01094
234.37,ETH-26JUN20,1581332324842,open,0.07,4118.0,0.033,0.117,0.070933,94.55,0.072,0.0,ETH-26JUN20-400-C,219.89,92.06,0.066,227.0,0.075,288.0,96.57,0.46841,-0.16179,0.16893,0.0024,0.26314
226.8,ETH-27MAR20,1581332293376,open,0.01,2829.0,0.001,0.025,0.010519,98.86,0.01,0.0,ETH-27MAR20-140-P,219.89,95.15,0.009,665.0,0.012,571.0,102.25,0.09625,-0.10371,-0.02021,0.00151,-0.06037
226.8,ETH-27MAR20,1581332241349,open,0.1,1784.0,0.066,0.149,0.10568,86.54,0.105,0.0,ETH-27MAR20-220-P,219.89,83.12,0.101,471.0,0.109,279.0,88.96,0.3107,-0.29304,-0.14423,0.00555,-0.40028
222.57,SYN.ETH-28FEB20,1581332238377,open,0.0,1891.0,0.001,0.012,0.00292,101.51,0.004,0.0,ETH-28FEB20-150-P,219.89,94.87,0.002,1250.0,0.004,300.0,107.91,0.03426,-0.09729,-0.00368,0.00139,-0.03081
234.37,ETH-26JUN20,1581332327288,open,0.0,2008.0,0.001,0.014,0.004512,96.38,0.004,0.0,ETH-26JUN20-80-P,219.89,94.34,0.004,533.0,0.005,100.0,98.2,0.06099,-0.02147,-0.01904,0.00031,-0.01716
222.57,SYN.ETH-28FEB20,1581331311740,open,0.0,838.0,0.001,0.011,0.000115,112.1,0.001,0.0,ETH-28FEB20-110-P,219.89,0.0,0.0,0.0,0.002,300.0,158.28,0.00242,-0.0076,-0.00018,9e-05,-0.00151
240.2,SYN.ETH-25SEP20,1581332327239,open,0.04,483.0,0.022,0.073,0.04455,91.85,0.043,0.0,ETH-25SEP20-120-P,219.89,89.9,0.042,203.0,0.047,469.0,93.69,0.3172,-0.06393,-0.20712,0.00096,-0.09356
226.8,ETH-27MAR20,1581332326056,open,0.0,14286.0,0.001,0.012,0.002139,117.11,0.002,0.0,ETH-27MAR20-600-C,219.89,107.06,0.001,523.0,0.004,450.0,127.37,0.0328,-0.04186,0.00405,0.00043,0.01636
222.57,SYN.ETH-28FEB20,1581332331530,open,0.12,1267.0,0.068,0.139,0.104338,84.8,0.099,0.0,ETH-28FEB20-210-C,219.89,83.15,0.103,180.0,0.111,422.0,92.96,0.18113,-0.42963,0.06022,0.0088,0.65677
222.57,SYN.ETH-28FEB20,1581332328531,open,0.0,901.0,0.001,0.011,0.001006,112.05,0.001,0.0,ETH-28FEB20-130-P,219.89,111.95,0.001,636.0,0.003,397.0,133.2,0.0142,-0.0445,-0.0013,0.00052,-0.01094
226.8,ETH-27MAR20,1581332325137,open,0.01,2918.0,0.002,0.03,0.011413,101.17,0.011,0.0,ETH-27MAR20-400-C,219.89,98.4,0.01,474.0,0.013,830.0,104.06,0.11994,-0.13224,0.01965,0.00183,0.08035
222.57,SYN.ETH-28FEB20,1581331309503,open,0.0,1678.0,0.001,0.011,0.00127,101.55,0.002,0.0,ETH-28FEB20-140-P,219.89,98.04,0.001,650.0,0.004,300.0,123.67,0.01844,-0.05239,-0.00175,0.00075,-0.0148
222.57,SYN.ETH-28FEB20,1581332331537,open,0.07,863.0,0.03,0.095,0.061185,85.61,0.072,0.0,ETH-28FEB20-230-C,219.89,81.99,0.058,438.0,0.065,468.0,89.94,0.1959,-0.46907,0.04442,0.00943,0.4687
222.57,SYN.ETH-28FEB20,1581332331539,open,0.05,1662.0,0.019,0.077,0.04579,86.1,0.049,0.0,ETH-28FEB20-240-C,219.89,82.78,0.043,508.0,0.049,270.0,89.89,0.18783,-0.45234,0.03664,0.00899,0.38194
226.8,ETH-27MAR20,1581332325126,open,0.14,2636.0,0.095,0.175,0.13562,86.5,0.131,0.0,ETH-27MAR20-220-C,219.89,83.13,0.131,725.0,0.141,576.0,90.43,0.3107,-0.29293,0.13229,0.00556,0.59971
222.57,SYN.ETH-28FEB20,1581332331535,open,0.09,1434.0,0.045,0.114,0.07963,84.09,0.077,0.0,ETH-28FEB20-220-C,219.89,82.22,0.078,422.0,0.085,272.0,90.25,0.19414,-0.45665,0.05256,0.00952,0.56179
222.57,SYN.ETH-28FEB20,1581331309496,open,0.0,404.0,0.001,0.011,2.8e-05,112.1,0.001,0.0,ETH-28FEB20-100-P,219.89,0.0,0.0,0.0,0.002,409.0,177.58,0.00072,-0.00226,-5e-05,3e-05,-0.00041
222.57,SYN.ETH-28FEB20,1581332331524,open,0.02,4317.0,0.006,0.045,0.021344,88.42,0.022,0.0,ETH-28FEB20-190-P,219.89,86.11,0.02,280.0,0.023,575.0,91.22,0.1303,-0.32227,-0.0222,0.00607,-0.18235
10342.75,BTC-26JUN20,1581332340723,open,0.01,461.4,0.0005,0.025,0.00746305,90.91,0.008,0.0,BTC-26JUN20-32000-C,9841.35,90.02,0.007,15.0,0.008,6.0,91.91,5.4604,-1.81335,1.26283,1e-05,0.04002
10342.75,BTC-26JUN20,1581332340723,open,0.26,34.6,0.225,0.326,0.27073643,68.59,0.27,0.0,BTC-26JUN20-12000-P,9841.35,64.14,0.26,7.8,0.276,5.0,70.77,25.00763,-6.26606,-32.11081,9e-05,-0.55717
10132.48,BTC-27MAR20,1581332340725,open,0.28,7.3,0.2495,0.2915,0.26883065,65.28,0.2695,0.0,BTC-27MAR20-7500-C,9841.35,0.0,0.249,11.0,0.2865,13.0,91.83,5.26134,-3.74334,8.31264,6e-05,0.92156
9954.84,SYN.BTC-28FEB20,1581332340723,open,0.26,97.1,0.232,0.267,0.24853923,71.06,0.275,0.0,BTC-28FEB20-7500-C,9841.35,0.0,0.233,11.0,0.2675,11.0,129.15,1.50362,-2.98874,3.51682,4e-05,0.96989
9954.84,SYN.BTC-28FEB20,1581332340727,open,0.0,248.8,0.0005,0.0105,5.91e-06,87.06,0.0005,0.0,BTC-28FEB20-5000-P,9841.35,0.0,0.0,0.0,0.0005,20.1,128.21,0.01044,-0.02541,-0.00062,0.0,-0.00012
10132.48,BTC-27MAR20,1581332340740,open,0.01,1984.9,0.0005,0.0255,0.00894266,81.87,0.0085,0.0,BTC-27MAR20-16000-C,9841.35,80.99,0.0085,24.0,0.0095,63.0,82.95,5.16372,-4.60769,0.86072,5e-05,0.07653
10342.75,BTC-26JUN20,1581332340740,open,0.36,125.9,0.328,0.3825,0.35280304,66.35,0.3545,0.0,BTC-26JUN20-7000-C,9841.35,46.77,0.3325,11.0,0.364,21.0,74.93,12.83439,-3.11065,20.36143,5e-05,0.87778
10552.79,SYN.BTC-25SEP20,1581332340740,open,0.06,174.5,0.0295,0.1045,0.05884525,75.91,0.061,0.0,BTC-25SEP20-20000-C,9841.35,75.34,0.0575,4.9,0.0605,9.6,76.61,24.80597,-4.13171,10.73777,5e-05,0.22183
10342.75,BTC-26JUN20,1581332340750,open,0.01,177.7,0.0005,0.031,0.0104346,87.34,0.0095,0.0,BTC-26JUN20-28000-C,9841.35,85.93,0.0095,36.0,0.0115,21.0,88.85,7.08447,-2.26017,1.74338,2e-05,0.05538
9954.84,SYN.BTC-28FEB20,1581332340752,open,0.08,395.6,0.0505,0.0995,0.07321227,54.37,0.075,0.0,BTC-28FEB20-9500-C,9841.35,51.59,0.071,21.0,0.078,11.0,60.32,7.94658,-12.08457,2.9253,0.0003,0.67323
10132.48,BTC-27MAR20,1581332340761,open,0.76,0.0,0.7435,0.828,0.78199125,88.68,1.23,0.0,BTC-27MAR20-18000-P,9841.35,0.0,0.0125,1.0,0.0,0.0,0.0,3.55098,-3.43229,-22.09015,3e-05,-0.95258
10342.75,BTC-26JUN20,1581332340766,open,0.02,497.8,0.0045,0.04,0.01543331,83.07,0.015,0.0,BTC-26JUN20-24000-C,9841.35,82.03,0.0145,21.0,0.0165,21.0,84.21,9.47753,-2.87592,2.53112,3e-05,0.08069
10342.75,BTC-26JUN20,1581332340781,open,0.75,1.0,0.7245,0.8375,0.77509799,76.17,0.9,0.0,BTC-26JUN20-18000-P,9841.35,0.0,0.001,2.0,1.0,1.0,177.7,16.01974,-4.45741,-62.25951,5e-05,-0.83013
10342.75,BTC-26JUN20,1581332340783,open,1.12,0.0,1.0935,1.212,1.14652627,80.72,None,0.0,BTC-26JUN20-22000-P,9841.35,0.0,0.001,2.0,2.21,1.0,500.0,11.14192,-3.28546,-79.36289,3e-05,-0.89967
10552.79,SYN.BTC-25SEP20,1581332340783,open,0.55,0.0,0.524,0.5625,0.54095464,69.54,None,0.0,BTC-25SEP20-5000-C,9841.35,46.01,0.528,7.0,0.558,7.0,86.76,8.75261,-1.33557,26.87534,2e-05,0.94888
9954.84,SYN.BTC-28FEB20,1581332340783,open,0.01,1060.1,0.0005,0.0185,0.00628989,58.15,0.0055,0.0,BTC-28FEB20-8500-P,9841.35,56.02,0.0055,50.0,0.007,50.1,59.96,3.81379,-6.20264,-0.50917,0.00014,-0.09815
9954.84,SYN.BTC-28FEB20,1581332340783,open,0.0,334.6,0.0005,0.0105,0.00019893,87.03,0.0005,0.0,BTC-28FEB20-6000-P,9841.35,0.0,0.0,0.0,0.0005,5.0,96.74,0.21452,-0.52223,-0.01664,1e-05,-0.00322
10552.79,SYN.BTC-25SEP20,1581332340786,open,0.47,1.0,0.439,0.4915,0.46232681,68.75,0.425,0.0,BTC-25SEP20-6000-C,9841.35,50.56,0.442,6.0,0.4845,6.0,83.93,14.08419,-2.12451,29.1699,3e-05,0.90508
10132.48,BTC-27MAR20,1581332340796,open,0.0,529.8,0.0005,0.0105,0.0009146,88.42,0.001,0.0,BTC-27MAR20-5000-P,9841.35,81.93,0.0005,60.3,0.0015,44.2,94.77,0.78539,-0.75686,-0.11323,1e-05,-0.00798
10132.48,BTC-27MAR20,1581332340796,open,2.12,0.0,2.097,2.2255,2.15878743,117.42,None,0.0,BTC-27MAR20-32000-P,9841.35,0.0,0.0005,1.0,0.0,0.0,0.0,0.54896,-0.70257,-40.16001,0.0,-0.99468
9954.84,SYN.BTC-28FEB20,1581332340796,open,0.36,15.3,0.334,0.363,0.34774452,86.42,0.301,0.0,BTC-28FEB20-6500-C,9841.35,0.0,0.335,11.0,0.363,12.0,160.56,0.58988,-1.42593,3.13095,1e-05,0.98995
9954.84,SYN.BTC-28FEB20,1581332340796,open,0.05,145.4,0.029,0.078,0.05044494,54.44,0.05,0.0,BTC-28FEB20-10000-P,9841.35,53.37,0.0495,13.8,0.0515,18.1,55.63,8.78654,-13.3795,-2.63952,0.00033,-0.49096
10552.79,SYN.BTC-25SEP20,1581332340796,open,0.1,284.9,0.0575,0.1465,0.09502356,72.82,0.098,0.0,BTC-25SEP20-16000-C,9841.35,72.11,0.093,10.0,0.0975,9.2,73.68,30.25317,-4.83398,15.58317,6e-05,0.33155
9954.84,SYN.BTC-28FEB20,1581332340796,open,0.41,1.1,0.385,0.4105,0.3974455,85.47,0.3535,0.0,BTC-28FEB20-6000-C,9841.35,0.0,0.3865,7.0,0.4115,7.0,178.16,0.18891,-0.45164,2.92404,0.0,0.99721
10342.75,BTC-26JUN20,1581332340800,open,0.03,277.0,0.0145,0.054,0.0296076,66.35,0.0295,0.0,BTC-26JUN20-7000-P,9841.35,65.45,0.0285,19.0,0.0305,14.8,67.07,12.83465,-3.11079,-5.88892,5e-05,-0.12223
10552.79,SYN.BTC-25SEP20,1581332340800,open,0.4,5.2,0.3625,0.4295,0.39292728,68.75,0.392,0.0,BTC-25SEP20-7000-C,9841.35,52.18,0.3645,6.0,0.419,6.0,82.23,19.62644,-2.96072,29.97136,4e-05,0.84785
10552.79,SYN.BTC-25SEP20,1581332340800,open,0.13,337.7,0.0835,0.178,0.12448241,70.99,0.123,0.0,BTC-25SEP20-14000-C,9841.35,70.18,0.122,18.8,0.1275,8.8,71.97,32.44395,-5.05352,18.91455,7e-05,0.41158
10552.79,SYN.BTC-25SEP20,1581332340802,open,2.38,0.0,2.351,2.5235,2.42903667,86.66,None,0.0,BTC-25SEP20-36000-P,9841.35,0.0,0.0005,1.0,0.0,0.0,0.0,11.63196,-2.21191,-221.06714,2e-05,-0.92642
9954.84,SYN.BTC-28FEB20,1581332340802,open,0.0,670.6,0.0005,0.0105,0.0007274,86.99,0.0005,0.0,BTC-28FEB20-6500-P,9841.35,82.8,0.0005,21.0,0.001,50.5,90.98,0.60923,-1.4824,-0.05441,1e-05,-0.01043
10342.75,BTC-26JUN20,1581332340804,open,0.71,28.7,0.701,0.7205,0.71085278,86.49,0.715,0.0,BTC-26JUN20-3000-C,9841.35,0.0,0.7075,10.0,0.7175,10.0,121.35,0.85688,-0.27074,11.03474,0.0,0.99536
9954.84,SYN.BTC-28FEB20,1581332340804,open,0.5,0.6,0.4875,0.5075,0.49771138,0.0,0.465,0.0,BTC-28FEB20-5000-C,9841.35,0.0,0.494,8.0,0.5085,8.0,214.34,0.0,0.0,2.44873,0.0,1.0
10552.79,SYN.BTC-25SEP20,1581332340804,open,0.02,33.5,0.0055,0.046,0.01743229,86.5,0.0185,0.0,BTC-25SEP20-36000-C,9841.35,85.63,0.0165,6.0,0.0185,10.0,87.46,11.56232,-2.19441,3.66121,2e-05,0.073
10552.79,SYN.BTC-25SEP20,1581332340804,open,0.63,1.1,0.616,0.642,0.62718506,72.22,0.607,0.0,BTC-25SEP20-4000-C,9841.35,49.96,0.6215,7.0,0.639,7.0,91.96,4.63546,-0.73456,23.01029,1e-05,0.97645
10132.48,BTC-27MAR20,1581332340806,open,0.57,25.2,0.5515,0.632,0.58808379,81.99,0.6,0.0,BTC-27MAR20-16000-P,9841.35,0.0,0.05,0.1,0.95,0.1,369.31,5.18216,-4.63088,-19.24536,5e-05,-0.92311
10132.48,BTC-27MAR20,1581332340806,open,0.0,1397.8,0.0005,0.012,0.00248579,78.66,0.003,0.0,BTC-27MAR20-6000-P,9841.35,75.85,0.002,35.5,0.003,56.0,81.29,1.86887,-1.60217,-0.30893,2e-05,-0.02177
9954.84,SYN.BTC-28FEB20,1581332340819,open,0.29,0.0,0.282,0.344,0.31041436,75.72,None,0.0,BTC-28FEB20-13000-P,9841.35,0.0,0.0055,0.1,0.0,0.0,0.0,2.81559,-5.96359,-6.06855,8e-05,-0.93433
10552.79,SYN.BTC-25SEP20,1581332340819,open,0.29,106.7,0.24,0.3275,0.2801426,68.76,0.28,0.0,BTC-25SEP20-9000-C,9841.35,61.81,0.2615,13.0,0.289,13.0,72.05,28.36327,-4.27899,28.57264,6e-05,0.71383
9954.84,SYN.BTC-28FEB20,1581332340819,open,0.0,776.8,0.0005,0.0105,0.0009215,75.95,0.0015,0.0,BTC-28FEB20-7000-P,9841.35,69.76,0.0005,66.3,0.0015,50.0,81.93,0.81803,-1.73786,-0.07597,2e-05,-0.01466
10552.79,SYN.BTC-25SEP20,1581332340819,open,0.34,35.5,0.296,0.375,0.33232138,68.75,0.33,0.0,BTC-25SEP20-8000-C,9841.35,61.43,0.3155,13.0,0.337,13.0,70.76,24.51237,-3.69793,29.67375,5e-05,0.78272
222.57,SYN.ETH-28FEB20,1581332340994,open,0.43,38.0,0.398,0.436,0.416927,112.05,0.281,0.0,ETH-28FEB20-130-C,219.89,0.0,0.401,40.0,0.427,40.0,175.37,0.0142,-0.0445,0.06236,0.00052,0.98906
10132.48,BTC-27MAR20,1581332341000,open,0.06,701.2,0.0335,0.088,0.0572861,63.87,0.056,0.0,BTC-27MAR20-11000-C,9841.35,62.94,0.056,4.0,0.0585,19.9,64.76,13.89147,-9.67077,4.38323,0.00017,0.40147
222.58,SYN.ETH-28FEB20,1581332341390,open,0.3,0.0,0.271,0.368,0.317586,100.93,None,0.0,ETH-28FEB20-290-P,219.88,0.0,0.0,0.0,0.0,0.0,0.0,0.11051,-0.31197,-0.12819,0.00451,-0.85835
222.58,SYN.ETH-28FEB20,1581332341390,open,0.22,0.0,0.189,0.283,0.234453,93.45,None,0.0,ETH-28FEB20-270-P,219.88,0.0,0.0,0.0,0.0,0.0,0.0,0.1392,-0.36385,-0.11242,0.00614,-0.79686
220.47,SYN.ETH-14FEB20,1581332341390,open,0.38,1.0,0.346,0.384,0.364975,0.0,0.27,0.0,ETH-14FEB20-140-C,219.88,0.0,0.352,37.0,0.375,37.0,319.71,0.0,0.0,0.01487,0.0,1.0
221.53,SYN.ETH-21FEB20,1581332341390,open,0.03,3.0,0.011,0.064,0.033499,83.13,0.033,0.0,ETH-21FEB20-210-P,219.88,79.11,0.031,240.0,0.036,546.0,87.12,0.13822,-0.52823,-0.02389,0.01137,-0.32845
220.47,SYN.ETH-14FEB20,1581332341390,open,0.2,77.0,0.159,0.211,0.184546,101.99,0.183,0.0,ETH-14FEB20-180-C,219.88,0.0,0.183,14.0,0.199,31.0,197.74,0.0127,-0.16713,0.01854,0.00241,0.97629
221.53,SYN.ETH-21FEB20,1581332341390,open,0.25,0.0,0.21,0.263,0.236073,96.51,None,0.0,ETH-21FEB20-170-C,219.88,0.0,0.232,1.0,0.251,34.0,151.1,0.03767,-0.16713,0.04731,0.00267,0.95279
221.53,SYN.ETH-21FEB20,1581332341390,open,0.1,2.0,0.074,0.156,0.113961,89.05,0.086,0.0,ETH-21FEB20-240-P,219.88,0.0,0.011,25.0,0.212,25.0,234.53,0.13822,-0.56592,-0.05185,0.01061,-0.67153
220.47,SYN.ETH-14FEB20,1581332341390,open,0.33,1.0,0.299,0.339,0.319619,0.0,0.332,0.0,ETH-14FEB20-150-C,219.88,0.0,0.305,35.0,0.331,35.0,289.66,0.0,0.0,0.01593,0.0,1.0
221.53,SYN.ETH-21FEB20,1581332341390,open,0.05,12.0,0.023,0.087,0.052715,81.81,0.053,0.0,ETH-21FEB20-220-P,219.88,77.84,0.05,210.0,0.055,6.0,85.15,0.15147,-0.56969,-0.03334,0.01266,-0.45239
221.53,SYN.ETH-21FEB20,1581332341390,open,0.01,76.0,0.001,0.02,0.006003,90.45,0.006,0.0,ETH-21FEB20-180-P,219.88,86.37,0.005,650.0,0.007,370.0,94.22,0.05664,-0.23555,-0.00565,0.00428,-0.07962
221.53,SYN.ETH-21FEB20,1581332341390,open,0.13,0.0,0.108,0.194,0.14986,91.41,None,0.0,ETH-21FEB20-250-P,219.88,0.0,0.0,0.0,0.0,0.0,0.0,0.12045,-0.5062,-0.05967,0.00901,-0.75408
220.47,SYN.ETH-14FEB20,1581332341390,open,0.42,39.0,0.393,0.428,0.410334,0.0,0.318,0.0,ETH-14FEB20-130-C,219.88,0.0,0.398,39.0,0.42,39.0,358.7,0.0,0.0,0.0138,0.0,1.0
221.53,SYN.ETH-21FEB20,1581332341390,open,0.07,98.0,0.045,0.122,0.082118,87.15,0.069,0.0,ETH-21FEB20-230-P,219.88,78.11,0.076,180.0,0.083,205.0,88.46,0.15025,-0.60205,-0.04299,0.01179,-0.56916
221.53,SYN.ETH-21FEB20,1581332341390,open,0.05,154.0,0.016,0.075,0.043828,87.09,0.054,0.0,ETH-21FEB20-230-C,219.88,82.91,0.041,180.0,0.046,290.0,90.29,0.15025,-0.60155,0.02554,0.0118,0.43074
221.53,SYN.ETH-21FEB20,1581332341390,open,0.29,0.0,0.256,0.303,0.279169,97.27,None,0.0,ETH-21FEB20-160-C,219.88,0.0,0.262,35.0,0.292,35.0,161.96,0.01976,-0.08837,0.04615,0.00139,0.9784
222.58,SYN.ETH-28FEB20,1581332341390,open,0.18,0.0,0.151,0.242,0.194989,90.24,None,0.0,ETH-28FEB20-260-P,219.88,0.0,0.0,0.0,0.0,0.0,0.0,0.15613,-0.39408,-0.10314,0.00713,-0.75119
220.47,SYN.ETH-14FEB20,1581332341390,open,0.29,2.0,0.252,0.296,0.274288,0.0,0.288,0.0,ETH-14FEB20-160-C,219.88,0.0,0.259,33.0,0.287,33.0,259.38,0.0,0.0,0.01699,0.0,1.0
220.47,SYN.ETH-14FEB20,1581332341390,open,0.0,30.0,0.001,0.011,3e-06,102.7,0.001,0.0,ETH-14FEB20-150-P,219.88,0.0,0.0,0.0,0.001,42.0,178.64,0.0001,-0.00064,0.0,2e-05,-0.00011
220.47,SYN.ETH-14FEB20,1581332341390,open,0.03,1615.0,0.008,0.066,0.033918,85.22,0.03,0.0,ETH-14FEB20-220-P,219.88,78.1,0.031,180.0,0.037,472.0,92.73,0.09042,-0.99407,-0.01186,0.02056,-0.47273
220.47,SYN.ETH-14FEB20,1581332341390,open,0.01,2661.0,0.001,0.025,0.006508,89.28,0.008,0.0,ETH-14FEB20-200-P,219.88,82.2,0.005,990.0,0.008,640.0,95.72,0.0492,-0.56673,-0.0033,0.01068,-0.13451
220.47,SYN.ETH-14FEB20,1581332341390,open,0.0,1344.0,0.001,0.011,0.000212,102.68,0.001,0.0,ETH-14FEB20-170-P,219.88,0.0,0.0,0.0,0.001,10.0,126.81,0.00388,-0.04678,-0.00015,0.00073,-0.00603
221.53,SYN.ETH-21FEB20,1581332341390,open,0.03,25.0,0.004,0.047,0.021285,91.32,0.023,0.0,ETH-21FEB20-250-C,219.88,87.05,0.019,280.0,0.024,564.0,96.24,0.12038,-0.50538,0.01481,0.00902,0.24564
221.53,SYN.ETH-21FEB20,1581332341390,open,0.0,734.0,0.001,0.011,0.001458,97.63,0.001,0.0,ETH-21FEB20-160-P,219.88,91.97,0.001,650.0,0.002,4.0,103.06,0.02004,-0.08994,-0.00155,0.0014,-0.02196
220.47,SYN.ETH-14FEB20,1581332341390,open,0.24,12.0,0.206,0.252,0.22911,100.56,0.239,0.0,ETH-14FEB20-170-C,219.88,0.0,0.212,32.0,0.243,32.0,228.8,0.00342,-0.04431,0.01792,0.00066,0.99478
220.47,SYN.ETH-14FEB20,1581332341390,open,0.0,574.0,0.001,0.011,0.0,102.7,0.001,0.0,ETH-14FEB20-130-P,219.88,0.0,0.0,0.0,0.001,1.0,236.62,0.0,0.0,0.0,0.0,0.0
220.47,SYN.ETH-14FEB20,1581332341390,open,0.0,666.0,0.001,0.011,0.001007,102.62,0.001,0.0,ETH-14FEB20-180-P,219.88,102.51,0.001,345.0,0.004,340.0,134.65,0.013,-0.17208,-0.00059,0.00245,-0.02437
221.53,SYN.ETH-21FEB20,1581332341390,open,0.17,0.0,0.147,0.234,0.188607,93.91,None,0.0,ETH-21FEB20-260-P,219.88,0.0,0.0,0.0,0.0,0.0,0.0,0.10112,-0.43659,-0.06643,0.00736,-0.81775
221.53,SYN.ETH-21FEB20,1581332341390,open,0.04,46.0,0.009,0.059,0.030528,88.98,0.034,0.0,ETH-21FEB20-240-C,219.88,84.9,0.028,240.0,0.033,553.0,92.92,0.13819,-0.56529,0.01965,0.01062,0.32828
221.53,SYN.ETH-21FEB20,1581332341390,open,0.0,20.0,0.001,0.014,0.003504,96.71,0.003,0.0,ETH-21FEB20-170-P,219.88,93.64,0.003,448.0,0.004,300.0,99.51,0.03787,-0.16837,-0.00337,0.00268,-0.04752
221.53,SYN.ETH-21FEB20,1581332341390,open,0.21,6.0,0.165,0.222,0.193428,90.31,0.205,0.0,ETH-21FEB20-180-C,219.88,0.0,0.187,1.0,0.211,33.0,140.17,0.05649,-0.23452,0.048,0.00428,0.92067
220.47,SYN.ETH-14FEB20,1581332341390,open,0.0,38.0,0.001,0.011,0.0,102.7,0.001,0.0,ETH-14FEB20-140-P,219.88,0.0,0.0,0.0,0.001,11.0,206.71,1e-05,-4e-05,0.0,0.0,-1e-05
220.47,SYN.ETH-14FEB20,1581332341390,open,0.0,2070.0,0.001,0.011,3.1e-05,102.69,0.001,0.0,ETH-14FEB20-160-P,219.88,0.0,0.0,0.0,0.001,3.0,152.1,0.00078,-0.00683,-2e-05,0.00015,-0.00103
221.53,SYN.ETH-21FEB20,1581332341390,open,0.1,55.0,0.051,0.119,0.085495,83.06,0.105,0.0,ETH-21FEB20-210-C,219.88,80.66,0.084,180.0,0.092,210.0,93.41,0.13821,-0.52774,0.03869,0.01138,0.67164
222.58,SYN.ETH-28FEB20,1581332341390,open,0.26,0.0,0.23,0.325,0.275407,96.92,None,0.0,ETH-28FEB20-280-P,219.88,0.0,0.0,0.0,0.0,0.0,0.0,0.12363,-0.33516,-0.12073,0.00526,-0.83215
222.58,SYN.ETH-28FEB20,1581332341390,open,0.02,10.0,0.004,0.041,0.01739,96.82,0.018,0.0,ETH-28FEB20-280-C,219.88,94.27,0.016,280.0,0.019,240.0,99.67,0.12348,-0.33441,0.01637,0.00526,0.16754
240.21,SYN.ETH-25SEP20,1581332341402,open,0.02,243.0,0.011,0.048,0.026478,93.71,0.033,0.0,ETH-25SEP20-100-P,219.88,91.03,0.024,226.0,0.029,170.0,96.34,0.22645,-0.04656,-0.12987,0.00067,-0.06012
240.21,SYN.ETH-25SEP20,1581332341414,open,0.04,483.0,0.022,0.073,0.044554,91.86,0.043,0.0,ETH-25SEP20-120-P,219.88,89.91,0.042,202.0,0.047,469.0,93.7,0.31721,-0.06393,-0.20713,0.00096,-0.09356
240.21,SYN.ETH-25SEP20,1581332341416,open,0.07,403.0,0.039,0.106,0.069635,91.22,0.06,0.0,ETH-25SEP20-140-P,219.88,88.48,0.065,202.0,0.071,462.0,92.02,0.4092,-0.0819,-0.30482,0.00125,-0.13362
240.21,SYN.ETH-25SEP20,1581332341418,open,0.1,223.0,0.062,0.146,0.101652,91.22,0.105,0.0,ETH-25SEP20-160-P,219.88,87.97,0.095,214.0,0.108,283.0,94.29,0.49402,-0.09888,-0.41894,0.0015,-0.1777
240.21,SYN.ETH-25SEP20,1581332341420,open,0.13,1055.0,0.09,0.188,0.137042,90.26,0.13,0.0,ETH-25SEP20-180-P,219.88,88.12,0.132,194.0,0.141,272.0,91.93,0.56674,-0.11224,-0.54035,0.00174,-0.22326
240.21,SYN.ETH-25SEP20,1581332341422,open,0.35,272.0,0.291,0.4,0.346925,90.24,0.352,0.0,ETH-25SEP20-200-C,219.88,87.21,0.339,186.0,0.353,110.0,92.57,0.62732,-0.12421,0.57481,0.00193,0.73021
240.21,SYN.ETH-25SEP20,1581332341425,open,0.17,254.0,0.125,0.237,0.179554,90.25,0.175,0.0,ETH-25SEP20-200-P,219.88,88.13,0.174,200.0,0.188,261.0,93.49,0.62732,-0.12423,-0.67387,0.00193,-0.26978
240.21,SYN.ETH-25SEP20,1581332341427,open,0.31,566.0,0.251,0.366,0.309778,89.86,0.32,0.0,ETH-25SEP20-220-C,219.88,87.46,0.303,456.0,0.315,263.0,91.72,0.67519,-0.13313,0.56117,0.00209,0.68397
240.21,SYN.ETH-25SEP20,1581332341429,open,0.28,296.0,0.217,0.336,0.277751,89.86,0.285,0.0,ETH-25SEP20-240-C,219.88,87.59,0.271,473.0,0.284,375.0,91.98,0.71063,-0.14012,0.54204,0.0022,0.63918
240.21,SYN.ETH-25SEP20,1581332341431,open,0.23,933.0,0.164,0.287,0.226227,90.5,0.22,0.0,ETH-25SEP20-280-C,219.88,88.5,0.22,473.0,0.232,275.0,92.35,0.74948,-0.14882,0.49595,0.0023,0.55693
240.21,SYN.ETH-25SEP20,1581332341433,open,0.19,371.0,0.125,0.247,0.185895,91.05,0.18,0.0,ETH-25SEP20-320-C,219.88,89.49,0.181,275.0,0.191,280.0,92.67,0.75662,-0.15115,0.44775,0.00231,0.48445
240.21,SYN.ETH-25SEP20,1581332341435,open,0.16,341.0,0.097,0.215,0.154545,91.69,0.162,0.0,ETH-25SEP20-360-C,219.88,90.22,0.15,279.0,0.159,141.0,93.13,0.74276,-0.14943,0.40143,0.00225,0.42222
240.21,SYN.ETH-25SEP20,1581332341438,open,0.14,471.0,0.079,0.194,0.134037,93.75,0.134,0.0,ETH-25SEP20-400-C,219.88,92.74,0.131,100.0,0.137,382.0,94.74,0.71986,-0.14808,0.36173,0.00213,0.37524
240.21,SYN.ETH-25SEP20,1581332341441,open,0.11,242.0,0.062,0.171,0.112827,93.94,0.11,0.0,ETH-25SEP20-440-C,219.88,92.24,0.108,492.0,0.117,385.0,95.4,0.68605,-0.14141,0.32334,0.00203,0.32843
240.21,SYN.ETH-25SEP20,1581332341443,open,0.1,349.0,0.051,0.155,0.098672,95.27,0.1,0.0,ETH-25SEP20-480-C,219.88,93.54,0.094,198.0,0.103,388.0,96.85,0.6533,-0.13656,0.29213,0.0019,0.29347
240.21,SYN.ETH-25SEP20,1581332341445,open,0.09,45.0,0.041,0.139,0.085296,95.81,0.093,0.0,ETH-25SEP20-520-C,219.88,94.51,0.082,207.0,0.088,5.0,96.86,0.6163,-0.12956,0.2628,0.00179,0.26053
240.21,SYN.ETH-25SEP20,1581332341447,open,0.08,563.0,0.036,0.132,0.078558,98.1,0.078,0.0,ETH-25SEP20-560-C,219.88,95.39,0.072,182.0,0.085,293.0,100.68,0.5908,-0.12716,0.24297,0.00167,0.24057
240.21,SYN.ETH-25SEP20,1581332341449,open,0.07,136.0,0.031,0.122,0.070575,99.23,0.065,0.0,ETH-25SEP20-600-C,219.88,96.81,0.065,4.0,0.076,295.0,101.52,0.56056,-0.12205,0.22263,0.00157,0.21903
240.21,SYN.ETH-25SEP20,1581332341451,open,0.06,1659.0,0.025,0.111,0.061463,99.23,0.064,0.0,ETH-25SEP20-640-C,219.88,96.68,0.056,203.0,0.06,10.0,98.56,0.52412,-0.11412,0.20102,0.00147,0.1955
240.21,SYN.ETH-25SEP20,1581332341453,open,0.06,2.0,0.022,0.104,0.056451,100.55,0.057,0.0,ETH-25SEP20-680-C,219.88,97.87,0.051,175.0,0.062,298.0,103.17,0.49937,-0.11018,0.18644,0.00138,0.18077
240.21,SYN.ETH-25SEP20,1581332341466,open,0.05,1.0,0.019,0.095,0.049678,100.55,0.055,0.0,ETH-25SEP20-720-C,219.88,98.09,0.045,202.0,0.052,299.0,101.74,0.46644,-0.10291,0.16914,0.00129,0.16246
240.21,SYN.ETH-25SEP20,1581332341468,open,0.01,468.0,0.003,0.027,0.012986,94.85,0.021,0.0,ETH-25SEP20-80-P,219.88,93.11,0.012,214.0,0.014,270.0,96.57,0.13886,-0.0289,-0.06859,0.00041,-0.03275
234.36,ETH-26JUN20,1581332341470,open,0.01,846.0,0.002,0.025,0.01144,94.46,0.011,0.0,ETH-26JUN20-100-P,219.88,91.58,0.01,586.0,0.013,200.0,97.38,0.12132,-0.04186,-0.04439,0.00062,-0.03907
234.37,ETH-26JUN20,1581332341472,open,0.04,717.0,0.019,0.07,0.040924,91.48,0.039,0.0,ETH-26JUN20-140-P,219.88,88.13,0.037,512.0,0.045,297.0,94.86,0.27873,-0.09314,-0.13712,0.00148,-0.11509
234.36,ETH-26JUN20,1581332341474,open,0.09,900.0,0.057,0.139,0.095509,89.26,0.082,0.0,ETH-26JUN20-180-P,219.88,86.8,0.091,537.0,0.1,457.0,91.7,0.4302,-0.14027,-0.2815,0.00234,-0.22479
234.36,ETH-26JUN20,1581332341476,open,0.29,2348.0,0.23,0.328,0.280247,88.9,0.296,0.0,ETH-26JUN20-200-C,219.88,85.9,0.274,234.0,0.285,180.0,91.18,0.48852,-0.15864,0.3807,0.00267,0.71343
234.36,ETH-26JUN20,1581332341478,open,0.13,1076.0,0.087,0.184,0.133599,88.88,0.117,0.0,ETH-26JUN20-200-P,219.88,86.67,0.129,223.0,0.139,444.0,91.47,0.48851,-0.1586,-0.36927,0.00267,-0.28657
234.36,ETH-26JUN20,1581332341480,open,0.25,1058.0,0.187,0.29,0.23959,88.74,0.256,0.0,ETH-26JUN20-220-C,219.88,86.27,0.234,215.0,0.245,439.0,91.13,0.53102,-0.17213,0.36158,0.00291,0.65101
234.36,ETH-26JUN20,1581332341482,open,0.21,1033.0,0.151,0.257,0.204852,88.72,0.209,0.0,ETH-26JUN20-240-C,219.88,86.26,0.199,513.0,0.21,263.0,90.88,0.55787,-0.1808,0.3386,0.00305,0.59013
234.36,ETH-26JUN20,1581332341485,open,0.16,993.0,0.1,0.204,0.152009,89.65,0.16,0.0,ETH-26JUN20-280-C,219.88,87.19,0.146,491.0,0.158,411.0,92.11,0.57184,-0.18728,0.28846,0.0031,0.48023
234.36,ETH-26JUN20,1581332341487,open,0.12,1627.0,0.067,0.166,0.11491,90.97,0.124,0.0,ETH-26JUN20-320-C,219.88,88.87,0.11,492.0,0.12,418.0,93.13,0.55045,-0.18291,0.24134,0.00294,0.38952
234.36,ETH-26JUN20,1581332341487,open,0.67,0.0,0.65,0.678,0.66317,96.42,None,0.0,ETH-26JUN20-80-C,219.88,0.0,0.658,58.0,0.677,57.0,130.68,0.06109,-0.02152,0.28092,0.00031,0.98281
234.36,ETH-26JUN20,1581332341489,open,0.09,2546.0,0.048,0.141,0.091523,93.76,0.095,0.0,ETH-26JUN20-360-C,219.88,90.3,0.084,513.0,0.098,283.0,96.68,0.51493,-0.17636,0.20305,0.00267,0.32256
234.36,ETH-26JUN20,1581332341491,open,0.07,4118.0,0.033,0.117,0.070932,94.56,0.072,0.0,ETH-26JUN20-400-C,219.88,92.06,0.066,232.0,0.075,288.0,96.58,0.46838,-0.16178,0.16891,0.0024,0.26313
234.36,ETH-26JUN20,1581332341493,open,0.06,980.0,0.023,0.096,0.054332,94.6,0.065,0.0,ETH-26JUN20-440-C,219.88,92.7,0.051,520.0,0.057,412.0,96.09,0.4165,-0.14393,0.13901,0.00214,0.21251
234.36,ETH-26JUN20,1581332341495,open,0.05,798.0,0.016,0.081,0.043116,95.42,0.045,0.0,ETH-26JUN20-480-C,219.88,93.41,0.04,521.0,0.046,416.0,97.22,0.36989,-0.12893,0.11586,0.00188,0.17495
234.37,ETH-26JUN20,1581332341497,open,0.04,227.0,0.012,0.069,0.034569,96.17,0.037,0.0,ETH-26JUN20-520-C,219.88,94.3,0.032,516.0,0.037,120.0,97.89,0.32692,-0.11485,0.09694,0.00165,0.14487
234.36,ETH-26JUN20,1581332341499,open,0.03,1690.0,0.009,0.059,0.02755,96.53,0.037,0.0,ETH-26JUN20-560-C,219.88,94.39,0.025,509.0,0.03,120.0,98.49,0.28604,-0.10086,0.0807,0.00144,0.11938
234.36,ETH-26JUN20,1581332341501,open,0.02,2628.0,0.007,0.052,0.023002,97.67,0.024,0.0,ETH-26JUN20-600-C,219.88,95.79,0.021,300.0,0.025,120.0,99.47,0.25474,-0.09089,0.06905,0.00127,0.10157
234.36,ETH-26JUN20,1581332341502,open,0.02,3811.0,0.005,0.045,0.018981,98.32,0.023,0.0,ETH-26JUN20-640-C,219.88,96.19,0.017,300.0,0.021,120.0,100.36,0.22474,-0.08071,0.05865,0.00111,0.08572
234.36,ETH-26JUN20,1581332341504,open,0.0,2008.0,0.001,0.014,0.00451,96.37,0.004,0.0,ETH-26JUN20-80-P,219.88,94.33,0.004,532.0,0.005,100.0,98.19,0.06097,-0.02146,-0.01904,0.00031,-0.01715
220.47,SYN.ETH-14FEB20,1581332341693,open,0.16,182.0,0.112,0.169,0.140675,94.25,0.157,0.0,ETH-14FEB20-190-C,219.88,96.92,0.141,584.0,0.16,55.0,184.35,0.026,-0.31618,0.01878,0.00535,0.94297
220.47,SYN.ETH-14FEB20,1581332341695,open,0.11,509.0,0.068,0.13,0.099329,89.1,0.12,0.0,ETH-14FEB20-200-C,219.88,87.61,0.099,572.0,0.104,85.0,108.08,0.04909,-0.56425,0.01795,0.01067,0.86595
220.47,SYN.ETH-14FEB20,1581332341698,open,0.08,610.0,0.03,0.095,0.063352,86.07,0.066,0.0,ETH-14FEB20-210-C,219.88,82.12,0.062,461.0,0.069,85.0,102.07,0.07602,-0.84408,0.01545,0.01711,0.72345
220.47,SYN.ETH-14FEB20,1581332341700,open,0.01,1478.0,0.002,0.042,0.01589,86.2,0.014,0.0,ETH-14FEB20-210-P,219.88,80.66,0.014,239.0,0.018,568.0,92.25,0.07605,-0.84567,-0.00685,0.01709,-0.2768
220.47,SYN.ETH-14FEB20,1581332341702,open,0.05,1762.0,0.009,0.066,0.036022,85.1,0.033,0.0,ETH-14FEB20-220-C,219.88,80.17,0.034,664.0,0.041,251.0,97.24,0.09042,-0.99279,0.0115,0.02059,0.52726
220.47,SYN.ETH-14FEB20,1581332341703,open,0.03,2791.0,0.003,0.048,0.02075,91.87,0.017,0.0,ETH-14FEB20-230-C,219.88,84.57,0.018,754.0,0.022,266.0,95.16,0.08368,-0.99188,0.00759,0.01765,0.34477
220.47,SYN.ETH-14FEB20,1581332341705,open,0.02,1542.0,0.001,0.035,0.011611,97.44,0.012,0.0,ETH-14FEB20-240-C,219.88,91.95,0.01,614.0,0.013,286.0,102.0,0.06608,-0.83061,0.00472,0.01314,0.21331
221.53,SYN.ETH-21FEB20,1581332341708,open,0.17,0.0,0.121,0.184,0.153331,86.8,None,0.0,ETH-21FEB20-190-C,219.88,85.92,0.153,485.0,0.16,45.0,103.11,0.08335,-0.33262,0.04692,0.00657,0.86423
221.53,SYN.ETH-21FEB20,1581332341710,open,0.01,222.0,0.002,0.03,0.011049,86.91,0.011,0.0,ETH-21FEB20-190-P,219.88,84.07,0.01,347.0,0.012,347.0,89.4,0.08345,-0.33343,-0.00971,0.00657,-0.13601
221.53,SYN.ETH-21FEB20,1581332341712,open,0.13,1.0,0.082,0.149,0.116663,83.99,0.114,0.0,ETH-21FEB20-200-C,219.88,82.68,0.116,410.0,0.123,85.0,96.06,0.11275,-0.43536,0.04389,0.00918,0.78161
222.58,SYN.ETH-28FEB20,1581332341717,open,0.01,646.0,0.001,0.024,0.008492,94.5,0.009,0.0,ETH-28FEB20-170-P,219.88,89.85,0.007,1229.0,0.01,340.0,98.85,0.07445,-0.19681,-0.00984,0.00325,-0.08178
222.58,SYN.ETH-28FEB20,1581332341728,open,0.01,646.0,0.001,0.024,0.008492,94.5,0.009,0.0,ETH-28FEB20-170-P,219.88,89.85,0.007,1229.0,0.01,600.0,98.85,0.07445,-0.19681,-0.00984,0.00325,-0.08178
9865.96,SYN.BTC-14FEB20,1581332341976,open,0.0,78.2,0.0005,0.0105,3.1e-07,65.44,0.0005,0.0,BTC-14FEB20-7500-P,9841.35,0.0,0.0,0.0,0.0005,20.1,119.98,0.00091,-0.00309,-2e-05,0.0,-2e-05
9865.96,SYN.BTC-14FEB20,1581332341976,open,0.25,5.0,0.2245,0.2545,0.23976132,0.0,0.237,0.0,BTC-14FEB20-7500-C,9841.35,0.0,0.2335,6.0,0.256,6.0,248.74,0.0,0.0,0.79638,0.0,1.0
9865.96,SYN.BTC-14FEB20,1581332341976,open,0.0,269.1,0.0005,0.0105,1.562e-05,65.41,0.0005,0.0,BTC-14FEB20-8000-P,9841.35,0.0,0.0,0.0,0.0005,30.2,94.8,0.02895,-0.15413,-0.00089,0.0,-0.00083
9865.96,SYN.BTC-14FEB20,1581332341976,open,0.0,175.9,0.0005,0.0105,2.53e-06,65.43,0.0005,0.0,BTC-14FEB20-7750-P,9841.35,0.0,0.0,0.0,0.0005,20.1,107.25,0.00591,-0.02497,-0.00016,0.0,-0.00015
9865.96,SYN.BTC-14FEB20,1581332341978,open,0.0,466.5,0.0005,0.0105,7.565e-05,65.39,0.0005,0.0,BTC-14FEB20-8250-P,9841.35,0.0,0.0,0.0,0.001,65.0,92.15,0.10931,-0.74633,-0.00384,2e-05,-0.00359
9865.96,SYN.BTC-14FEB20,1581332341978,open,0.2,0.6,0.173,0.205,0.18909403,0.0,0.154,0.0,BTC-14FEB20-8000-C,9841.35,0.0,0.1825,6.0,0.207,6.0,213.07,0.0,0.0,0.84947,0.0,1.0
9865.96,SYN.BTC-14FEB20,1581332341978,open,0.23,0.0,0.1985,0.23,0.21442224,0.0,None,0.0,BTC-14FEB20-7750-C,9841.35,0.0,0.208,6.0,0.2315,6.0,230.99,0.0,0.0,0.82292,0.0,1.0
9865.96,SYN.BTC-14FEB20,1581332341982,open,0.0,330.0,0.0005,0.0105,0.00029434,65.35,0.0005,0.0,BTC-14FEB20-8500-P,9841.35,0.0,0.0,0.0,0.0005,0.2,70.54,0.32519,-2.74177,-0.01323,5e-05,-0.01233
9865.96,SYN.BTC-14FEB20,1581332341984,open,0.06,286.8,0.025,0.0705,0.04455743,52.07,0.0435,0.0,BTC-14FEB20-9500-C,9841.35,0.0,0.0285,6.0,0.0645,6.0,107.78,3.10421,-20.85253,0.75756,0.00058,0.7677
9865.96,SYN.BTC-14FEB20,1581332341987,open,0.0,445.5,0.0005,0.0105,0.0009388,65.27,0.0005,0.0,BTC-14FEB20-8750-P,9841.35,58.63,0.0005,50.0,0.0015,64.1,71.46,0.77625,-6.5359,-0.03712,0.00012,-0.0345
9865.96,SYN.BTC-14FEB20,1581332341989,open,0.02,480.2,0.004,0.04,0.0139236,48.3,0.0175,0.0,BTC-14FEB20-10000-C,9841.35,50.99,0.015,3.0,0.017,38.0,55.97,3.93465,-24.51505,0.40731,0.00079,0.40273
9865.96,SYN.BTC-14FEB20,1581332341989,open,0.04,80.5,0.026,0.0755,0.04752262,54.92,0.0475,0.0,BTC-14FEB20-10250-P,9841.35,32.1,0.041,11.8,0.051,10.2,64.98,3.29087,-23.31497,-0.82609,0.00058,-0.74103
9865.96,SYN.BTC-14FEB20,1581332341991,open,0.01,499.3,0.004,0.0415,0.01599818,52.28,0.0155,0.0,BTC-14FEB20-9750-P,9841.35,45.99,0.0135,13.1,0.0155,45.0,51.03,3.93454,-26.53628,-0.43861,0.00073,-0.40269
9865.96,SYN.BTC-14FEB20,1581332341991,open,0.0,199.1,0.0005,0.0105,0.00090075,86.26,0.002,0.0,BTC-14FEB20-11750-C,9841.35,78.91,0.0005,90.6,0.0015,30.1,94.09,0.64,-7.12213,0.02768,7e-05,0.02732
9865.96,SYN.BTC-14FEB20,1581332341991,open,0.0,334.7,0.0005,0.011,0.00142651,83.91,0.001,0.0,BTC-14FEB20-11500-C,9841.35,78.79,0.001,18.0,0.002,64.4,89.54,0.90928,-9.84269,0.04238,0.0001,0.04188
9865.96,SYN.BTC-14FEB20,1581332341991,open,0.0,266.1,0.0005,0.0115,0.00162736,76.08,0.0015,0.0,BTC-14FEB20-11250-C,9841.35,69.46,0.001,70.0,0.0025,64.0,83.23,1.06492,-10.45183,0.05171,0.00014,0.05098
9865.96,SYN.BTC-14FEB20,1581332341991,open,0.01,471.0,0.0005,0.02,0.00490372,58.68,0.005,0.0,BTC-14FEB20-10500-C,9841.35,57.03,0.0045,0.1,0.0055,3.1,61.02,2.46016,-18.62253,0.16109,0.00041,0.15867
9865.96,SYN.BTC-14FEB20,1581332341991,open,0.0,715.8,0.0005,0.0125,0.00193066,68.09,0.0025,0.0,BTC-14FEB20-11000-C,9841.35,64.56,0.0015,50.0,0.0025,7.0,72.16,1.28579,-11.29391,0.06585,0.00018,0.06479
9846.91,SYN.BTC-11FEB20,1581332342332,open,0.0,88.7,0.0005,0.023,0.00549078,49.48,0.007,0.0,BTC-11FEB20-9750-P,9841.35,43.89,0.0045,24.0,0.0065,20.0,55.08,1.76158,-43.58415,-0.08095,0.00153,-0.33718
9846.91,SYN.BTC-11FEB20,1581332342334,open,0.0,86.3,0.0005,0.0305,0.01067812,46.92,0.01,0.0,BTC-11FEB20-9875-P,9841.35,43.43,0.01,18.0,0.0115,0.1,51.15,1.91202,-44.85594,-0.13122,0.00175,-0.54477
9846.91,SYN.BTC-11FEB20,1581332342338,open,0.0,69.7,0.0005,0.0105,5.188e-05,68.94,0.0005,0.0,BTC-11FEB20-10750-C,9841.35,0.0,0.0,0.0,0.001,51.0,105.67,0.0687,-0.51091,0.00115,4e-05,0.00492
9846.91,SYN.BTC-11FEB20,1581332342338,open,0.0,74.8,0.0005,0.0105,1.894e-05,69.73,0.0005,0.0,BTC-11FEB20-10875-C,9841.35,0.0,0.0,0.0,0.0005,30.0,103.35,0.02951,-0.1865,0.00045,2e-05,0.00192
9846.91,SYN.BTC-11FEB20,1581332342340,open,0.0,42.5,0.0005,0.0105,0.0001416,68.56,0.0005,0.0,BTC-11FEB20-10625-C,9841.35,0.0,0.0,0.0,0.001,30.6,94.33,0.15384,-1.39427,0.00287,0.0001,0.01229
221.53,SYN.ETH-21FEB20,1581332342397,open,0.01,303.0,0.001,0.019,0.004947,109.06,0.007,0.0,ETH-21FEB20-300-C,219.89,104.46,0.004,950.0,0.006,300.0,113.64,0.04829,-0.24214,0.00394,0.00303,0.06467
220.47,SYN.ETH-14FEB20,1581332342397,open,0.01,1752.0,0.001,0.027,0.007318,106.49,0.009,0.0,ETH-14FEB20-250-C,219.89,100.45,0.006,300.0,0.009,638.0,113.61,0.05001,-0.68708,0.00305,0.0091,0.13775
220.47,SYN.ETH-14FEB20,1581332342397,open,0.21,0.0,0.19,0.271,0.227573,120.34,None,0.0,ETH-14FEB20-270-P,219.89,0.0,0.0,0.0,0.0,0.0,0.0,0.02634,-0.40893,-0.02738,0.00424,-0.94204
220.47,SYN.ETH-14FEB20,1581332342398,open,0.01,1141.0,0.001,0.021,0.004418,112.69,0.007,0.0,ETH-14FEB20-260-C,219.89,110.06,0.004,300.0,0.005,15.0,116.16,0.03585,-0.52116,0.00192,0.00616,0.08659
220.47,SYN.ETH-14FEB20,1581332342397,open,0.16,1.0,0.146,0.226,0.18375,113.02,0.241,0.0,ETH-14FEB20-260-P,219.89,0.0,0.0,0.0,0.0,0.0,0.0,0.03606,-0.52573,-0.02567,0.00618,-0.91273
221.53,SYN.ETH-21FEB20,1581332342397,open,0.29,0.0,0.273,0.365,0.316071,107.71,None,0.0,ETH-21FEB20-290-P,219.89,0.0,0.0,0.0,0.0,0.0,0.0,0.06087,-0.30143,-0.08109,0.00386,-0.91238
221.53,SYN.ETH-21FEB20,1581332342398,open,0.21,0.0,0.188,0.277,0.230211,98.74,None,0.0,ETH-21FEB20-270-P,219.89,0.0,0.0,0.0,0.0,0.0,0.0,0.08554,-0.3883,-0.07189,0.00592,-0.85897
220.47,SYN.ETH-14FEB20,1581332342397,open,0.12,0.0,0.103,0.183,0.141291,106.72,None,0.0,ETH-14FEB20-250-P,219.89,0.0,0.0,0.0,1.152,10.0,500.0,0.05015,-0.69045,-0.02348,0.0091,-0.86169
220.47,SYN.ETH-14FEB20,1581332342397,open,0.0,879.0,0.001,0.017,0.002882,119.88,0.005,0.0,ETH-14FEB20-270-C,219.89,111.65,0.002,950.0,0.004,10.0,128.51,0.02607,-0.40312,0.00127,0.00421,0.0572
220.47,SYN.ETH-14FEB20,1581332342397,open,0.05,157.0,0.029,0.102,0.064005,92.0,0.036,0.0,ETH-14FEB20-230-P,219.89,75.85,0.058,205.0,0.066,205.0,97.22,0.08371,-0.99349,-0.01683,0.01763,-0.65498
220.47,SYN.ETH-14FEB20,1581332342397,open,0.08,52.0,0.062,0.14,0.100225,97.6,0.072,0.0,ETH-14FEB20-240-P,219.89,0.0,0.01,3.0,0.0,0.0,0.0,0.06616,-0.83301,-0.02075,0.01313,-0.78625
240.21,SYN.ETH-25SEP20,1581332342397,open,1.85,0.0,1.775,2.013,1.88739,100.61,None,0.0,ETH-25SEP20-680-P,219.89,0.0,0.001,97.0,0.0,0.0,0.0,0.49982,-0.11034,-4.05871,0.00138,-0.81897
221.53,SYN.ETH-21FEB20,1581332342397,open,0.25,0.0,0.23,0.32,0.272402,102.1,None,0.0,ETH-21FEB20-280-P,219.89,0.0,0.0,0.0,0.0,0.0,0.0,0.07063,-0.33156,-0.0769,0.00473,-0.89269
240.21,SYN.ETH-25SEP20,1581332342397,open,2.01,0.0,1.933,2.176,2.047143,100.62,None,0.0,ETH-25SEP20-720-P,219.89,0.0,0.001,100.0,0.0,0.0,0.0,0.46697,-0.1031,-4.3257,0.00129,-0.83725
221.53,SYN.ETH-21FEB20,1581332342397,open,0.34,0.0,0.316,0.408,0.359238,109.33,None,0.0,ETH-21FEB20-300-P,219.89,0.0,0.0,0.0,0.0,0.0,0.0,0.04861,-0.24436,-0.08541,0.00304,-0.93478
221.53,SYN.ETH-21FEB20,1581332342434,open,0.02,25.0,0.002,0.037,0.014888,93.79,0.023,0.0,ETH-21FEB20-260-C,219.89,89.55,0.013,813.0,0.017,573.0,98.32,0.101,-0.43552,0.01102,0.00736,0.1819
221.53,SYN.ETH-21FEB20,1581332342436,open,0.01,3.0,0.002,0.032,0.011349,98.6,0.012,0.0,ETH-21FEB20-270-C,219.89,95.01,0.01,375.0,0.013,639.0,102.77,0.08537,-0.38699,0.00853,0.00592,0.14063
221.53,SYN.ETH-21FEB20,1581332342438,open,0.01,516.0,0.001,0.026,0.008397,101.92,0.013,0.0,ETH-21FEB20-280-C,219.89,100.66,0.008,258.0,0.009,1.0,103.79,0.07042,-0.32995,0.0065,0.00472,0.10685
221.53,SYN.ETH-21FEB20,1581332342440,open,0.01,0.0,0.001,0.024,0.006923,107.5,None,0.0,ETH-21FEB20-290-C,219.89,104.01,0.006,467.0,0.008,300.0,111.3,0.06061,-0.29957,0.00529,0.00386,0.08713
222.58,SYN.ETH-28FEB20,1581332342444,open,0.01,2983.0,0.003,0.033,0.013549,91.01,0.015,0.0,ETH-28FEB20-180-P,219.89,87.52,0.012,637.0,0.015,640.0,94.15,0.10086,-0.25674,-0.015,0.00457,-0.12404
222.58,SYN.ETH-28FEB20,1581332342447,open,0.18,1765.0,0.134,0.201,0.167693,88.38,0.197,0.0,ETH-28FEB20-190-C,219.89,83.69,0.165,428.0,0.193,56.0,127.54,0.13024,-0.32194,0.07087,0.00607,0.81781
222.58,SYN.ETH-28FEB20,1581332342450,open,0.02,4317.0,0.006,0.045,0.021347,88.44,0.022,0.0,ETH-28FEB20-190-P,219.89,86.12,0.02,280.0,0.023,575.0,91.24,0.1303,-0.32234,-0.0222,0.00607,-0.18233
222.58,SYN.ETH-28FEB20,1581332342452,open,0.15,2811.0,0.098,0.168,0.134086,86.5,0.127,0.0,ETH-28FEB20-200-C,219.89,84.98,0.133,60.0,0.141,80.0,96.06,0.15862,-0.38379,0.06644,0.00756,0.74362
222.58,SYN.ETH-28FEB20,1581332342454,open,0.03,1725.0,0.011,0.061,0.03267,86.56,0.029,0.0,ETH-28FEB20-200-P,219.89,82.79,0.03,280.0,0.035,824.0,89.81,0.15865,-0.38412,-0.03152,0.00755,-0.25647
222.58,SYN.ETH-28FEB20,1581332342458,open,0.04,780.0,0.021,0.081,0.047844,84.81,0.039,0.0,ETH-28FEB20-210-P,219.89,81.31,0.045,270.0,0.05,491.0,87.46,0.18112,-0.42967,-0.04262,0.0088,-0.34315
222.58,SYN.ETH-28FEB20,1581332342456,open,0.12,1267.0,0.068,0.139,0.104331,84.76,0.099,0.0,ETH-28FEB20-210-C,219.89,83.12,0.103,180.0,0.111,422.0,92.93,0.18111,-0.42939,0.06023,0.00881,0.6569
222.58,SYN.ETH-28FEB20,1581332342460,open,0.09,1434.0,0.045,0.114,0.079608,84.04,0.077,0.0,ETH-28FEB20-220-C,219.89,82.2,0.078,422.0,0.085,272.0,90.23,0.19414,-0.45638,0.05257,0.00952,0.56188
222.58,SYN.ETH-28FEB20,1581332342462,open,0.07,863.0,0.03,0.095,0.061192,85.59,0.072,0.0,ETH-28FEB20-230-C,219.89,81.97,0.058,438.0,0.065,468.0,89.92,0.19591,-0.46903,0.04443,0.00943,0.46877
222.58,SYN.ETH-28FEB20,1581332342464,open,0.05,1662.0,0.019,0.077,0.045794,86.08,0.049,0.0,ETH-28FEB20-240-C,219.89,82.76,0.043,508.0,0.049,270.0,89.87,0.18785,-0.45231,0.03665,0.00899,0.382
222.58,SYN.ETH-28FEB20,1581332342469,open,0.03,10.0,0.008,0.054,0.02683,90.16,0.028,0.0,ETH-28FEB20-260-C,219.89,87.53,0.025,386.0,0.029,280.0,93.23,0.15606,-0.39356,0.02417,0.00713,0.24858
222.58,SYN.ETH-28FEB20,1581332342471,open,0.02,250.0,0.005,0.046,0.021365,93.36,0.022,0.0,ETH-28FEB20-270-C,219.89,91.15,0.02,611.0,0.023,240.0,95.95,0.13909,-0.36321,0.01979,0.00614,0.20287
222.58,SYN.ETH-28FEB20,1581332342475,open,0.02,240.0,0.003,0.036,0.01464,100.81,0.018,0.0,ETH-28FEB20-290-C,219.89,97.42,0.013,655.0,0.016,340.0,103.5,0.11033,-0.3111,0.01381,0.00451,0.14131
10552.79,SYN.BTC-25SEP20,1581332342692,open,0.18,214.6,0.1395,0.238,0.18334915,68.77,0.177,0.0,BTC-25SEP20-10000-P,9841.35,66.28,0.176,17.0,0.1825,7.4,68.49,31.05536,-4.68639,-35.49583,6e-05,-0.35542
10342.75,BTC-26JUN20,1581332342712,open,0.12,484.3,0.075,0.1555,0.11050005,68.59,0.1165,0.0,BTC-26JUN20-12000-C,9841.35,67.76,0.1085,15.6,0.113,12.1,69.62,25.00759,-6.26591,12.88937,9e-05,0.44282
9910.4,SYN.BTC-21FEB20,1581332342987,open,0.16,0.0,0.126,0.166,0.14477022,57.69,None,0.0,BTC-21FEB20-8500-C,9841.35,45.38,0.143,6.0,0.168,6.0,120.44,1.92407,-5.10353,2.36075,0.00011,0.94423
9910.4,SYN.BTC-21FEB20,1581332342989,open,0.03,109.4,0.01,0.0505,0.02380396,55.05,0.023,0.0,BTC-21FEB20-10250-C,9841.35,53.82,0.023,3.0,0.025,25.3,56.86,6.51037,-16.47561,1.05002,0.0004,0.37939
9910.4,SYN.BTC-21FEB20,1581332342991,open,0.04,86.2,0.017,0.062,0.03068795,50.65,0.0315,0.0,BTC-21FEB20-10000-C,9841.35,51.83,0.0315,16.9,0.035,49.2,56.92,6.81273,-15.86271,1.3161,0.00046,0.47638
9910.4,SYN.BTC-21FEB20,1581332342991,open,0.01,58.3,0.0005,0.0195,0.00558944,66.24,0.0055,0.0,BTC-21FEB20-11500-C,9841.35,64.34,0.005,16.6,0.006,30.0,67.51,3.14867,-9.58892,0.29881,0.00016,0.10678
9910.4,SYN.BTC-21FEB20,1581332342993,open,0.01,344.5,0.0005,0.026,0.00940397,61.01,0.009,0.0,BTC-21FEB20-11000-C,9841.35,60.09,0.009,20.0,0.01,44.1,62.34,4.39633,-12.33091,0.48652,0.00025,0.17416
9910.4,SYN.BTC-21FEB20,1581332342993,open,0.09,1.5,0.072,0.1275,0.09757997,59.17,0.072,0.0,BTC-21FEB20-10750-P,9841.35,45.3,0.091,7.0,0.103,7.4,69.09,5.17009,-14.063,-2.56759,0.0003,-0.77192
9910.4,SYN.BTC-21FEB20,1581332342995,open,0.02,260.7,0.0145,0.059,0.02714222,50.72,0.026,0.0,BTC-21FEB20-9750-P,9841.35,49.02,0.026,12.3,0.028,27.0,52.0,6.64633,-15.49848,-1.28787,0.00045,-0.40899
9865.96,SYN.BTC-14FEB20,1581332343017,open,0.2,0.0,0.1925,0.2455,0.21709252,92.84,None,0.0,BTC-14FEB20-12000-P,9841.35,0.0,0.165,4.0,0.2655,4.0,286.53,0.54998,-6.58728,-1.25114,6e-05,-0.9772
9853.26,SYN.BTC-12FEB20,1581332343017,open,0.0,0.0005,0.0105,0.00070142,70.47,None,0.0,BTC-12FEB20-9000-P,9841.35,66.42,0.0005,30.0,0.001,0.2,75.38,0.53959,-6.9113,-0.01783,0.00015,-0.03452
9853.26,SYN.BTC-12FEB20,1581332343019,open,0.0,0.0005,0.0105,0.00074385,62.21,None,0.0,BTC-12FEB20-9125-P,9841.35,57.85,0.0005,30.0,0.001,0.1,65.97,0.61568,-7.32936,-0.02092,0.0002,-0.04057
10132.48,BTC-27MAR20,1581332343037,open,0.1,1432.8,0.0645,0.123,0.09145439,60.44,0.093,0.0,BTC-27MAR20-10000-C,9841.35,60.47,0.0915,8.7,0.092,0.8,60.83,14.12867,-9.30661,6.05524,0.00018,0.56693
10132.48,BTC-27MAR20,1581332343039,open,0.07,496.9,0.052,0.1115,0.07841759,60.46,0.0795,0.0,BTC-27MAR20-10000-P,9841.35,60.52,0.0785,11.3,0.08,0.1,61.6,14.12862,-9.31078,-6.51383,0.00018,-0.43306
10132.48,BTC-27MAR20,1581332343049,open,0.03,551.4,0.019,0.0625,0.03690344,60.69,0.0365,0.0,BTC-27MAR20-9000-P,9841.35,59.45,0.0355,32.5,0.0375,18.2,61.21,11.53782,-7.63144,-3.71901,0.00015,-0.25512
240.21,SYN.ETH-25SEP20,1581332343073,open,0.02,243.0,0.011,0.048,0.026478,93.71,0.033,0.0,ETH-25SEP20-100-P,219.89,91.03,0.024,225.0,0.029,170.0,96.34,0.22645,-0.04656,-0.12987,0.00067,-0.06012
240.21,SYN.ETH-25SEP20,1581332343075,open,0.04,483.0,0.022,0.073,0.044554,91.86,0.043,0.0,ETH-25SEP20-120-P,219.89,89.91,0.042,201.0,0.047,469.0,93.7,0.31721,-0.06393,-0.20713,0.00096,-0.09356
240.21,SYN.ETH-25SEP20,1581332343077,open,0.07,403.0,0.039,0.106,0.069635,91.22,0.06,0.0,ETH-25SEP20-140-P,219.89,88.48,0.065,201.0,0.071,462.0,92.02,0.4092,-0.0819,-0.30482,0.00125,-0.13362
240.21,SYN.ETH-25SEP20,1581332343079,open,0.1,223.0,0.062,0.146,0.101652,91.22,0.105,0.0,ETH-25SEP20-160-P,219.89,87.97,0.095,212.0,0.108,283.0,94.29,0.49402,-0.09888,-0.41894,0.0015,-0.1777
240.21,SYN.ETH-25SEP20,1581332343081,open,0.13,1055.0,0.09,0.188,0.137042,90.26,0.13,0.0,ETH-25SEP20-180-P,219.89,88.12,0.132,192.0,0.141,272.0,91.93,0.56674,-0.11224,-0.54035,0.00174,-0.22326
240.21,SYN.ETH-25SEP20,1581332343083,open,0.35,272.0,0.291,0.4,0.346925,90.24,0.352,0.0,ETH-25SEP20-200-C,219.89,86.82,0.338,220.0,0.353,110.0,92.57,0.62732,-0.12421,0.57481,0.00193,0.73021
240.21,SYN.ETH-25SEP20,1581332343085,open,0.17,254.0,0.125,0.237,0.179554,90.25,0.175,0.0,ETH-25SEP20-200-P,219.89,88.13,0.174,198.0,0.188,261.0,93.49,0.62732,-0.12423,-0.67387,0.00193,-0.26978
240.21,SYN.ETH-25SEP20,1581332343087,open,0.31,566.0,0.251,0.366,0.309778,89.86,0.32,0.0,ETH-25SEP20-220-C,219.89,87.46,0.303,455.0,0.315,263.0,91.72,0.67519,-0.13313,0.56117,0.00209,0.68397
240.21,SYN.ETH-25SEP20,1581332343089,open,0.28,296.0,0.217,0.336,0.277751,89.86,0.285,0.0,ETH-25SEP20-240-C,219.89,87.59,0.271,472.0,0.284,375.0,91.98,0.71063,-0.14012,0.54204,0.0022,0.63918
240.21,SYN.ETH-25SEP20,1581332343095,open,0.1,349.0,0.051,0.155,0.098672,95.27,0.1,0.0,ETH-25SEP20-480-C,219.89,93.54,0.094,197.0,0.103,388.0,96.85,0.6533,-0.13656,0.29213,0.0019,0.29347
240.21,SYN.ETH-25SEP20,1581332343097,open,0.06,2.0,0.022,0.104,0.056451,100.55,0.057,0.0,ETH-25SEP20-680-C,219.89,97.87,0.051,174.0,0.062,298.0,103.17,0.49937,-0.11018,0.18644,0.00138,0.18077
240.21,SYN.ETH-25SEP20,1581332343099,open,0.01,468.0,0.003,0.027,0.012986,94.85,0.021,0.0,ETH-25SEP20-80-P,219.89,93.11,0.012,213.0,0.014,270.0,96.57,0.13886,-0.0289,-0.06859,0.00041,-0.03275
234.37,ETH-26JUN20,1581332343404,open,0.59,1.0,0.565,0.606,0.584765,94.46,0.38,0.0,ETH-26JUN20-100-C,219.9,58.54,0.574,52.0,0.603,52.0,122.19,0.12132,-0.04186,0.33061,0.00062,0.96093
226.8,ETH-27MAR20,1581332343404,open,0.53,20.0,0.501,0.537,0.518314,110.02,0.272,0.0,ETH-27MAR20-110-C,219.9,0.0,0.514,2.0,0.528,46.0,146.12,0.03922,-0.04703,0.13156,0.00055,0.97982
234.37,ETH-26JUN20,1581332343404,open,0.06,1368.0,0.034,0.099,0.063483,89.34,0.064,0.0,ETH-26JUN20-160-P,219.9,87.04,0.06,526.0,0.067,190.0,91.64,0.35725,-0.11659,-0.20143,0.00194,-0.1657
226.8,ETH-27MAR20,1581332343404,open,0.06,5676.0,0.025,0.089,0.053757,90.0,0.056,0.0,ETH-27MAR20-280-C,219.9,87.78,0.051,639.0,0.057,570.0,92.59,0.28296,-0.27756,0.07254,0.00486,0.30823
226.81,ETH-27MAR20,1581332343404,open,0.01,2299.0,0.001,0.023,0.007863,105.46,0.008,0.0,ETH-27MAR20-440-C,219.9,103.25,0.007,229.0,0.009,830.0,108.18,0.09129,-0.10493,0.01385,0.00134,0.05644
226.81,ETH-27MAR20,1581332343404,open,1.61,0.0,1.569,1.734,1.647643,117.9,None,0.0,ETH-27MAR20-600-P,219.9,0.0,0.03,50.0,0.0,0.0,0.0,0.03403,-0.04373,-0.7499,0.00045,-0.98293
226.81,ETH-27MAR20,1581332343404,open,0.03,1680.0,0.016,0.066,0.037515,88.78,0.037,0.0,ETH-27MAR20-180-P,219.9,86.12,0.035,831.0,0.04,513.0,91.38,0.21554,-0.20857,-0.06379,0.00375,-0.18626
226.81,ETH-27MAR20,1581332343404,open,0.02,2537.0,0.005,0.041,0.0179,97.16,0.019,0.0,ETH-27MAR20-360-C,219.9,94.43,0.016,422.0,0.02,830.0,100.02,0.16198,-0.17152,0.02945,0.00258,0.12119
234.37,ETH-26JUN20,1581332343404,open,0.91,0.0,0.852,1.02,0.931705,94.59,None,0.0,ETH-26JUN20-440-P,219.9,0.0,0.01,50.0,0.0,0.0,0.0,0.41652,-0.14393,-1.51098,0.00214,-0.78749
226.81,ETH-27MAR20,1581332343404,open,0.19,4328.0,0.144,0.222,0.183827,87.03,0.2,0.0,ETH-27MAR20-200-C,219.9,83.85,0.18,366.0,0.19,469.0,92.12,0.27393,-0.25983,0.15083,0.00487,0.71293
226.81,ETH-27MAR20,1581332343404,open,1.78,0.0,1.74,1.914,1.823299,118.74,None,0.0,ETH-27MAR20-640-P,219.9,0.0,0.01,50.0,0.0,0.0,0.0,0.02531,-0.03275,-0.80139,0.00033,-0.98789
