underlying_price,underlying_index,timestamp,state,settlement_price,open_interest,min_price,max_price,mark_price,mark_iv,last_price,interest_rate,instrument_name,index_price,bid_iv,best_bid_price,best_bid_amount,best_ask_price,best_ask_amount,ask_iv,vega,theta,rho,gamma,delta
185.38,SYN.ETH-7FEB20,1580813940018,open,0.17,0.0,0.153,0.228,0.18819,106.73,None,0.0,ETH-7FEB20-220-P,185.16,0.0,0.001,2.0,0.0,0.0,0.0,0.01395,-0.25895,-0.01678,0.00483,-0.96078
185.38,SYN.ETH-7FEB20,1580813940018,open,0.0,2863.0,0.001,0.012,0.001442,106.69,0.001,0.0,ETH-7FEB20-220-C,185.16,100.16,0.001,947.0,0.002,410.0,113.42,0.01393,-0.25847,0.00055,0.00482,0.03915
185.92,SYN.ETH-14FEB20,1580813940018,open,0.22,0.0,0.202,0.284,0.241303,84.47,None,0.0,ETH-14FEB20-230-P,185.16,0.0,0.0,0.0,0.0,0.0,0.0,0.04192,-0.17927,-0.05883,0.00531,-0.9281
185.92,SYN.ETH-14FEB20,1580813940022,open,0.27,0.0,0.254,0.338,0.294056,91.66,None,0.0,ETH-14FEB20-240-P,185.16,0.0,0.0,0.0,0.0,0.0,0.0,0.03295,-0.15289,-0.06244,0.00384,-0.94718
194.7,ETH-26JUN20,1580813940167,open,0.43,318.0,0.392,0.462,0.427359,87.69,0.379,0.0,ETH-26JUN20-120-C,185.16,64.26,0.401,47.0,0.45,47.0,104.45,0.24901,-0.07642,0.34212,0.00191,0.87625
9361.11,BTC-27MAR20,1580813940170,open,0.29,66.3,0.271,0.347,0.30574136,66.39,0.2675,0.0,BTC-27MAR20-12000-P,9160.13,59.49,0.299,14.9,0.309,0.2,69.48,9.6674,-6.18608,-14.8052,0.00012,-0.80706
9361.11,BTC-27MAR20,1580813940170,open,0.01,1926.1,0.0005,0.0195,0.00608357,80.44,0.006,0.0,BTC-27MAR20-16000-C,9160.13,78.96,0.0055,20.0,0.007,64.0,82.6,3.81485,-2.95757,0.62478,4e-05,0.05304
9198.42,SYN.BTC-14FEB20,1580813940169,open,0.0,53.9,0.0005,0.0115,0.00153934,77.77,0.002,0.0,BTC-14FEB20-11750-C,9160.13,72.6,0.001,70.0,0.002,0.4,81.35,1.09067,-4.29444,0.07623,6e-05,0.03217
9578.64,BTC-26JUN20,1580813940171,open,0.01,443.5,0.0005,0.0155,0.00550741,80.95,0.0045,0.0,BTC-26JUN20-4000-P,9160.13,79.48,0.005,15.0,0.006,10.0,82.31,3.38445,-0.9588,-1.10633,1e-05,-0.024
9198.42,SYN.BTC-14FEB20,1580813940169,open,0.0,47.9,0.0005,0.0155,0.0038593,65.55,0.0045,0.0,BTC-14FEB20-10750-C,9160.13,61.89,0.003,68.0,0.0045,30.0,68.03,2.29203,-7.6072,0.19452,0.00015,0.08202
9578.64,BTC-26JUN20,1580813940171,open,1.29,0.0,1.258,1.3805,1.31297975,81.4,None,0.0,BTC-26JUN20-22000-P,9160.13,0.0,0.11,1.0,2.22,0.1,500.0,9.24959,-2.63476,-83.57185,3e-05,-0.91592
9361.07,BTC-27MAR20,1580813940172,open,0.42,0.0,0.402,0.433,0.41597127,79.69,None,0.0,BTC-27MAR20-5500-C,9160.13,45.97,0.4125,9.1,0.4285,9.0,112.46,2.22672,-1.71021,7.40566,2e-05,0.9726
9578.64,BTC-26JUN20,1580813940173,open,1.08,0.1,1.0565,1.175,1.10941371,79.4,1.85,0.0,BTC-26JUN20-20000-P,9160.13,0.0,0.0005,2.0,1.88,0.1,463.63,11.17111,-3.10402,-75.017,4e-05,-0.89132
9361.07,BTC-27MAR20,1580813940174,open,2.17,0.0,2.1425,2.275,2.20562993,115.34,None,0.0,BTC-27MAR20-30000-P,9160.13,0.0,0.0,0.0,0.0,0.0,0.0,0.68154,-0.75768,-42.55692,0.0,-0.99307
9198.42,SYN.BTC-14FEB20,1580813940169,open,0.01,322.3,0.0005,0.022,0.00663683,58.52,0.007,0.0,BTC-14FEB20-10250-C,9160.13,56.76,0.006,30.0,0.0075,1.1,60.81,3.38212,-10.02099,0.33412,0.00025,0.14088
9198.42,SYN.BTC-14FEB20,1580813940169,open,0.19,0.0,0.1735,0.229,0.19899214,69.41,None,0.0,BTC-14FEB20-11000-P,9160.13,0.0,0.0,0.0,0.0,0.0,0.0,1.93198,-6.78963,-2.8208,0.00012,-0.93441
9171.31,SYN.BTC-7FEB20,1580813940170,open,0.08,28.1,0.0695,0.118,0.0920761,64.59,0.079,0.0,BTC-7FEB20-10000-P,9160.13,0.0,0.088,3.0,0.094,10.0,77.9,1.08606,-12.19744,-0.73894,0.00025,-0.93058
9198.42,SYN.BTC-14FEB20,1580813940169,open,0.24,0.0,0.226,0.283,0.25233481,76.39,None,0.0,BTC-14FEB20-11500-P,9160.13,0.0,0.004,0.1,0.0,0.0,0.0,1.38852,-5.3703,-3.00921,8e-05,-0.95677
9252.65,SYN.BTC-28FEB20,1580813940172,open,0.29,0.2,0.274,0.3365,0.30283188,68.13,0.2675,0.0,BTC-28FEB20-12000-P,9160.13,0.0,0.0,0.0,0.0,0.0,0.0,3.51905,-5.02114,-7.40093,9e-05,-0.91997
9198.42,SYN.BTC-14FEB20,1580813940169,open,0.02,265.2,0.009,0.049,0.02055779,51.75,0.0205,0.0,BTC-14FEB20-9500-C,9160.13,50.85,0.02,1.0,0.021,3.0,52.46,5.70403,-14.94411,0.86538,0.00048,0.36827
9198.42,SYN.BTC-14FEB20,1580813940169,open,0.04,129.2,0.0345,0.087,0.05332464,51.72,0.0505,0.0,BTC-14FEB20-9500-P,9160.13,48.76,0.0515,3.0,0.0535,3.0,52.0,5.70355,-14.9341,-1.70519,0.00048,-0.63182
9198.42,SYN.BTC-14FEB20,1580813940171,open,0.29,0.0,0.2795,0.337,0.30596804,81.87,None,0.0,BTC-14FEB20-12000-P,9160.13,0.0,0.0,0.0,0.0,0.0,0.0,0.9799,-4.06193,-3.17992,5e-05,-0.97173
9198.42,SYN.BTC-14FEB20,1580813940169,open,0.0,83.4,0.0005,0.012,0.00214335,76.54,0.0025,0.0,BTC-14FEB20-11500-C,9160.13,71.86,0.0015,30.0,0.003,72.2,81.65,1.39715,-5.41433,0.10309,8e-05,0.04356
9198.42,SYN.BTC-14FEB20,1580813940169,open,0.05,4.0,0.0285,0.076,0.04580667,52.3,0.049,0.0,BTC-14FEB20-9000-C,9160.13,49.41,0.044,3.0,0.046,3.0,52.6,5.77654,-15.29462,1.42055,0.00048,0.61658
9198.42,SYN.BTC-14FEB20,1580813940169,open,0.0,242.3,0.0005,0.0205,0.00489309,55.39,0.0045,0.0,BTC-14FEB20-8250-P,9160.13,52.33,0.004,50.0,0.006,70.1,58.88,2.79833,-7.84726,-0.27971,0.00022,-0.1075
9198.42,SYN.BTC-14FEB20,1580813940169,open,0.03,341.3,0.021,0.069,0.03724754,52.25,0.0355,0.0,BTC-14FEB20-9250-P,9160.13,46.53,0.0335,22.2,0.0355,3.0,49.58,6.03469,-15.96333,-1.35903,0.0005,-0.50881
9252.65,SYN.BTC-28FEB20,1580813940171,open,0.39,0.0,0.3785,0.443,0.40842129,74.82,None,0.0,BTC-28FEB20-13000-P,9160.13,0.0,0.0055,0.1,1.0,1.0,500.0,2.2972,-3.59943,-8.24381,5e-05,-0.95365
9796.25,SYN.BTC-25SEP20,1580813940172,open,0.7,4.9,0.6555,0.7895,0.71565596,73.29,0.7755,0.0,BTC-25SEP20-16000-P,9160.13,0.0,0.5955,0.4,0.858,0.3,119.86,26.99772,-4.23036,-89.26129,6e-05,-0.70638
9167.44,SYN.BTC-6FEB20,1580813940169,open,0.0,0.002,0.036,0.01595032,47.35,None,0.0,BTC-6FEB20-9125-C,9160.13,40.44,0.014,0.4,0.018,0.6,54.59,2.59099,-32.70447,0.2568,0.00127,0.56106
9796.25,SYN.BTC-25SEP20,1580813940171,open,2.25,0.0,2.2095,2.3775,2.28524033,84.29,None,0.0,BTC-25SEP20-32000-P,9160.13,0.0,0.0,0.0,0.0,0.0,0.0,11.46174,-2.0654,-201.30417,2e-05,-0.92177
9198.42,SYN.BTC-14FEB20,1580813940170,open,0.0,126.9,0.0005,0.011,0.00142043,82.1,0.0015,0.0,BTC-14FEB20-12000-C,9160.13,77.75,0.001,30.0,0.002,34.9,86.92,0.99026,-4.11599,0.06771,5e-05,0.02863
9167.44,SYN.BTC-6FEB20,1580813940170,open,0.0,0.0085,0.0515,0.0283881,49.47,None,0.0,BTC-6FEB20-9375-P,9160.13,41.18,0.0265,0.1,0.0305,0.1,58.12,2.17191,-28.64226,-0.3574,0.00102,-0.73025
9171.31,SYN.BTC-7FEB20,1580813940170,open,0.02,548.9,0.003,0.0385,0.01357774,49.31,0.0135,0.0,BTC-7FEB20-9250-C,9160.13,46.22,0.0125,6.6,0.0145,2.6,51.95,3.19922,-27.42928,0.30176,0.00098,0.4312
9198.42,SYN.BTC-14FEB20,1580813940169,open,0.02,317.6,0.004,0.038,0.01394945,53.78,0.014,0.0,BTC-14FEB20-9750-C,9160.13,52.02,0.013,3.0,0.015,3.0,55.7,4.99896,-13.61156,0.63623,0.00041,0.26959
9198.42,SYN.BTC-14FEB20,1580813940169,open,0.09,8.3,0.0725,0.128,0.09633475,55.28,0.0835,0.0,BTC-14FEB20-10000-P,9160.13,0.0,0.0695,6.0,0.112,9.4,85.36,4.12216,-11.53751,-2.25262,0.00033,-0.80877
9198.42,SYN.BTC-14FEB20,1580813940169,open,0.26,0.0,0.2525,0.3095,0.27890888,77.57,None,0.0,BTC-14FEB20-11750-P,9160.13,0.0,0.0045,0.1,0.0,0.0,0.0,1.08055,-4.24382,-3.10378,6e-05,-0.96819
9252.65,SYN.BTC-28FEB20,1580813940171,open,0.34,0.0,0.326,0.3895,0.35537941,71.47,None,0.0,BTC-28FEB20-12500-P,9160.13,0.0,0.004,0.1,0.0,0.0,0.0,2.82078,-4.22173,-7.83989,7e-05,-0.93995
9198.42,SYN.BTC-14FEB20,1580813940171,open,0.0,103.3,0.0005,0.012,0.00243377,72.24,0.003,0.0,BTC-14FEB20-11250-C,9160.13,69.59,0.002,30.0,0.003,0.1,75.34,1.58624,-5.80187,0.12097,0.0001,0.05104
9171.31,SYN.BTC-7FEB20,1580813940173,open,0.01,803.3,0.0005,0.0335,0.00956379,49.39,0.01,0.0,BTC-7FEB20-9000-P,9160.13,46.04,0.0085,52.0,0.0105,35.2,52.31,2.93225,-25.18179,-0.2422,0.0009,-0.32563
9252.65,SYN.BTC-28FEB20,1580813940172,open,0.07,344.4,0.047,0.097,0.0705744,55.56,0.069,0.0,BTC-28FEB20-9000-C,9160.13,52.43,0.0675,31.9,0.0725,23.3,57.51,9.1129,-10.60263,3.23359,0.00029,0.60484
9252.65,SYN.BTC-28FEB20,1580813940171,open,0.02,850.4,0.0095,0.044,0.02304632,55.55,0.023,0.0,BTC-28FEB20-8500-P,9160.13,51.77,0.02,20.0,0.023,49.3,55.5,7.55196,-8.78599,-1.66476,0.00024,-0.25201
9198.42,SYN.BTC-14FEB20,1580813940169,open,0.0,307.2,0.0005,0.014,0.00315683,69.52,0.0035,0.0,BTC-14FEB20-11000-C,9160.13,66.21,0.0025,50.0,0.004,70.8,73.27,1.93904,-6.82462,0.15616,0.00012,0.0659
9198.42,SYN.BTC-14FEB20,1580813940169,open,0.21,0.0,0.1995,0.2555,0.22544715,72.11,None,0.0,BTC-14FEB20-11250-P,9160.13,0.0,0.0,0.0,0.0,0.0,0.0,1.57808,-5.76166,-2.92368,0.0001,-0.94929
9796.25,SYN.BTC-25SEP20,1580813940171,open,1.85,0.0,1.8125,1.9695,1.88266307,81.74,None,0.0,BTC-25SEP20-28000-P,9160.13,0.0,0.0,0.0,0.0,0.0,0.0,13.82757,-2.41648,-174.62667,3e-05,-0.89935
9198.42,SYN.BTC-14FEB20,1580813940170,open,0.16,0.0,0.147,0.202,0.17251653,65.47,None,0.0,BTC-14FEB20-10750-P,9160.13,0.0,0.0,0.0,0.0,0.0,0.0,2.28579,-7.57656,-2.71476,0.00015,-0.91828
199.55,SYN.ETH-25SEP20,1580813940193,open,0.48,0.0,0.43,0.51,0.470714,87.7,0.359,0.0,ETH-25SEP20-120-C,185.16,70.21,0.441,51.0,0.494,51.0,100.4,0.3574,-0.06701,0.49639,0.0016,0.85892
9167.44,SYN.BTC-6FEB20,1580813940170,open,2.5,0.0025,0.0395,0.01826685,46.23,0.017,0.0,BTC-6FEB20-9250-P,9160.13,41.64,0.017,0.4,0.021,0.4,56.04,2.53856,-31.28533,-0.29138,0.00127,-0.60024
9796.25,SYN.BTC-25SEP20,1580813940171,open,0.22,166.0,0.179,0.284,0.22608263,67.61,0.212,0.0,BTC-25SEP20-10000-P,9160.13,65.66,0.22,6.2,0.233,6.2,69.84,30.44877,-4.40139,-39.8041,7e-05,-0.40804
194.7,ETH-26JUN20,1580813940199,open,0.36,543.0,0.313,0.396,0.354946,86.06,0.354,0.0,ETH-26JUN20-140-C,185.16,66.92,0.324,46.0,0.385,46.0,103.41,0.32944,-0.09922,0.34761,0.00258,0.81104
9252.65,SYN.BTC-28FEB20,1580813940205,open,0.31,11.6,0.284,0.317,0.29949477,74.57,0.306,0.0,BTC-28FEB20-6500-C,9160.13,0.0,0.297,0.1,0.3135,13.0,120.38,1.41923,-2.21637,4.08371,3e-05,0.97422
194.7,ETH-26JUN20,1580813940456,open,0.02,1681.0,0.005,0.044,0.018405,99.14,0.015,0.0,ETH-26JUN20-560-C,185.16,96.49,0.016,300.0,0.021,120.0,101.78,0.18413,-0.06388,0.0483,0.00125,0.08178
194.7,ETH-26JUN20,1580813940456,open,0.3,412.0,0.245,0.339,0.292919,85.14,0.289,0.0,ETH-26JUN20-160-C,185.16,77.81,0.278,47.0,0.301,180.0,89.1,0.39728,-0.11838,0.33862,0.00314,0.73723
187.0,SYN.ETH-28FEB20,1580813940456,open,0.0,731.0,0.001,0.012,0.002904,96.99,0.003,0.0,ETH-28FEB20-120-P,185.16,90.86,0.002,240.0,0.004,565.0,103.07,0.03065,-0.06225,-0.00377,0.00138,-0.02792
187.0,SYN.ETH-28FEB20,1580813940472,open,0.27,113.0,0.232,0.286,0.258826,83.68,0.233,0.0,ETH-28FEB20-140-C,185.16,0.0,0.251,56.0,0.276,55.0,120.41,0.06577,-0.11526,0.08183,0.00344,0.92778
185.38,SYN.ETH-7FEB20,1580813940475,open,0.0,101.0,0.001,0.011,0.0,97.41,0.001,0.0,ETH-7FEB20-120-P,185.16,0.0,0.0,0.0,0.001,11.0,230.93,0.0,0.0,0.0,0.0,0.0
187.0,SYN.ETH-28FEB20,1580813940477,open,0.01,834.0,0.003,0.03,0.012444,78.7,0.011,0.0,ETH-28FEB20-150-P,185.16,75.74,0.011,240.0,0.014,825.0,81.75,0.09332,-0.1538,-0.01569,0.00518,-0.11586
194.7,ETH-26JUN20,1580813940479,open,2.25,0.0,2.195,2.416,2.299008,99.84,None,0.0,ETH-26JUN20-640-P,185.16,0.0,0.01,50.0,0.0,0.0,0.0,0.13671,-0.04777,-2.4719,0.00092,-0.94438
189.15,ETH-27MAR20,1580813940479,open,1.5,0.0,1.464,1.624,1.540181,108.51,None,0.0,ETH-27MAR20-480-P,185.16,0.0,0.004,50.0,0.0,0.0,0.0,0.03325,-0.03477,-0.67773,0.0006,-0.98087
185.38,SYN.ETH-7FEB20,1580813940485,open,0.03,456.0,0.011,0.071,0.038863,68.1,0.039,0.0,ETH-7FEB20-190-P,185.16,39.61,0.03,276.0,0.04,10.0,71.53,0.06114,-0.72393,-0.01002,0.03316,-0.64689
187.0,SYN.ETH-28FEB20,1580813940485,open,0.07,2465.0,0.036,0.098,0.066601,72.4,0.076,0.0,ETH-28FEB20-190-C,185.16,69.85,0.064,418.0,0.07,274.0,75.73,0.19079,-0.28927,0.05333,0.01152,0.5026
185.38,SYN.ETH-7FEB20,1580813940485,open,0.26,7.0,0.222,0.267,0.244811,97.18,0.232,0.0,ETH-7FEB20-140-C,185.16,0.0,0.234,32.0,0.255,32.0,255.67,0.00029,-0.00482,0.01102,0.00011,0.99951
194.7,ETH-26JUN20,1580813940497,open,1.65,0.0,1.601,1.797,1.693201,98.04,None,0.0,ETH-26JUN20-520-P,185.16,0.0,0.01,50.0,0.0,0.0,0.0,0.21016,-0.07211,-1.97812,0.00144,-0.90231
194.7,ETH-26JUN20,1580813940498,open,1.46,0.0,1.404,1.591,1.491809,95.89,None,0.0,ETH-26JUN20-480-P,185.16,0.0,0.01,50.0,0.0,0.0,0.0,0.23539,-0.07899,-1.812,0.00165,-0.88572
194.7,ETH-26JUN20,1580813940499,open,1.85,0.0,1.799,2.003,1.894625,99.14,None,0.0,ETH-26JUN20-560-P,185.16,0.0,0.01,50.0,0.0,0.0,0.0,0.18413,-0.06388,-2.14377,0.00125,-0.91822
199.55,SYN.ETH-25SEP20,1580813940493,open,2.01,0.0,1.94,2.181,2.053627,98.02,None,0.0,ETH-25SEP20-600-P,185.16,0.0,0.0,0.0,0.0,0.0,0.0,0.38234,-0.08012,-3.70499,0.00153,-0.84394
199.55,SYN.ETH-25SEP20,1580813940490,open,1.07,0.0,1.002,1.2,1.096929,91.98,None,0.0,ETH-25SEP20-400-P,185.16,0.0,0.0,0.0,0.0,0.0,0.0,0.53976,-0.10614,-2.3204,0.0023,-0.71779
194.7,ETH-26JUN20,1580813940502,open,0.14,1010.0,0.091,0.193,0.141084,87.4,0.152,0.0,ETH-26JUN20-240-C,185.16,85.76,0.137,273.0,0.145,413.0,88.98,0.48309,-0.14776,0.24044,0.00372,0.45656
189.15,ETH-27MAR20,1580813940502,open,0.48,1148.0,0.457,0.497,0.47627,99.57,0.346,0.0,ETH-27MAR20-100-C,185.16,72.83,0.472,64.0,0.488,64.0,131.75,0.04808,-0.04615,0.13282,0.00095,0.97033
194.7,ETH-26JUN20,1580813940502,open,0.25,3317.0,0.191,0.291,0.241948,85.12,0.254,0.0,ETH-26JUN20-180-C,185.16,79.92,0.23,256.0,0.247,436.0,87.33,0.44611,-0.1329,0.31896,0.00353,0.66045
189.15,ETH-27MAR20,1580813940504,open,0.0,2357.0,0.001,0.011,0.00183,109.94,0.001,0.0,ETH-27MAR20-80-P,185.16,100.95,0.001,265.0,0.003,300.0,118.89,0.02098,-0.02224,-0.0035,0.00038,-0.0112
185.38,SYN.ETH-7FEB20,1580813940504,open,0.0,753.0,0.001,0.011,0.0,97.36,0.001,0.0,ETH-7FEB20-130-P,185.16,0.0,0.0,0.0,0.001,11.0,192.99,1e-05,-6e-05,0.0,0.0,-2e-05
187.0,SYN.ETH-28FEB20,1580813940519,open,0.53,20.0,0.504,0.534,0.519133,115.08,0.328,0.0,ETH-28FEB20-90-C,185.16,0.0,0.513,45.0,0.526,45.0,179.03,0.00598,-0.01441,0.0583,0.00023,0.99575
187.0,SYN.ETH-28FEB20,1580813940519,open,0.42,46.0,0.394,0.433,0.413195,100.97,0.428,0.0,ETH-28FEB20-110-C,185.16,0.0,0.406,40.0,0.423,40.0,150.65,0.01758,-0.03717,0.07001,0.00076,0.98551
194.7,ETH-26JUN20,1580813940521,open,0.28,0.0,0.233,0.362,0.296382,85.95,None,0.0,ETH-26JUN20-220-P,185.16,0.0,0.001,10.0,0.306,180.0,89.81,0.48555,-0.14605,-0.59427,0.00381,-0.48336
187.0,SYN.ETH-28FEB20,1580813940525,open,0.11,813.0,0.079,0.158,0.117172,73.53,0.102,0.0,ETH-28FEB20-200-P,185.16,69.28,0.113,144.0,0.12,164.0,76.39,0.18429,-0.28377,-0.0882,0.01096,-0.6039
185.38,SYN.ETH-7FEB20,1580813940525,open,0.07,507.0,0.05,0.12,0.083725,77.49,0.075,0.0,ETH-7FEB20-200-P,185.16,0.0,0.063,46.0,0.095,46.0,122.38,0.03707,-0.49944,-0.01375,0.01767,-0.85749
199.55,SYN.ETH-25SEP20,1580813940525,open,0.4,0.0,0.335,0.489,0.411143,86.96,None,0.0,ETH-25SEP20-240-P,185.16,0.0,0.0,0.0,0.0,0.0,0.0,0.63507,-0.11807,-1.12279,0.00286,-0.46696
189.15,ETH-27MAR20,1580813940528,open,0.29,668.0,0.252,0.316,0.283974,83.24,0.272,0.0,ETH-27MAR20-140-C,185.16,44.75,0.262,59.0,0.289,300.0,89.28,0.15266,-0.12248,0.15693,0.00361,0.86773
189.15,ETH-27MAR20,1580813940528,open,0.34,112.0,0.3,0.358,0.32919,86.24,0.194,0.0,ETH-27MAR20-130-C,185.16,40.43,0.313,59.0,0.348,59.0,111.81,0.11966,-0.09946,0.15504,0.00273,0.90592
185.38,SYN.ETH-7FEB20,1580813940530,open,0.0,400.0,0.001,0.011,1.1e-05,97.17,0.001,0.0,ETH-7FEB20-140-P,185.16,0.0,0.0,0.0,0.001,7.0,157.34,0.00028,-0.00209,-1e-05,0.00011,-0.00049
189.15,ETH-27MAR20,1580813940532,open,0.88,7.0,0.85,0.98,0.911371,97.59,1.702,0.0,ETH-27MAR20-360-P,185.16,0.0,0.01,30.0,1.439,1.0,499.35,0.08356,-0.0786,-0.49804,0.00168,-0.94124
194.7,ETH-26JUN20,1580813940532,open,0.01,3810.0,0.002,0.032,0.0119,99.84,0.012,0.0,ETH-26JUN20-640-C,185.16,97.0,0.01,300.0,0.014,120.0,102.69,0.13671,-0.04777,0.03332,0.00092,0.05562
189.15,ETH-27MAR20,1580813940532,open,0.48,161.0,0.449,0.564,0.504035,88.52,1.397,0.0,ETH-27MAR20-280-P,185.16,0.0,0.002,50.0,0.0,0.0,0.0,0.17107,-0.14595,-0.36223,0.0038,-0.84341
189.15,ETH-27MAR20,1580813940532,open,1.29,0.0,1.259,1.408,1.329469,103.95,None,0.0,ETH-27MAR20-440-P,185.16,0.0,0.003,50.0,0.0,0.0,0.0,0.04181,-0.04188,-0.61949,0.00079,-0.97491
187.0,SYN.ETH-28FEB20,1580813940532,open,0.19,2.0,0.158,0.246,0.200621,76.55,0.257,0.0,ETH-28FEB20-220-P,185.16,0.0,0.001,1.0,0.0,0.0,0.0,0.14592,-0.23393,-0.11848,0.00833,-0.76801
199.55,SYN.ETH-25SEP20,1580813940534,open,0.55,0.0,0.487,0.656,0.570108,88.68,None,0.0,ETH-25SEP20-280-P,185.16,0.0,0.0,0.0,0.0,0.0,0.0,0.63252,-0.11992,-1.43047,0.0028,-0.54863
189.15,ETH-27MAR20,1580813940536,open,0.15,3520.0,0.102,0.181,0.142253,79.68,0.146,0.0,ETH-27MAR20-180-C,185.16,77.4,0.139,263.0,0.146,563.0,82.29,0.27069,-0.20787,0.12943,0.00668,0.62372
189.15,ETH-27MAR20,1580813940536,open,0.0,5555.0,0.001,0.011,0.001809,111.35,0.002,0.0,ETH-27MAR20-520-C,185.16,104.0,0.001,197.0,0.003,301.0,118.74,0.02534,-0.02719,0.00326,0.00045,0.01393
194.7,ETH-26JUN20,1580813940536,open,0.02,2638.0,0.004,0.037,0.014455,99.15,0.016,0.0,ETH-26JUN20-600-C,185.16,95.94,0.012,300.0,0.017,120.0,102.17,0.15681,-0.05441,0.0395,0.00107,0.06628
194.7,ETH-26JUN20,1580813940536,open,1.07,0.0,1.016,1.189,1.097913,93.87,None,0.0,ETH-26JUN20-400-P,185.16,0.0,0.01,50.0,0.0,0.0,0.0,0.31465,-0.10336,-1.46508,0.00226,-0.82443
194.7,ETH-26JUN20,1580813940536,open,0.36,4.0,0.305,0.444,0.373749,87.4,0.934,0.0,ETH-26JUN20-240-P,185.16,0.0,0.01,50.0,0.0,0.0,0.0,0.48309,-0.14776,-0.69902,0.00372,-0.54344
185.38,SYN.ETH-7FEB20,1580813940536,open,0.1,898.0,0.056,0.115,0.086009,75.98,0.113,0.0,ETH-7FEB20-170-C,185.16,0.0,0.073,50.0,0.106,50.0,161.73,0.02754,-0.36382,0.01198,0.01339,0.90626
199.55,SYN.ETH-25SEP20,1580813940536,open,0.05,44.0,0.017,0.091,0.046924,98.02,0.044,0.0,ETH-25SEP20-600-C,185.16,95.93,0.043,300.0,0.051,300.0,100.1,0.38234,-0.08012,0.13954,0.00153,0.15606
199.55,SYN.ETH-25SEP20,1580813940536,open,0.26,41.0,0.208,0.342,0.274207,87.16,0.399,0.0,ETH-25SEP20-200-P,185.16,81.13,0.256,213.0,0.286,213.0,91.09,0.60031,-0.11186,-0.81708,0.0027,-0.36481
187.0,SYN.ETH-28FEB20,1580813940537,open,0.02,1071.0,0.006,0.042,0.020023,73.85,0.019,0.0,ETH-28FEB20-160-P,185.16,72.31,0.019,192.0,0.021,75.0,75.3,0.12497,-0.19328,-0.02432,0.0074,-0.17881
187.0,SYN.ETH-28FEB20,1580813940536,open,0.04,229.0,0.013,0.061,0.033882,74.94,0.044,0.0,ETH-28FEB20-210-C,185.16,72.83,0.032,469.0,0.036,205.0,77.29,0.16758,-0.263,0.03319,0.00978,0.30521
189.15,ETH-27MAR20,1580813940540,open,0.22,1202.0,0.18,0.283,0.229956,82.11,0.201,0.0,ETH-27MAR20-220-P,185.16,0.0,0.001,29.0,0.305,20.0,132.95,0.26911,-0.21297,-0.23133,0.00645,-0.63056
189.15,ETH-27MAR20,1580813940540,open,0.68,10.0,0.648,0.77,0.705393,93.61,1.59,0.0,ETH-27MAR20-320-P,185.16,0.0,0.011,5.0,1.251,1.0,500.0,0.12009,-0.10835,-0.43305,0.00252,-0.90547
185.38,SYN.ETH-7FEB20,1580813940540,open,0.15,166.0,0.111,0.166,0.138131,94.13,0.145,0.0,ETH-7FEB20-160-C,185.16,0.0,0.123,49.0,0.149,63.0,169.41,0.0129,-0.21111,0.01207,0.00506,0.96438
199.55,SYN.ETH-25SEP20,1580813940540,open,1.82,0.0,1.75,1.984,1.860507,97.69,None,0.0,ETH-25SEP20-560-P,185.16,0.0,0.0,0.0,0.0,0.0,0.0,0.41408,-0.08648,-3.43184,0.00166,-0.82344
187.0,SYN.ETH-28FEB20,1580813940540,open,0.02,1036.0,0.004,0.039,0.01747,78.57,0.017,0.0,ETH-28FEB20-230-C,185.16,77.85,0.017,98.0,0.018,1.0,79.36,0.12385,-0.20378,0.01943,0.00689,0.17628
189.15,ETH-27MAR20,1580813940542,open,1.71,0.0,1.67,1.841,1.75095,111.35,None,0.0,ETH-27MAR20-520-P,185.16,0.0,0.006,50.0,0.0,0.0,0.0,0.02534,-0.02719,-0.73579,0.00045,-0.98607
189.15,ETH-27MAR20,1580813940542,open,0.14,2011.0,0.11,0.203,0.155133,80.71,0.157,0.0,ETH-27MAR20-200-P,185.16,77.29,0.15,343.0,0.16,224.0,83.94,0.28434,-0.22119,-0.17946,0.00693,-0.51244
199.55,SYN.ETH-25SEP20,1580813940542,open,0.36,31.0,0.303,0.408,0.356679,87.22,0.362,0.0,ETH-25SEP20-160-C,185.16,79.14,0.336,51.0,0.364,120.0,90.08,0.51068,-0.09522,0.49926,0.00229,0.74713
194.7,ETH-26JUN20,1580813940545,open,0.52,0.0,0.465,0.616,0.538292,88.59,None,0.0,ETH-26JUN20-280-P,185.16,0.0,0.011,3.0,0.0,0.0,0.0,0.4524,-0.14025,-0.90368,0.00344,-0.64743
189.15,ETH-27MAR20,1580813940545,open,1.91,0.0,1.875,2.057,1.961702,111.38,None,0.0,ETH-27MAR20-560-P,185.16,0.0,0.02,50.0,0.0,0.0,0.0,0.01695,-0.01819,-0.79384,0.0003,-0.99123
194.7,ETH-26JUN20,1580813940545,open,0.69,0.0,0.641,0.799,0.717064,90.2,1.06,0.0,ETH-26JUN20-320-P,185.16,0.0,0.015,2.0,0.0,0.0,0.0,0.40635,-0.12827,-1.09917,0.00304,-0.72516
194.7,ETH-26JUN20,1580813940545,open,0.88,1.0,0.827,0.994,0.906417,92.93,1.827,0.0,ETH-26JUN20-360-P,185.16,0.0,0.015,2.0,0.0,0.0,0.0,0.36228,-0.11782,-1.28398,0.00263,-0.7783
199.55,SYN.ETH-25SEP20,1580813940545,open,0.71,0.0,0.648,0.828,0.736054,89.0,None,0.0,ETH-25SEP20-320-P,185.16,0.0,0.0,0.0,0.0,0.0,0.0,0.608,-0.11569,-1.73447,0.00268,-0.62043
199.55,SYN.ETH-25SEP20,1580813940545,open,1.25,0.0,1.186,1.394,1.284845,93.71,None,0.0,ETH-25SEP20-440-P,185.16,0.0,0.0,0.0,0.0,0.0,0.0,0.50606,-0.10139,-2.60369,0.00212,-0.75143
199.55,SYN.ETH-25SEP20,1580813940545,open,1.44,0.0,1.371,1.586,1.473336,94.47,None,0.0,ETH-25SEP20-480-P,185.16,0.0,0.0,0.0,0.0,0.0,0.0,0.46917,-0.09475,-2.88515,0.00195,-0.78306
189.15,ETH-27MAR20,1580813940547,open,0.3,126.0,0.263,0.371,0.315435,84.24,0.311,0.0,ETH-27MAR20-240-P,185.16,0.0,0.005,15.0,0.351,2.0,110.67,0.2389,-0.19397,-0.27909,0.00558,-0.72273
194.7,ETH-26JUN20,1580813940547,open,0.03,641.0,0.008,0.057,0.026478,95.89,0.03,0.0,ETH-26JUN20-480-C,185.16,94.65,0.025,300.0,0.028,140.0,97.13,0.23539,-0.07899,0.06692,0.00165,0.11428
189.15,ETH-27MAR20,1580813940547,open,0.0,1728.0,0.001,0.014,0.004951,99.57,0.006,0.0,ETH-27MAR20-100-P,185.16,95.61,0.004,25.0,0.006,540.0,103.48,0.04808,-0.04615,-0.00931,0.00095,-0.02967
185.38,SYN.ETH-7FEB20,1580813940547,open,0.02,1543.0,0.001,0.038,0.013947,68.1,0.016,0.0,ETH-7FEB20-190-C,185.16,62.14,0.012,258.0,0.017,284.0,77.26,0.06114,-0.72393,0.00495,0.03316,0.35311
189.15,ETH-27MAR20,1580813940549,open,0.0,230.0,0.001,0.012,0.002594,101.56,0.004,0.0,ETH-27MAR20-90-P,185.16,88.12,0.001,96.0,0.004,300.0,109.46,0.02936,-0.02874,-0.00514,0.00057,-0.01653
199.55,SYN.ETH-25SEP20,1580813940549,open,2.2,0.0,2.132,2.382,2.24897,98.88,None,0.0,ETH-25SEP20-640-P,185.16,0.0,0.0,0.0,0.0,0.0,0.0,0.357,-0.07547,-3.97422,0.00141,-0.85915
199.55,SYN.ETH-25SEP20,1580813940549,open,0.07,157.0,0.03,0.118,0.067974,94.47,0.072,0.0,ETH-25SEP20-480-C,185.16,93.19,0.065,294.0,0.071,1.0,95.75,0.46917,-0.09475,0.19047,0.00195,0.21694
194.7,ETH-26JUN20,1580813940551,open,0.22,324.0,0.168,0.287,0.226717,85.12,0.202,0.0,ETH-26JUN20-200-P,185.16,79.92,0.214,210.0,0.236,390.0,88.94,0.47478,-0.14143,-0.48873,0.00376,-0.41455
199.55,SYN.ETH-25SEP20,1580813940551,open,0.31,176.0,0.254,0.366,0.311126,87.16,0.315,0.0,ETH-25SEP20-180-C,185.16,83.93,0.302,261.0,0.312,120.0,87.47,0.56332,-0.10496,0.48481,0.00253,0.69028
199.55,SYN.ETH-25SEP20,1580813940551,open,0.89,0.0,0.823,1.014,0.915503,91.13,None,0.0,ETH-25SEP20-360-P,185.16,0.0,0.0,0.0,0.0,0.0,0.0,0.57741,-0.11249,-2.02926,0.00248,-0.67153
189.15,ETH-27MAR20,1580813940553,open,0.21,3237.0,0.166,0.241,0.204305,80.16,0.213,0.0,ETH-27MAR20-160-C,185.16,79.04,0.203,1.0,0.232,60.0,103.05,0.22189,-0.17143,0.14927,0.00544,0.75958
189.15,ETH-27MAR20,1580813940553,open,0.01,2617.0,0.001,0.018,0.005346,101.9,0.006,0.0,ETH-27MAR20-400-C,185.16,97.32,0.004,540.0,0.007,585.0,106.63,0.06072,-0.05963,0.00916,0.00117,0.03942
189.15,ETH-27MAR20,1580813940553,open,0.07,3030.0,0.035,0.103,0.066858,82.11,0.071,0.0,ETH-27MAR20-220-C,185.16,80.09,0.064,293.0,0.07,320.0,84.31,0.26911,-0.21297,0.08134,0.00645,0.36944
189.15,ETH-27MAR20,1580813940553,open,0.0,275.0,0.001,0.011,0.000678,109.96,0.003,0.0,ETH-27MAR20-70-P,185.16,0.0,0.0,0.0,0.002,300.0,127.33,0.00956,-0.01013,-0.00142,0.00017,-0.00459
194.7,ETH-26JUN20,1580813940553,open,0.7,3.0,0.684,0.71,0.696476,103.22,0.588,0.0,ETH-26JUN20-60-C,185.16,66.9,0.692,60.0,0.704,60.0,125.64,0.04863,-0.01757,0.21917,0.00032,0.98405
189.15,ETH-27MAR20,1580813940553,open,0.53,0.0,0.511,0.544,0.526781,101.56,None,0.0,ETH-27MAR20-90-C,185.16,0.0,0.524,1.0,0.537,47.0,139.99,0.02936,-0.02874,0.12277,0.00057,0.98347
199.55,SYN.ETH-25SEP20,1580813940553,open,0.08,46.0,0.038,0.132,0.07993,93.71,0.083,0.0,ETH-25SEP20-440-C,185.16,92.15,0.076,292.0,0.084,100.0,95.3,0.50606,-0.10139,0.21563,0.00212,0.24857
199.55,SYN.ETH-25SEP20,1580813940553,open,0.11,342.0,0.061,0.168,0.111481,91.13,0.115,0.0,ETH-25SEP20-360-C,185.16,89.22,0.106,285.0,0.117,100.0,93.02,0.57741,-0.11249,0.27745,0.00248,0.32847
187.0,SYN.ETH-28FEB20,1580813940553,open,0.0,837.0,0.001,0.011,0.001441,100.97,0.001,0.0,ETH-28FEB20-110-P,185.16,0.0,0.0,0.0,0.003,305.0,113.92,0.01758,-0.03717,-0.00195,0.00076,-0.01449
187.0,SYN.ETH-28FEB20,1580813940553,open,0.03,661.0,0.007,0.048,0.024128,76.55,0.024,0.0,ETH-28FEB20-220-C,185.16,73.79,0.022,478.0,0.026,206.0,78.93,0.14592,-0.23393,0.02543,0.00833,0.23199
185.38,SYN.ETH-7FEB20,1580813940553,open,0.2,84.0,0.166,0.215,0.191023,96.39,0.215,0.0,ETH-7FEB20-150-C,185.16,0.0,0.179,50.0,0.199,20.0,193.95,0.00276,-0.04621,0.01173,0.00106,0.9941
187.0,SYN.ETH-28FEB20,1580813940553,open,0.18,513.0,0.132,0.196,0.164392,73.85,0.149,0.0,ETH-28FEB20-160-C,185.16,40.03,0.147,56.0,0.19,56.0,108.28,0.12497,-0.19328,0.08034,0.0074,0.82119
189.15,ETH-27MAR20,1580813940555,open,2.12,0.0,2.08,2.273,2.17275,111.42,None,0.0,ETH-27MAR20-600-P,185.16,0.0,0.03,50.0,0.0,0.0,0.0,0.01135,-0.01219,-0.85143,0.0002,-0.99443
187.0,SYN.ETH-28FEB20,1580813940555,open,0.47,21.0,0.449,0.483,0.466154,109.91,0.267,0.0,ETH-28FEB20-100-C,185.16,0.0,0.459,42.0,0.475,42.0,167.12,0.01158,-0.02666,0.0642,0.00046,0.99104
187.0,SYN.ETH-28FEB20,1580813940555,open,0.23,1.0,0.204,0.294,0.24744,78.57,0.292,0.0,ETH-28FEB20-230-P,185.16,0.0,0.001,1.0,0.299,1.0,140.23,0.12385,-0.20378,-0.13102,0.00689,-0.82372
187.0,SYN.ETH-28FEB20,1580813940555,open,0.0,1339.0,0.001,0.011,0.000127,116.73,0.002,0.0,ETH-28FEB20-80-P,185.16,0.0,0.0,0.0,0.001,10.0,146.96,0.00216,-0.00529,-0.00018,8e-05,-0.00138
185.38,SYN.ETH-7FEB20,1580813940555,open,0.36,2.0,0.333,0.372,0.352685,102.36,0.372,0.0,ETH-7FEB20-120-C,185.16,0.0,0.344,36.0,0.361,36.0,342.53,0.0,-1e-05,0.00945,0.0,1.0
199.55,SYN.ETH-25SEP20,1580813940555,open,0.14,302.0,0.079,0.191,0.132479,89.0,0.139,0.0,ETH-25SEP20-320-C,185.16,87.86,0.129,281.0,0.136,50.0,90.16,0.608,-0.11569,0.31594,0.00268,0.37957
199.55,SYN.ETH-25SEP20,1580813940555,open,0.06,25.0,0.026,0.11,0.061414,96.58,0.059,0.0,ETH-25SEP20-520-C,185.16,94.56,0.057,296.0,0.066,296.0,98.61,0.44316,-0.0915,0.17338,0.0018,0.19701
185.38,SYN.ETH-7FEB20,1580813940555,open,0.0,745.0,0.001,0.011,0.000166,96.39,0.001,0.0,ETH-7FEB20-150-P,185.16,0.0,0.0,0.0,0.001,34.0,123.47,0.00276,-0.03085,-9e-05,0.00106,-0.0059
187.0,SYN.ETH-28FEB20,1580813940555,open,0.0,830.0,0.001,0.011,0.000425,115.08,0.001,0.0,ETH-28FEB20-90-P,185.16,0.0,0.0,0.0,0.001,10.0,128.05,0.00598,-0.01441,-0.00057,0.00023,-0.00425
189.15,ETH-27MAR20,1580813940557,open,0.1,4258.0,0.06,0.136,0.097771,80.71,0.106,0.0,ETH-27MAR20-200-C,185.16,78.2,0.094,282.0,0.102,282.0,83.52,0.28434,-0.22119,0.10479,0.00693,0.48756
189.15,ETH-27MAR20,1580813940557,open,0.01,677.0,0.005,0.035,0.016476,86.24,0.014,0.0,ETH-27MAR20-130-P,185.16,82.2,0.014,565.0,0.018,265.0,88.6,0.11966,-0.09946,-0.02972,0.00273,-0.09408
194.7,ETH-26JUN20,1580813940557,open,0.01,1009.0,0.002,0.024,0.011049,95.29,0.01,0.0,ETH-26JUN20-80-P,185.16,93.15,0.01,300.0,0.012,300.0,97.14,0.09792,-0.03265,-0.03641,0.00069,-0.03673
185.38,SYN.ETH-7FEB20,1580813940557,open,0.12,3.0,0.1,0.172,0.134646,87.01,0.106,0.0,ETH-7FEB20-210-P,185.16,0.0,0.001,1.0,1.138,10.0,500.0,0.01896,-0.2869,-0.01573,0.00805,-0.94247
185.38,SYN.ETH-7FEB20,1580813940557,open,0.31,67.0,0.278,0.319,0.298743,97.51,0.258,0.0,ETH-7FEB20-130-C,185.16,0.0,0.289,34.0,0.308,34.0,298.75,1e-05,-0.00021,0.01024,0.0,0.99998
189.15,ETH-27MAR20,1580813940559,open,0.0,2306.0,0.001,0.013,0.003273,103.95,0.003,0.0,ETH-27MAR20-440-C,185.16,97.23,0.002,540.0,0.005,325.0,110.72,0.04181,-0.04188,0.00587,0.00079,0.02509
189.15,ETH-27MAR20,1580813940559,open,0.09,1748.0,0.057,0.135,0.093879,79.68,0.087,0.0,ETH-27MAR20-180-P,185.16,76.96,0.09,260.0,0.098,472.0,82.55,0.27069,-0.20787,-0.12639,0.00668,-0.37628
189.15,ETH-27MAR20,1580813940559,open,0.0,2827.0,0.001,0.012,0.002512,108.51,0.003,0.0,ETH-27MAR20-480-C,185.16,97.05,0.001,421.0,0.004,326.0,115.69,0.03325,-0.03477,0.00447,0.0006,0.01913
199.55,SYN.ETH-25SEP20,1580813940559,open,0.01,813.0,0.001,0.022,0.010446,96.72,0.009,0.0,ETH-25SEP20-60-P,185.16,93.64,0.009,300.0,0.012,170.0,99.8,0.09719,-0.0201,-0.0469,0.00039,-0.02623
187.0,SYN.ETH-28FEB20,1580813940559,open,0.28,0.0,0.252,0.343,0.295997,80.19,None,0.0,ETH-28FEB20-240-P,185.16,0.0,0.001,1.0,0.0,0.0,0.0,0.10257,-0.17225,-0.14231,0.00559,-0.8674
187.0,SYN.ETH-28FEB20,1580813940559,open,0.05,107.0,0.027,0.088,0.055203,72.4,0.045,0.0,ETH-28FEB20-180-P,185.16,69.11,0.052,193.0,0.057,240.0,74.24,0.18248,-0.27668,-0.05356,0.01102,-0.38265
199.55,SYN.ETH-25SEP20,1580813940559,open,1.63,0.0,1.561,1.786,1.667222,96.58,None,0.0,ETH-25SEP20-520-P,185.16,0.0,0.0,0.0,0.0,0.0,0.0,0.44316,-0.0915,-3.15854,0.0018,-0.80299
194.7,ETH-26JUN20,1580813940561,open,2.05,0.0,1.996,2.209,2.096119,99.15,None,0.0,ETH-26JUN20-600-P,185.16,0.0,0.01,50.0,0.0,0.0,0.0,0.15681,-0.05441,-2.30914,0.00107,-0.93372
189.15,ETH-27MAR20,1580813940561,open,0.02,3329.0,0.007,0.049,0.023729,88.52,0.025,0.0,ETH-27MAR20-280-C,185.16,86.58,0.022,513.0,0.025,265.0,89.91,0.17107,-0.14595,0.03572,0.0038,0.15659
189.15,ETH-27MAR20,1580813940562,open,2.33,0.0,2.285,2.491,2.383968,111.47,None,0.0,ETH-27MAR20-640-P,185.16,0.0,0.01,50.0,0.0,0.0,0.0,0.00763,-0.00819,-0.90875,0.00013,-0.99643
199.55,SYN.ETH-25SEP20,1580813940561,open,0.1,505.0,0.047,0.147,0.092461,91.98,0.097,0.0,ETH-25SEP20-400-C,185.16,90.7,0.089,289.0,0.096,3.0,93.28,0.53976,-0.10614,0.24262,0.0023,0.28221
199.55,SYN.ETH-25SEP20,1580813940561,open,0.21,267.0,0.148,0.268,0.208462,86.96,0.2,0.0,ETH-25SEP20-240-C,185.16,85.56,0.204,271.0,0.213,110.0,88.39,0.63507,-0.11807,0.41503,0.00286,0.53304
187.0,SYN.ETH-28FEB20,1580813940561,open,0.37,102.0,0.34,0.383,0.36118,96.99,0.377,0.0,ETH-28FEB20-120-C,185.16,0.0,0.349,58.0,0.373,58.0,140.09,0.03065,-0.06225,0.07473,0.00138,0.97208
187.0,SYN.ETH-28FEB20,1580813940561,open,0.01,1421.0,0.001,0.021,0.007503,83.68,0.007,0.0,ETH-28FEB20-140-P,185.16,82.23,0.007,199.0,0.008,1.0,85.07,0.06577,-0.11526,-0.00975,0.00344,-0.07222
187.0,SYN.ETH-28FEB20,1580813940561,open,0.14,145.0,0.116,0.2,0.156899,74.94,0.138,0.0,ETH-28FEB20-210-P,185.16,0.0,0.001,21.0,0.254,20.0,173.39,0.16758,-0.263,-0.10418,0.00978,-0.69479
187.0,SYN.ETH-28FEB20,1580813940562,open,0.33,0.0,0.302,0.395,0.346349,82.58,None,0.0,ETH-28FEB20-250-P,185.16,0.0,0.001,1.0,0.0,0.0,0.0,0.08526,-0.14744,-0.15219,0.00451,-0.89783
185.38,SYN.ETH-7FEB20,1580813940563,open,0.0,1016.0,0.001,0.013,0.001845,87.01,0.003,0.0,ETH-7FEB20-210-C,185.16,77.34,0.001,77.0,0.003,100.0,96.87,0.01896,-0.2869,0.00081,0.00805,0.05753
199.55,SYN.ETH-25SEP20,1580813940563,open,0.63,0.0,0.598,0.645,0.620877,90.65,None,0.0,ETH-25SEP20-80-C,185.16,66.81,0.605,56.0,0.634,56.0,104.57,0.17086,-0.03311,0.41784,0.00074,0.94766
194.7,ETH-26JUN20,1580813940566,open,0.02,227.0,0.006,0.051,0.022426,98.04,0.024,0.0,ETH-26JUN20-520-C,185.16,95.73,0.02,300.0,0.025,120.0,100.36,0.21016,-0.07211,0.05736,0.00144,0.09769
194.7,ETH-26JUN20,1580813940566,open,1.26,0.0,1.21,1.391,1.294826,95.81,None,0.0,ETH-26JUN20-440-P,185.16,0.0,0.01,50.0,0.0,0.0,0.0,0.27698,-0.09287,-1.63885,0.00195,-0.85552
199.55,SYN.ETH-25SEP20,1580813940566,open,0.27,209.0,0.212,0.329,0.271972,87.16,0.26,0.0,ETH-25SEP20-200-C,185.16,86.5,0.27,220.0,0.274,110.0,87.83,0.60031,-0.11186,0.46443,0.0027,0.63519
187.0,SYN.ETH-28FEB20,1580813940566,open,0.58,1.0,0.559,0.585,0.572311,116.73,0.522,0.0,ETH-28FEB20-80-C,185.16,0.0,0.567,49.0,0.579,49.0,201.43,0.00216,-0.00529,0.05215,8e-05,0.99862
187.0,SYN.ETH-28FEB20,1580813940568,open,0.03,441.0,0.013,0.062,0.034316,72.7,0.033,0.0,ETH-28FEB20-170-P,185.16,69.96,0.032,192.0,0.037,719.0,75.85,0.15885,-0.24185,-0.03752,0.00955,-0.27245
187.0,SYN.ETH-28FEB20,1580813940568,open,0.01,3123.0,0.001,0.025,0.009424,82.58,0.012,0.0,ETH-28FEB20-250-C,185.16,79.33,0.008,540.0,0.011,265.0,85.91,0.08526,-0.14744,0.01134,0.00451,0.10217
199.55,SYN.ETH-25SEP20,1580813940568,open,0.04,1651.0,0.015,0.084,0.041821,98.88,0.039,0.0,ETH-25SEP20-640-C,185.16,96.7,0.038,301.0,0.046,300.0,101.17,0.357,-0.07547,0.12662,0.00141,0.14085
187.0,SYN.ETH-28FEB20,1580813940568,open,0.0,899.0,0.001,0.015,0.004954,91.19,0.003,0.0,ETH-28FEB20-130-P,185.16,87.17,0.004,240.0,0.006,565.0,95.16,0.04689,-0.08955,-0.00635,0.00225,-0.04693
187.0,SYN.ETH-28FEB20,1580813940568,open,0.0,404.0,0.001,0.011,0.000924,109.91,0.001,0.0,ETH-28FEB20-100-P,185.16,0.0,0.0,0.0,0.002,310.0,123.11,0.01158,-0.02666,-0.00121,0.00046,-0.00896
199.55,SYN.ETH-25SEP20,1580813940568,open,0.33,1.0,0.269,0.413,0.339931,86.92,0.319,0.0,ETH-25SEP20-220-P,185.16,0.0,0.0,0.0,0.0,0.0,0.0,0.62366,-0.11589,-0.96879,0.00281,-0.41774
189.15,ETH-27MAR20,1580813940570,open,0.64,0.0,0.619,0.643,0.630602,109.96,None,0.0,ETH-27MAR20-70-C,185.16,0.0,0.627,53.0,0.639,53.0,167.23,0.00956,-0.01013,0.09807,0.00017,0.99541
189.15,ETH-27MAR20,1580813940570,open,0.43,20.0,0.404,0.45,0.426156,95.1,0.272,0.0,ETH-27MAR20-110-C,185.16,61.13,0.419,62.0,0.439,62.0,122.63,0.06807,-0.06239,0.14206,0.00141,0.95461
9167.44,SYN.BTC-6FEB20,1580813940675,open,2.5,0.0025,0.0395,0.0182776,46.23,0.017,0.0,BTC-6FEB20-9250-P,9160.13,41.64,0.017,0.4,0.0205,0.4,54.25,2.53856,-31.28533,-0.29138,0.00127,-0.60024
9167.44,SYN.BTC-6FEB20,1580813940683,open,0.0,0.002,0.036,0.01594036,47.35,None,0.0,BTC-6FEB20-9125-C,9160.13,40.44,0.014,0.4,0.018,17.3,54.59,2.59099,-32.70447,0.2568,0.00127,0.56106
9163.56,SYN.BTC-5FEB20,1580813940691,open,0.01,29.4,0.0005,0.022,0.0052654,47.01,0.0065,0.0,BTC-5FEB20-9250-C,9160.13,45.51,0.005,0.5,0.006,0.3,51.03,1.65546,-38.9143,0.0749,0.00175,0.34598
9163.56,SYN.BTC-5FEB20,1580813940692,open,0.01,23.9,0.0005,0.0355,0.01469819,46.92,0.016,0.0,BTC-5FEB20-9250-P,9160.13,37.38,0.013,0.4,0.0165,0.4,56.82,1.65489,-38.81971,-0.14708,0.00175,-0.65434
9167.44,SYN.BTC-6FEB20,1580813940694,open,0.0,0.002,0.036,0.01594036,47.35,None,0.0,BTC-6FEB20-9125-C,9160.13,42.21,0.0145,0.4,0.018,17.3,54.59,2.59099,-32.70447,0.2568,0.00127,0.56106
9167.44,SYN.BTC-6FEB20,1580813940695,open,3.6,0.0005,0.022,0.00576119,49.55,0.006,0.0,BTC-6FEB20-9375-C,9160.13,46.28,0.005,21.0,0.007,20.3,54.66,2.17324,-28.70382,0.12452,0.00102,0.27008
9167.44,SYN.BTC-6FEB20,1580813940695,open,0.0,0.0085,0.0515,0.02840269,49.47,None,0.0,BTC-6FEB20-9375-P,9160.13,41.18,0.0265,0.1,0.03,0.1,56.12,2.17191,-28.64226,-0.3574,0.00102,-0.73025
9171.27,SYN.BTC-7FEB20,1580813940697,open,0.0,565.7,0.0005,0.021,0.00337655,50.79,0.003,0.0,BTC-7FEB20-8750-P,9160.13,48.87,0.003,70.0,0.0035,5.0,51.4,1.84065,-16.25341,-0.10598,0.00055,-0.14329
9171.27,SYN.BTC-7FEB20,1580813940702,open,0.01,803.3,0.0005,0.0335,0.0095693,49.4,0.01,0.0,BTC-7FEB20-9000-P,9160.13,46.04,0.0085,52.0,0.0105,55.2,52.3,2.93251,-25.19036,-0.24226,0.0009,-0.32571
9171.31,SYN.BTC-7FEB20,1580813940703,open,0.02,548.9,0.003,0.0385,0.01356996,49.31,0.0135,0.0,BTC-7FEB20-9250-C,9160.13,46.22,0.0125,26.6,0.0145,2.6,51.95,3.19922,-27.42928,0.30176,0.00098,0.4312
9198.42,SYN.BTC-14FEB20,1580813940704,open,0.02,227.5,0.0115,0.0535,0.02422661,52.27,0.0225,0.0,BTC-14FEB20-9000-P,9160.13,47.13,0.021,23.0,0.023,3.0,50.33,5.77635,-15.2858,-1.0144,0.00048,-0.38337
9198.42,SYN.BTC-14FEB20,1580813940705,open,0.02,317.6,0.004,0.038,0.01394505,53.78,0.014,0.0,BTC-14FEB20-9750-C,9160.13,52.02,0.013,23.0,0.015,3.0,55.7,4.99896,-13.61156,0.63623,0.00041,0.26959
9171.31,SYN.BTC-7FEB20,1580813940706,open,0.02,548.9,0.003,0.0385,0.01356996,49.31,0.0135,0.0,BTC-7FEB20-9250-C,9160.13,46.22,0.0125,26.4,0.0145,2.6,51.95,3.19922,-27.42928,0.30176,0.00098,0.4312
9198.42,SYN.BTC-14FEB20,1580813940707,open,0.01,322.3,0.0005,0.022,0.00663493,58.52,0.007,0.0,BTC-14FEB20-10250-C,9160.13,56.76,0.006,50.0,0.0075,1.1,60.81,3.38212,-10.02099,0.33412,0.00025,0.14088
9198.42,SYN.BTC-14FEB20,1580813940709,open,0.0,83.4,0.0005,0.012,0.00214278,76.54,0.0025,0.0,BTC-14FEB20-11500-C,9160.13,71.86,0.0015,50.0,0.003,72.2,81.65,1.39715,-5.41433,0.10309,8e-05,0.04356
9252.59,SYN.BTC-28FEB20,1580813940710,open,0.02,203.4,0.0065,0.038,0.01827656,59.33,0.018,0.0,BTC-28FEB20-10500-C,9160.13,58.31,0.0175,20.0,0.0195,49.3,60.91,7.08523,-8.80262,1.24711,0.00021,0.22433
9361.11,BTC-27MAR20,1580813940712,open,0.11,1518.6,0.081,0.141,0.10786011,59.27,0.109,0.0,BTC-27MAR20-9000-C,9160.13,58.67,0.107,17.2,0.109,3.0,60.05,13.50794,-7.71657,6.72373,0.00018,0.61324
9361.11,BTC-27MAR20,1580813940721,open,0.11,1518.6,0.081,0.141,0.10786011,59.27,0.109,0.0,BTC-27MAR20-9000-C,9160.13,58.67,0.107,27.2,0.109,3.0,60.05,13.50794,-7.71657,6.72373,0.00018,0.61324
9578.63,BTC-26JUN20,1580813940724,open,0.13,630.1,0.096,0.1795,0.13293793,67.17,0.13,0.0,BTC-26JUN20-9000-P,9160.13,64.85,0.1275,20.5,0.1315,2.0,66.55,22.42099,-5.2702,-18.48346,9e-05,-0.36003
199.55,SYN.ETH-25SEP20,1580813940766,open,0.71,1.0,0.695,0.727,0.709776,96.72,0.721,0.0,ETH-25SEP20-60-C,185.16,61.93,0.7,62.0,0.719,62.0,112.82,0.09719,-0.0201,0.33756,0.00039,0.97377
194.7,ETH-26JUN20,1580813940768,open,0.43,318.0,0.392,0.462,0.427351,87.69,0.379,0.0,ETH-26JUN20-120-C,185.16,64.26,0.401,47.0,0.451,47.0,105.16,0.24901,-0.07642,0.34212,0.00191,0.87625
194.7,ETH-26JUN20,1580813940772,open,0.36,543.0,0.313,0.396,0.354936,86.06,0.354,0.0,ETH-26JUN20-140-C,185.16,66.26,0.323,46.0,0.385,46.0,103.41,0.32944,-0.09922,0.34762,0.00258,0.81105
199.55,SYN.ETH-25SEP20,1580813940964,open,0.71,1.0,0.695,0.727,0.709776,96.72,0.721,0.0,ETH-25SEP20-60-C,185.16,61.93,0.7,62.0,0.72,62.0,114.34,0.09719,-0.0201,0.33756,0.00039,0.97377
9361.03,BTC-27MAR20,1580813941177,open,0.18,1129.3,0.1495,0.204,0.17537322,59.94,0.1765,0.0,BTC-27MAR20-8000-C,9160.01,58.67,0.174,1.0,0.1775,3.0,61.89,10.15576,-5.86741,8.18425,0.00014,0.79053
9578.63,BTC-26JUN20,1580813941177,open,0.01,493.2,0.0025,0.0345,0.01243935,83.09,0.014,0.0,BTC-26JUN20-24000-C,9160.01,81.89,0.0115,15.0,0.0135,15.1,84.38,7.68104,-2.23346,2.00488,3e-05,0.06591
9361.03,BTC-27MAR20,1580813941176,open,0.9,0.0,0.886,0.973,0.9263017,85.33,1.23,0.0,BTC-27MAR20-18000-P,9160.01,0.0,0.0125,1.0,0.0,0.0,0.0,2.44346,-2.0097,-25.22064,2e-05,-0.96936
9361.03,BTC-27MAR20,1580813941177,open,0.03,1706.7,0.0095,0.048,0.02384694,66.4,0.0245,0.0,BTC-27MAR20-12000-C,9160.01,65.57,0.023,40.2,0.025,15.0,67.5,9.66789,-6.18696,2.24999,0.00012,0.19296
9361.03,BTC-27MAR20,1580813941177,open,0.07,1538.1,0.0405,0.097,0.06533701,61.64,0.065,0.0,BTC-27MAR20-10000-C,9160.01,61.41,0.065,1.7,0.066,3.0,62.08,13.88168,-8.2468,4.89552,0.00018,0.4333
9578.63,BTC-26JUN20,1580813941177,open,0.69,26.6,0.679,0.699,0.68877108,88.54,0.6925,0.0,BTC-26JUN20-3000-C,9160.01,67.1,0.687,10.0,0.697,10.0,119.18,1.43253,-0.44387,11.33833,0.0,0.99117
9361.03,BTC-27MAR20,1580813941177,open,0.0,247.6,0.0005,0.0105,0.00071345,118.33,0.0015,0.0,BTC-27MAR20-32000-C,9160.01,114.35,0.0005,0.1,0.001,43.0,122.46,0.57034,-0.6505,0.0659,0.0,0.00567
9361.03,BTC-27MAR20,1580813941177,open,0.03,1014.5,0.0145,0.054,0.02997375,59.94,0.0315,0.0,BTC-27MAR20-8000-P,9160.01,59.03,0.029,19.9,0.0305,2.0,60.42,10.1553,-5.86658,-3.18546,0.00014,-0.20946
9361.03,BTC-27MAR20,1580813941177,open,0.23,0.0,0.1945,0.244,0.21772267,61.74,None,0.0,BTC-27MAR20-7500-C,9160.01,57.21,0.214,13.0,0.2205,3.0,64.94,7.95429,-4.73373,8.51022,0.0001,0.85738
9578.63,BTC-26JUN20,1580813941177,open,0.01,407.9,0.002,0.027,0.01178427,73.78,0.0115,0.0,BTC-26JUN20-5000-P,9160.01,72.56,0.011,15.0,0.0125,20.0,74.87,6.23969,-1.61115,-2.33901,2e-05,-0.0506
9361.03,BTC-27MAR20,1580813941177,open,0.0,370.9,0.0005,0.0115,0.0016213,95.62,0.002,0.0,BTC-27MAR20-22000-C,9160.01,90.28,0.001,87.0,0.0025,64.0,101.12,1.27928,-1.17902,0.1681,1e-05,0.01426
9578.63,BTC-26JUN20,1580813941177,open,0.33,6.7,0.297,0.403,0.34500161,69.41,0.4395,0.0,BTC-26JUN20-12000-P,9160.01,0.0,0.033,0.4,0.54,0.1,148.39,22.84383,-5.54922,-36.12965,9e-05,-0.61859
9360.91,BTC-27MAR20,1580813941177,open,0.0,898.4,0.0005,0.0105,0.00013651,118.38,0.0005,0.0,BTC-27MAR20-40000-C,9160.01,0.0,0.0,0.0,0.0005,32.0,131.79,0.14237,-0.16244,0.01439,0.0,0.00122
9578.63,BTC-26JUN20,1580813941177,open,0.18,212.4,0.151,0.2445,0.19295608,67.17,0.1925,0.0,BTC-26JUN20-10000-P,9160.01,64.57,0.1865,23.9,0.1935,1.0,67.39,23.76998,-5.5872,-24.37469,0.0001,-0.45713
9578.63,BTC-26JUN20,1580813941177,open,0.4,79.7,0.375,0.4255,0.39767694,69.2,0.4075,0.0,BTC-26JUN20-6000-C,9160.01,53.8,0.3835,12.0,0.4195,12.0,87.26,10.31182,-2.49733,18.93419,4e-05,0.90266
9578.63,BTC-26JUN20,1580813941177,open,0.01,110.3,0.0005,0.027,0.00843779,87.23,0.011,0.0,BTC-26JUN20-28000-C,9160.01,85.6,0.0075,46.0,0.0095,15.0,88.95,5.70783,-1.74243,1.38099,2e-05,0.04527
9360.91,BTC-27MAR20,1580813941177,open,0.0,1315.4,0.0005,0.016,0.0055271,74.89,0.004,0.0,BTC-27MAR20-6000-P,9160.01,73.33,0.005,20.0,0.006,76.1,76.24,3.22695,-2.32943,-0.64613,3e-05,-0.04304
9360.91,BTC-27MAR20,1580813941177,open,0.58,33.4,0.5635,0.5835,0.573259,92.95,0.5875,0.0,BTC-27MAR20-4000-C,9160.01,0.0,0.571,11.0,0.5815,11.0,144.42,0.47723,-0.42753,5.61575,0.0,0.99536
9360.91,BTC-27MAR20,1580813941177,open,0.06,324.9,0.045,0.103,0.06928455,59.26,0.0675,0.0,BTC-27MAR20-9000-P,9160.01,58.37,0.068,19.0,0.0705,18.8,60.1,13.50797,-7.7148,-6.06768,0.00018,-0.38679
9360.91,BTC-27MAR20,1580813941177,open,0.0,162.3,0.0005,0.0105,0.00089548,115.72,0.001,0.0,BTC-27MAR20-30000-C,9160.01,109.21,0.0005,12.6,0.0015,43.0,122.37,0.69728,-0.77769,0.08269,0.0,0.00711
9578.63,BTC-26JUN20,1580813941177,open,0.32,115.9,0.287,0.3505,0.31614172,67.24,0.3235,0.0,BTC-26JUN20-7000-C,9160.01,64.59,0.312,15.0,0.3255,22.0,73.04,15.14071,-3.56268,19.28297,6e-05,0.83043
9360.91,BTC-27MAR20,1580813941177,open,0.0,162.0,0.0005,0.0105,0.00046504,118.34,0.0005,0.0,BTC-27MAR20-34000-C,9160.01,0.0,0.0,0.0,0.001,21.1,127.49,0.40084,-0.45721,0.04459,0.0,0.00382
9578.63,BTC-26JUN20,1580813941177,open,0.02,403.8,0.011,0.0465,0.02407016,69.2,0.023,0.0,BTC-26JUN20-6000-P,9160.01,67.73,0.0225,15.0,0.0255,15.0,70.52,10.31164,-2.49725,-4.5521,4e-05,-0.09734
9360.91,BTC-27MAR20,1580813941177,open,0.32,0.0,0.2955,0.335,0.31369095,69.44,None,0.0,BTC-27MAR20-6500-C,9160.01,51.47,0.3075,14.0,0.3315,14.0,97.84,4.40634,-2.94902,8.28296,5e-05,0.93627
9578.63,BTC-26JUN20,1580813941177,open,0.5,12.5,0.471,0.5815,0.52078657,71.72,0.619,0.0,BTC-26JUN20-14000-P,9160.01,0.0,0.0,0.0,0.69,1.0,142.76,19.70923,-4.94645,-47.00521,8e-05,-0.73287
9360.91,BTC-27MAR20,1580813941177,open,0.01,175.3,0.0005,0.021,0.00805602,69.41,0.0085,0.0,BTC-27MAR20-6500-P,9160.01,68.21,0.0075,20.0,0.0085,24.0,70.34,4.40326,-2.94589,-0.95426,5e-05,-0.06367
9578.63,BTC-26JUN20,1580813941177,open,0.09,445.0,0.0585,0.1365,0.09221416,69.42,0.0925,0.0,BTC-26JUN20-12000-C,9160.01,68.7,0.0905,1.0,0.0945,12.8,70.37,22.84387,-5.54928,10.84321,9e-05,0.38141
9360.91,BTC-27MAR20,1580813941177,open,0.0,403.2,0.0005,0.0105,0.0008958,103.64,0.001,0.0,BTC-27MAR20-26000-C,9160.01,97.64,0.0005,58.5,0.0015,44.0,109.8,0.75477,-0.75398,0.09158,1e-05,0.00778
9360.91,BTC-27MAR20,1580813941178,open,0.0,1437.8,0.0005,0.0105,0.00055876,92.77,0.0015,0.0,BTC-27MAR20-4000-P,9160.01,0.0,0.0,0.0,0.001,20.0,99.83,0.47183,-0.42187,-0.06836,0.0,-0.00458
9360.91,BTC-27MAR20,1580813941177,open,0.47,21.6,0.4555,0.4815,0.4676257,82.02,0.485,0.0,BTC-27MAR20-5000-C,9160.01,0.0,0.4655,0.1,0.479,10.0,122.07,1.30002,-1.02767,6.88957,1e-05,0.98547
9360.91,BTC-27MAR20,1580813941178,open,0.04,354.7,0.0265,0.076,0.04662143,59.26,0.048,0.0,BTC-27MAR20-8500-P,9160.01,58.01,0.045,20.6,0.047,3.0,59.55,12.14541,-6.93739,-4.52347,0.00016,-0.29338
9578.63,BTC-26JUN20,1580813941177,open,0.06,692.6,0.0315,0.0995,0.05920207,71.72,0.064,0.0,BTC-26JUN20-14000-C,9160.01,70.64,0.057,18.9,0.0615,13.8,72.83,19.70944,-4.94659,7.79656,8e-05,0.26714
9360.91,BTC-27MAR20,1580813941177,open,0.15,76.1,0.112,0.1705,0.138608,59.28,0.16,0.0,BTC-27MAR20-8500-C,9160.01,58.42,0.1375,3.0,0.141,15.9,61.11,12.14591,-6.93929,7.55659,0.00016,0.70659
9360.91,BTC-27MAR20,1580813941177,open,0.39,0.0,0.369,0.4455,0.40394553,69.22,0.407,0.0,BTC-27MAR20-13000-P,9160.01,0.0,0.3515,3.0,0.452,3.0,113.45,7.45132,-4.97105,-16.95357,9e-05,-0.87036
9578.63,BTC-26JUN20,1580813941177,open,0.25,229.4,0.214,0.289,0.24867983,67.17,0.252,0.0,BTC-26JUN20-8000-C,9160.01,64.62,0.2435,15.0,0.252,23.0,68.8,19.49721,-4.58298,18.36489,8e-05,0.73848
9578.63,BTC-26JUN20,1580813941178,open,0.5,0.0,0.473,0.511,0.48978949,73.78,None,0.0,BTC-26JUN20-5000-C,9160.01,55.66,0.481,13.0,0.505,13.0,92.88,6.23982,-1.6112,17.23293,2e-05,0.9494
9578.63,BTC-26JUN20,1580813941178,open,0.0,246.4,0.0005,0.0115,0.00196668,88.53,0.0015,0.0,BTC-26JUN20-3000-P,9160.01,85.13,0.0015,15.0,0.0025,25.0,91.83,1.43179,-0.44359,-0.40462,0.0,-0.00882
9578.63,BTC-26JUN20,1580813941178,open,0.01,104.7,0.0005,0.024,0.0070482,88.93,0.008,0.0,BTC-26JUN20-30000-C,9160.01,86.8,0.006,46.0,0.008,15.0,90.7,4.95914,-1.54337,1.16267,2e-05,0.03806
9578.63,BTC-26JUN20,1580813941177,open,0.04,292.8,0.018,0.0755,0.03983833,74.08,0.041,0.0,BTC-26JUN20-16000-C,9160.01,72.99,0.038,20.6,0.0415,14.6,75.05,16.30143,-4.2262,5.65795,6e-05,0.19074
9360.91,BTC-27MAR20,1580813941178,open,0.0,538.6,0.0005,0.0115,0.00175268,81.95,0.0015,0.0,BTC-27MAR20-5000-P,9160.01,80.03,0.0015,67.0,0.002,2.1,83.66,1.29575,-1.02347,-0.21583,1e-05,-0.01447
9360.91,BTC-27MAR20,1580813941177,open,0.04,566.4,0.0195,0.0675,0.03909266,63.89,0.0395,0.0,BTC-27MAR20-11000-C,9160.01,63.44,0.0385,1.0,0.04,0.5,64.59,12.10649,-7.45572,3.35626,0.00015,0.29136
9360.91,BTC-27MAR20,1580813941177,open,0.01,1286.0,0.003,0.0285,0.01265424,65.75,0.012,0.0,BTC-27MAR20-7000-P,9160.01,65.51,0.0125,0.3,0.013,43.0,66.28,6.0756,-3.85024,-1.46433,7e-05,-0.09741
9578.63,BTC-26JUN20,1580813941177,open,0.03,406.4,0.011,0.0595,0.02789834,76.3,0.027,0.0,BTC-26JUN20-18000-C,9160.01,75.28,0.0265,20.0,0.0295,15.1,77.44,13.30256,-3.55189,4.18226,5e-05,0.13944
9360.91,BTC-27MAR20,1580813941178,open,1.11,5.2,1.0955,1.189,1.13894825,91.37,2.035,0.0,BTC-27MAR20-20000-P,9160.01,0.0,0.0,0.0,0.0,0.0,0.0,1.78717,-1.5739,-28.17645,2e-05,-0.97891
9360.91,BTC-27MAR20,1580813941178,open,0.01,1559.2,0.001,0.028,0.01066374,73.0,0.01,0.0,BTC-27MAR20-14000-C,9160.01,71.92,0.01,64.0,0.0115,20.1,74.31,5.85268,-4.11804,1.08998,6e-05,0.09259
9360.91,BTC-27MAR20,1580813941178,open,0.0,36.9,0.0005,0.011,0.00124257,89.65,0.002,0.0,BTC-27MAR20-4500-P,9160.01,79.69,0.0005,67.0,0.002,67.2,96.21,0.91935,-0.79443,-0.14614,1e-05,-0.00974
9360.91,BTC-27MAR20,1580813941178,open,0.37,22.1,0.3485,0.384,0.36457726,74.93,0.354,0.0,BTC-27MAR20-6000-C,9160.01,50.02,0.3595,13.2,0.3795,14.8,104.97,3.2311,-2.33365,7.8803,3e-05,0.95689
9360.91,BTC-27MAR20,1580813941178,open,0.27,574.1,0.244,0.289,0.26487695,65.77,0.2575,0.0,BTC-27MAR20-7000-C,9160.01,61.11,0.262,15.5,0.2685,15.5,71.07,6.07817,-3.85306,8.48351,7e-05,0.90253
9171.27,SYN.BTC-7FEB20,1580813941177,open,0.0,197.4,0.0005,0.0105,0.00070435,88.98,0.001,0.0,BTC-7FEB20-10750-C,9160.01,84.5,0.0005,0.5,0.001,33.0,94.18,0.46505,-6.45981,0.01707,8e-05,0.02433
9360.91,BTC-27MAR20,1580813941179,open,0.0,318.1,0.0005,0.0105,0.00030626,118.36,0.0005,0.0,BTC-27MAR20-36000-C,9160.01,0.0,0.0,0.0,0.001,39.3,132.19,0.28277,-0.32258,0.03038,0.0,0.00259
9360.91,BTC-27MAR20,1580813941179,open,0.01,278.8,0.0005,0.023,0.00789044,76.78,0.0075,0.0,BTC-27MAR20-15000-C,9160.01,74.94,0.007,65.0,0.009,64.0,78.92,4.67969,-3.46316,0.81138,5e-05,0.06888
9578.51,BTC-26JUN20,1580813941179,open,0.2,284.3,0.156,0.2375,0.19334734,67.17,0.201,0.0,BTC-26JUN20-9000-C,9160.01,65.95,0.1905,1.6,0.1945,14.6,67.66,22.42093,-5.27041,16.74554,9e-05,0.63996
9360.91,BTC-27MAR20,1580813941179,open,0.0,816.0,0.0005,0.012,0.0024494,91.61,0.0035,0.0,BTC-27MAR20-20000-C,9160.01,89.12,0.002,67.0,0.003,20.0,94.27,1.80962,-1.5978,0.25215,2e-05,0.0214
9360.91,BTC-27MAR20,1580813941179,open,0.0,135.9,0.0005,0.0135,0.00350604,79.66,0.003,0.0,BTC-27MAR20-5500-P,9160.01,77.44,0.003,20.0,0.004,66.1,81.66,2.22494,-1.70835,-0.41081,2e-05,-0.02737
9578.51,BTC-26JUN20,1580813941179,open,0.02,1147.7,0.0075,0.05,0.02143289,79.4,0.021,0.0,BTC-26JUN20-20000-C,9160.01,79.03,0.021,1.0,0.022,30.1,79.88,11.17044,-3.10382,3.27081,4e-05,0.10867
9578.51,BTC-26JUN20,1580813941179,open,0.01,401.9,0.0005,0.0305,0.01018319,85.29,0.012,0.0,BTC-26JUN20-26000-C,9160.01,84.28,0.0095,15.0,0.011,15.1,86.45,6.59937,-1.96976,1.65414,2e-05,0.0543
9578.51,BTC-26JUN20,1580813941179,open,0.01,442.2,0.0005,0.022,0.00618733,90.99,0.006,0.0,BTC-26JUN20-32000-C,9160.01,89.46,0.0055,16.0,0.007,15.0,92.68,4.44732,-1.41621,1.01739,1e-05,0.03332
9360.91,BTC-27MAR20,1580813941179,open,0.02,645.7,0.005,0.0355,0.0152154,69.25,0.0155,0.0,BTC-27MAR20-13000-C,9160.01,68.34,0.0145,73.0,0.016,0.1,70.22,7.45635,-4.97654,1.52407,9e-05,0.12977
9360.91,BTC-27MAR20,1580813941179,open,0.0,737.7,0.0005,0.0135,0.00345281,85.4,0.0035,0.0,BTC-27MAR20-18000-C,9160.01,83.59,0.003,66.0,0.004,13.0,87.39,2.45079,-2.01725,0.36316,2e-05,0.03075
9578.51,BTC-26JUN20,1580813941180,open,0.02,109.0,0.005,0.0415,0.01620069,81.4,0.017,0.0,BTC-26JUN20-22000-C,9160.01,81.19,0.016,3.0,0.0165,0.1,81.7,9.24877,-2.63449,2.54474,3e-05,0.08407
9360.91,BTC-27MAR20,1580813941179,open,0.02,778.1,0.0075,0.0385,0.01891313,61.74,0.019,0.0,BTC-27MAR20-7500-P,9160.01,60.65,0.018,43.9,0.0195,3.0,62.43,7.95391,-4.73302,-2.149,0.0001,-0.14261
9796.23,SYN.BTC-25SEP20,1580813941177,open,0.52,2.9,0.479,0.608,0.53721169,71.35,0.695,0.0,BTC-25SEP20-14000-P,9160.01,53.96,0.4875,0.4,0.722,0.1,129.92,29.53022,-4.50434,-73.44993,7e-05,-0.63293
9360.91,BTC-27MAR20,1580813941180,open,0.0,241.4,0.0005,0.011,0.00102791,98.25,0.0015,0.0,BTC-27MAR20-24000-C,9160.01,91.06,0.0005,97.4,0.0015,0.1,102.63,0.8758,-0.82932,0.10894,1e-05,0.00922
9360.91,BTC-27MAR20,1580813941180,open,0.53,28.5,0.51,0.533,0.5205303,89.76,0.5365,0.0,BTC-27MAR20-4500-C,9160.01,0.0,0.518,11.0,0.53,11.0,132.53,0.92433,-0.79965,6.24855,1e-05,0.9902
9252.59,SYN.BTC-28FEB20,1580813941177,open,0.0,693.9,0.0005,0.0135,0.0034452,74.93,0.004,0.0,BTC-28FEB20-13000-C,9160.01,73.07,0.003,20.0,0.004,24.0,77.06,2.30744,-3.62067,0.26127,5e-05,0.04661
9163.52,SYN.BTC-5FEB20,1580813941176,open,0.0,54.0,0.0005,0.0105,0.00028067,63.0,0.0005,0.0,BTC-5FEB20-8625-P,9160.01,0.0,0.0,0.0,0.0005,0.1,69.58,0.25308,-2.57191,-0.00533,0.0002,-0.02395
9252.59,SYN.BTC-28FEB20,1580813941177,open,0.0,670.5,0.0005,0.0115,0.00198291,74.49,0.0025,0.0,BTC-28FEB20-6500-P,9160.01,71.06,0.0015,20.0,0.0025,44.0,77.64,1.41366,-2.2051,-0.16731,3e-05,-0.02566
9167.39,SYN.BTC-6FEB20,1580813941177,open,0.0,0.0405,0.0805,0.06020277,55.37,None,0.0,BTC-6FEB20-8625-C,9160.01,0.0,0.047,5.0,0.078,5.0,151.26,0.78079,-11.5236,0.41457,0.00033,0.9402
9167.39,SYN.BTC-6FEB20,1580813941177,open,0.0,0.054,0.093,0.07322839,55.59,None,0.0,BTC-6FEB20-8500-C,9160.01,0.0,0.0665,5.0,0.09,5.0,161.4,0.4176,-6.18792,0.42359,0.00017,0.97237
9252.59,SYN.BTC-28FEB20,1580813941178,open,0.0,406.5,0.0005,0.0105,0.0007296,76.39,0.0015,0.0,BTC-28FEB20-6000-P,9160.01,72.68,0.0005,78.8,0.001,0.2,79.85,0.64797,-1.03657,-0.06684,2e-05,-0.01031
9171.27,SYN.BTC-7FEB20,1580813941177,open,0.06,94.2,0.0295,0.074,0.04931427,50.81,0.052,0.0,BTC-7FEB20-8750-C,9160.01,49.22,0.049,3.0,0.0545,3.0,72.67,1.84152,-16.26803,0.58333,0.00055,0.85661
9796.23,SYN.BTC-25SEP20,1580813941178,open,0.16,389.3,0.1245,0.219,0.16649111,67.63,0.165,0.0,BTC-25SEP20-9000-P,9160.01,66.6,0.1635,7.7,0.1695,7.7,68.66,28.55438,-4.12848,-31.45286,7e-05,-0.33459
9252.59,SYN.BTC-28FEB20,1580813941179,open,0.14,0.6,0.1245,0.186,0.15308631,59.32,0.1255,0.0,BTC-28FEB20-10500-P,9160.01,31.64,0.137,14.2,0.1565,10.0,63.67,7.08446,-8.80027,-5.62146,0.00021,-0.77571
9167.39,SYN.BTC-6FEB20,1580813941176,open,10.0,0.0005,0.0105,0.00069664,66.97,0.001,0.0,BTC-6FEB20-10000-C,9160.01,63.24,0.0005,0.2,0.001,0.6,71.67,0.53138,-6.38638,0.0171,0.00018,0.03699
9198.38,SYN.BTC-14FEB20,1580813941176,open,0.13,0.0,0.121,0.175,0.14625931,61.24,None,0.0,BTC-14FEB20-10500-P,9160.01,0.0,0.0845,3.0,0.1845,3.0,139.85,2.71716,-8.42477,-2.59592,0.00019,-0.89679
9171.27,SYN.BTC-7FEB20,1580813941178,open,0.0,49.7,0.0005,0.0105,7.3e-07,68.72,0.0005,0.0,BTC-7FEB20-7250-P,9160.01,0.0,0.0,0.0,0.0005,0.1,121.65,0.00172,-0.00673,-4e-05,0.0,-5e-05
9796.23,SYN.BTC-25SEP20,1580813941178,open,0.01,128.4,0.0005,0.024,0.01049968,74.08,0.01,0.0,BTC-25SEP20-4000-P,9160.01,72.43,0.0095,10.0,0.0115,30.0,75.64,6.11265,-0.96803,-2.87965,1e-05,-0.03538
9252.59,SYN.BTC-28FEB20,1580813941177,open,0.0,257.3,0.0005,0.0155,0.00444065,71.55,0.0045,0.0,BTC-28FEB20-12500-C,9160.01,70.07,0.004,20.0,0.005,24.0,73.32,2.82954,-4.2398,0.33801,7e-05,0.06029
9252.59,SYN.BTC-28FEB20,1580813941177,open,0.01,835.8,0.0025,0.0295,0.01209014,62.06,0.012,0.0,BTC-28FEB20-11000-C,9160.01,61.09,0.0115,121.0,0.013,29.3,63.53,5.66583,-7.36358,0.87174,0.00016,0.15612
9171.27,SYN.BTC-7FEB20,1580813941176,open,0.0,218.0,0.0005,0.0105,0.00014196,89.58,0.0005,0.0,BTC-7FEB20-11250-C,9160.01,0.0,0.0,0.0,0.001,50.0,115.83,0.13245,-1.30196,0.00402,2e-05,0.00571
9167.39,SYN.BTC-6FEB20,1580813941177,open,5.0,0.0005,0.024,0.00668231,49.24,0.0065,0.0,BTC-6FEB20-9000-P,9160.01,44.39,0.0055,0.5,0.0075,20.0,52.52,2.2664,-29.74906,-0.14198,0.00107,-0.2947
9171.27,SYN.BTC-7FEB20,1580813941177,open,0.11,22.7,0.096,0.145,0.11881708,72.91,0.1115,0.0,BTC-7FEB20-10250-P,9160.01,0.0,0.0675,3.0,0.1205,9.0,88.05,0.7841,-9.9402,-0.77525,0.00016,-0.95409
9171.27,SYN.BTC-7FEB20,1580813941178,open,0.0,60.8,0.0005,0.0105,0.0,68.75,0.0005,0.0,BTC-7FEB20-6500-P,9160.01,0.0,0.0,0.0,0.0005,19.0,170.46,0.0,0.0,0.0,0.0,0.0
9796.23,SYN.BTC-25SEP20,1580813941179,open,0.07,111.2,0.0455,0.111,0.07319051,67.65,0.068,0.0,BTC-25SEP20-7000-P,9160.01,66.16,0.07,9.2,0.074,8.0,68.03,21.02717,-3.04132,-16.2922,5e-05,-0.18636
9252.59,SYN.BTC-28FEB20,1580813941178,open,0.24,0.2,0.2225,0.2845,0.25113261,64.92,0.216,0.0,BTC-28FEB20-11500-P,9160.01,0.0,0.0,0.0,0.0,0.0,0.0,4.44959,-6.04948,-6.90661,0.00012,-0.89001
9198.38,SYN.BTC-14FEB20,1580813941176,open,0.0,160.3,0.0005,0.0105,0.00073484,70.18,0.001,0.0,BTC-14FEB20-7250-P,9160.01,66.36,0.0005,52.9,0.001,25.1,73.63,0.63838,-2.26819,-0.04418,4e-05,-0.01702
9171.27,SYN.BTC-7FEB20,1580813941177,open,0.14,11.5,0.11,0.1465,0.12795967,68.76,0.17,0.0,BTC-7FEB20-8000-C,9160.01,0.0,0.117,5.0,0.1425,8.4,173.63,0.24735,-2.9571,0.62171,5e-05,0.98837
9167.39,SYN.BTC-6FEB20,1580813941176,open,0.0,0.0565,0.1025,0.07807128,61.77,None,0.0,BTC-6FEB20-9875-P,9160.01,0.0,0.0595,4.0,0.0875,4.0,123.64,0.66434,-10.93915,-0.48491,0.00025,-0.95124
9171.27,SYN.BTC-7FEB20,1580813941177,open,0.25,0.0,0.2215,0.2515,0.23675023,86.39,None,0.0,BTC-7FEB20-7000-C,9160.01,0.0,0.231,6.0,0.2485,6.0,258.69,0.00572,-0.08587,0.55137,0.0,0.99982
9167.39,SYN.BTC-6FEB20,1580813941177,open,0.0,0.015,0.0565,0.03539582,49.93,None,0.0,BTC-6FEB20-8875-C,9160.01,0.0,0.0205,5.0,0.0565,5.0,136.75,1.71163,-22.78262,0.37063,0.00079,0.82212
9163.52,SYN.BTC-5FEB20,1580813941176,open,0.0,39.2,0.0005,0.025,0.00675294,44.58,0.0065,0.0,BTC-5FEB20-9125-P,9160.01,38.02,0.0055,20.4,0.0075,1.0,48.48,1.7538,-39.09594,-0.09365,0.00195,-0.41925
9796.23,SYN.BTC-25SEP20,1580813941177,open,0.21,117.3,0.162,0.257,0.20528634,67.61,0.22,0.0,BTC-25SEP20-10000-C,9160.01,66.88,0.203,8.1,0.208,10.1,68.49,30.4487,-4.40145,24.27125,7e-05,0.59196
9252.59,SYN.BTC-28FEB20,1580813941178,open,0.01,205.4,0.0005,0.023,0.00824574,64.94,0.01,0.0,BTC-28FEB20-11500-C,9160.01,63.35,0.0075,39.0,0.009,24.0,66.47,4.45151,-6.0536,0.61622,0.00012,0.11006
9167.39,SYN.BTC-6FEB20,1580813941177,open,5.0,0.0005,0.0105,0.00042335,55.49,0.0005,0.0,BTC-6FEB20-8500-P,9160.01,0.0,0.0,0.0,0.001,15.1,65.14,0.41511,-3.88101,-0.01312,0.00017,-0.02743
9796.23,SYN.BTC-25SEP20,1580813941178,open,0.43,1.0,0.403,0.463,0.43005875,68.48,0.425,0.0,BTC-25SEP20-6000-C,9160.01,56.37,0.412,6.0,0.4535,6.0,82.17,15.80692,-2.31401,28.16041,4e-05,0.87869
9252.59,SYN.BTC-28FEB20,1580813941178,open,0.01,899.1,0.0005,0.0175,0.00605848,61.74,0.006,0.0,BTC-28FEB20-7500-P,9160.01,60.23,0.0055,24.9,0.0065,24.0,62.89,3.49936,-4.52449,-0.51745,0.0001,-0.07944
9796.23,SYN.BTC-25SEP20,1580813941177,open,0.36,2.5,0.3175,0.438,0.37224447,69.64,0.333,0.0,BTC-25SEP20-12000-P,9160.01,57.05,0.3325,1.5,0.4355,0.5,89.47,31.16995,-4.64064,-56.88349,7e-05,-0.53398
9252.59,SYN.BTC-28FEB20,1580813941177,open,0.03,751.2,0.0125,0.0515,0.02868493,57.28,0.03,0.0,BTC-28FEB20-10000-C,9160.01,55.98,0.0275,20.0,0.0305,68.3,59.24,8.50448,-10.201,1.7863,0.00027,0.32382
9796.23,SYN.BTC-25SEP20,1580813941176,open,0.3,33.6,0.26,0.344,0.29857571,67.65,0.291,0.0,BTC-25SEP20-8000-C,9160.01,62.79,0.286,14.0,0.304,8.0,69.74,25.41157,-3.6755,27.73781,6e-05,0.74047
9171.27,SYN.BTC-7FEB20,1580813941179,open,0.02,691.1,0.007,0.05,0.02215008,49.28,0.0215,0.0,BTC-7FEB20-9250-P,9160.01,44.54,0.0205,4.0,0.0225,3.0,50.28,3.19907,-27.41124,-0.42707,0.00098,-0.56889
9167.39,SYN.BTC-6FEB20,1580813941176,open,0.0,0.027,0.068,0.04727896,51.26,None,0.0,BTC-6FEB20-8750-C,9160.01,0.0,0.0335,5.0,0.0665,5.0,141.94,1.14616,-15.66277,0.40212,0.00052,0.90085
9171.27,SYN.BTC-7FEB20,1580813941178,open,0.03,224.0,0.0215,0.0695,0.04216052,53.08,0.033,0.0,BTC-7FEB20-9500-P,9160.01,44.73,0.04,1.0,0.042,3.0,52.49,2.49907,-23.06474,-0.58354,0.00071,-0.76543
9252.59,SYN.BTC-28FEB20,1580813941177,open,0.16,266.9,0.1245,0.17,0.14639573,56.47,0.165,0.0,BTC-28FEB20-8000-C,9160.01,40.86,0.139,13.0,0.171,13.0,91.91,5.27238,-6.23491,4.31777,0.00017,0.85979
9171.27,SYN.BTC-7FEB20,1580813941178,open,0.0,273.3,0.0005,0.0105,0.00024519,68.61,0.0005,0.0,BTC-7FEB20-8000-P,9160.01,0.0,0.0,0.0,0.001,31.0,85.34,0.24466,-2.2487,-0.00847,5e-05,-0.01148
9171.27,SYN.BTC-7FEB20,1580813941177,open,0.0,101.2,0.0005,0.0105,5e-08,68.73,0.0005,0.0,BTC-7FEB20-7000-P,9160.01,0.0,0.0,0.0,0.0005,0.1,137.48,0.00016,-0.00048,0.0,0.0,0.0
9198.38,SYN.BTC-14FEB20,1580813941176,open,0.01,247.8,0.005,0.04,0.01457899,52.28,0.0135,0.0,BTC-14FEB20-8750-P,9160.01,47.42,0.012,44.0,0.015,57.0,53.06,4.96792,-13.14949,-0.69898,0.00042,-0.26627
9198.38,SYN.BTC-14FEB20,1580813941176,open,0.22,0.0,0.196,0.2305,0.21255629,70.24,None,0.0,BTC-14FEB20-7250-C,9160.01,0.0,0.2025,11.2,0.227,12.8,137.86,0.64065,-2.27816,1.91725,4e-05,0.98291
9167.39,SYN.BTC-6FEB20,1580813941176,open,0.0,0.018,0.063,0.03960655,51.4,None,0.0,BTC-6FEB20-9500-P,9160.01,0.0,0.0185,5.0,0.0525,5.0,106.66,1.67159,-22.90436,-0.40903,0.00075,-0.82863
9171.27,SYN.BTC-7FEB20,1580813941177,open,0.0,287.4,0.0005,0.0105,7.06e-06,68.71,0.0005,0.0,BTC-7FEB20-7500-P,9160.01,0.0,0.0,0.0,0.0005,2.1,106.17,0.01274,-0.0647,-0.00032,0.0,-0.00044
9171.27,SYN.BTC-7FEB20,1580813941179,open,0.0,55.0,0.0005,0.0105,0.0,68.74,0.0005,0.0,BTC-7FEB20-6750-P,9160.01,0.0,0.0,0.0,0.0005,0.1,153.73,1e-05,-2e-05,0.0,0.0,0.0
9796.23,SYN.BTC-25SEP20,1580813941177,open,0.52,0.0,0.4915,0.5365,0.51119649,69.75,None,0.0,BTC-25SEP20-5000-C,9160.01,55.57,0.4985,6.0,0.529,6.0,84.61,10.40595,-1.55177,26.35467,2e-05,0.93106
9796.23,SYN.BTC-25SEP20,1580813941177,open,0.03,58.6,0.0135,0.0715,0.03392733,79.11,0.0365,0.0,BTC-25SEP20-24000-C,9160.01,78.28,0.0325,20.0,0.0355,0.1,80.0,17.11241,-2.89409,6.40746,4e-05,0.13601
9796.23,SYN.BTC-25SEP20,1580813941177,open,0.18,155.5,0.13,0.227,0.17382459,68.81,0.177,0.0,BTC-25SEP20-11000-C,9160.01,67.92,0.171,18.4,0.177,0.1,69.8,31.21752,-4.59222,22.09989,7e-05,0.5259
9167.39,SYN.BTC-6FEB20,1580813941177,open,0.0,0.043,0.0895,0.06515457,60.83,None,0.0,BTC-6FEB20-9750-P,9160.01,0.0,0.0455,4.0,0.074,4.0,111.61,0.9963,-16.15628,-0.46312,0.00038,-0.9179
9252.59,SYN.BTC-28FEB20,1580813941177,open,0.01,1064.5,0.0015,0.0265,0.01101268,56.46,0.011,0.0,BTC-28FEB20-8000-P,9160.01,54.65,0.01,120.0,0.012,46.6,58.17,5.27147,-6.23278,-0.91501,0.00017,-0.14017
9163.52,SYN.BTC-5FEB20,1580813941177,open,0.06,0.0,0.026,0.0665,0.04601662,62.98,None,0.0,BTC-5FEB20-8750-C,9160.01,0.0,0.0325,3.0,0.0625,3.0,185.77,0.57067,-17.97089,0.19539,0.00045,0.93477
9198.38,SYN.BTC-14FEB20,1580813941176,open,0.01,121.0,0.0005,0.0175,0.00475935,61.26,0.005,0.0,BTC-14FEB20-10500-C,9160.01,58.59,0.004,72.0,0.0055,1.0,63.69,2.71869,-8.43228,0.24522,0.00019,0.10329
9796.23,SYN.BTC-25SEP20,1580813941177,open,0.03,94.1,0.0085,0.0575,0.0244325,81.75,0.0285,0.0,BTC-25SEP20-28000-C,9160.01,81.08,0.0235,20.0,0.0255,0.1,82.5,13.82931,-2.41692,4.78554,3e-05,0.10067
9163.52,SYN.BTC-5FEB20,1580813941176,open,0.08,0.0,0.07,0.114,0.09130633,63.18,None,0.0,BTC-5FEB20-10000-P,9160.01,0.0,0.0745,3.0,0.1015,3.0,198.46,0.03481,-1.09949,-0.23937,3e-05,-0.9975
9198.38,SYN.BTC-14FEB20,1580813941177,open,0.0,31.2,0.0005,0.011,0.00106601,65.26,0.001,0.0,BTC-14FEB20-7500-P,9160.01,58.02,0.0005,79.9,0.0015,25.0,69.28,0.89254,-2.94902,-0.06557,6e-05,-0.02528
9171.27,SYN.BTC-7FEB20,1580813941176,open,0.06,117.8,0.0435,0.092,0.06646386,59.71,0.048,0.0,BTC-7FEB20-9750-P,9160.01,0.0,0.0605,25.6,0.0665,3.0,59.9,1.71867,-17.84166,-0.67693,0.00043,-0.87037
9171.27,SYN.BTC-7FEB20,1580813941176,open,0.21,0.0,0.203,0.253,0.22679347,89.18,None,0.0,BTC-7FEB20-11250-P,9160.01,0.0,0.0035,0.1,0.0,0.0,0.0,0.1286,-1.99407,-0.88245,2e-05,-0.99448
9171.27,SYN.BTC-7FEB20,1580813941179,open,0.16,1.1,0.138,0.172,0.1550218,69.21,0.1665,0.0,BTC-7FEB20-7750-C,9160.01,0.0,0.1445,5.0,0.169,8.4,195.53,0.06971,-0.83889,0.60854,2e-05,0.99721
9252.59,SYN.BTC-28FEB20,1580813941177,open,0.05,346.1,0.025,0.0705,0.04505007,55.59,0.045,0.0,BTC-28FEB20-9500-C,9160.01,54.06,0.0435,20.0,0.047,35.8,57.52,9.37905,-10.9196,2.4777,0.0003,0.45443
9171.27,SYN.BTC-7FEB20,1580813941179,open,0.27,0.0,0.249,0.2785,0.2640091,97.01,None,0.0,BTC-7FEB20-6750-C,9160.01,0.0,0.2585,6.0,0.275,6.0,279.19,0.00493,-0.08309,0.53169,0.0,0.99984
9171.27,SYN.BTC-7FEB20,1580813941177,open,0.0,295.3,0.0005,0.0105,4.839e-05,68.68,0.0005,0.0,BTC-7FEB20-7750-P,9160.01,0.0,0.0,0.0,0.001,52.4,101.66,0.06579,-0.44384,-0.00192,1e-05,-0.00261
9163.52,SYN.BTC-5FEB20,1580813941177,open,0.0,96.0,0.0005,0.0105,2.763e-05,64.36,0.001,0.0,BTC-5FEB20-10000-C,9160.01,0.0,0.0,0.0,0.0005,0.4,92.93,0.04025,-0.25321,0.00064,3e-05,0.00293
9796.23,SYN.BTC-25SEP20,1580813941177,open,0.25,106.7,0.206,0.297,0.24777222,67.63,0.2545,0.0,BTC-25SEP20-9000-C,9160.01,65.82,0.2425,7.9,0.253,7.9,69.42,28.55436,-4.12852,26.21503,7e-05,0.66541
9796.23,SYN.BTC-25SEP20,1580813941178,open,0.02,384.4,0.01,0.042,0.02159588,69.75,0.021,0.0,BTC-25SEP20-5000-P,9160.01,67.74,0.0195,10.0,0.023,8.0,71.06,10.40574,-1.55172,-5.68291,2e-05,-0.06894
9171.27,SYN.BTC-7FEB20,1580813941179,open,0.19,0.2,0.166,0.1985,0.18223938,70.98,0.1115,0.0,BTC-7FEB20-7500-C,9160.01,0.0,0.172,6.0,0.1955,6.0,216.93,0.01793,-0.22133,0.59043,0.0,0.99937
9171.27,SYN.BTC-7FEB20,1580813941177,open,0.22,0.0,0.1935,0.225,0.20949199,76.84,None,0.0,BTC-7FEB20-7250-C,9160.01,0.0,0.2035,6.0,0.222,6.0,237.95,0.0076,-0.1015,0.57102,0.0,0.99975
9252.59,SYN.BTC-28FEB20,1580813941177,open,0.0,303.8,0.0005,0.0105,3.234e-05,76.49,0.0005,0.0,BTC-28FEB20-5000-P,9160.01,0.0,0.0,0.0,0.001,22.0,109.43,0.04895,-0.07841,-0.00376,0.0,-0.00059
9171.27,SYN.BTC-7FEB20,1580813941181,open,0.04,294.0,0.0115,0.055,0.0282481,49.42,0.0295,0.0,BTC-7FEB20-9000-C,9160.01,45.48,0.027,3.0,0.03,3.0,54.85,2.93267,-25.19889,0.46678,0.0009,0.67425
9163.52,SYN.BTC-5FEB20,1580813941176,open,0.0,11.5,0.0005,0.0105,0.00068861,61.91,0.0015,0.0,BTC-5FEB20-9625-C,9160.01,58.1,0.0005,1.2,0.001,10.0,67.12,0.49386,-6.31009,0.01177,0.0004,0.05424
9252.59,SYN.BTC-28FEB20,1580813941178,open,0.2,94.8,0.176,0.217,0.19548009,61.75,0.221,0.0,BTC-28FEB20-7500-C,9160.01,43.11,0.1905,8.1,0.2155,13.0,99.3,3.50072,-4.52723,4.38823,0.0001,0.92052
9252.59,SYN.BTC-28FEB20,1580813941178,open,0.41,4.1,0.3935,0.418,0.40575709,76.62,0.414,0.0,BTC-28FEB20-5500-C,9160.01,0.0,0.403,9.0,0.417,9.0,148.81,0.21379,-0.34303,3.57868,0.0,0.99704
9163.52,SYN.BTC-5FEB20,1580813941177,open,0.07,0.0,0.057,0.1005,0.07771783,62.44,None,0.0,BTC-5FEB20-9875-P,9160.01,0.0,0.061,3.0,0.0875,3.0,178.33,0.09355,-2.92036,-0.23527,7e-05,-0.99245
9252.59,SYN.BTC-28FEB20,1580813941178,open,0.06,283.5,0.047,0.1015,0.0717827,55.59,0.0685,0.0,BTC-28FEB20-9500-P,9160.01,49.87,0.066,19.7,0.0715,15.0,55.31,9.37902,-10.91831,-3.73656,0.0003,-0.54559
9163.52,SYN.BTC-5FEB20,1580813941177,open,0.04,0.0,0.0125,0.0535,0.03281418,52.86,None,0.0,BTC-5FEB20-8875-C,9160.01,0.0,0.019,4.0,0.049,4.0,159.8,0.82133,-21.70879,0.18935,0.00077,0.89408
9796.23,SYN.BTC-25SEP20,1580813941179,open,0.15,258.8,0.1045,0.201,0.14728594,69.64,0.149,0.0,BTC-25SEP20-12000-C,9160.01,68.92,0.145,8.6,0.15,0.1,70.49,31.16997,-4.64069,20.00718,7e-05,0.46602
9171.27,SYN.BTC-7FEB20,1580813941176,open,0.19,0.0,0.176,0.2265,0.19971128,88.93,None,0.0,BTC-7FEB20-11000-P,9160.01,0.0,0.0,0.0,0.0,0.0,0.0,0.25037,-3.8712,-0.85836,4e-05,-0.98821
9796.23,SYN.BTC-25SEP20,1580813941177,open,0.04,204.6,0.023,0.072,0.04253802,68.47,0.0365,0.0,BTC-25SEP20-6000-P,9160.01,67.2,0.0405,17.8,0.0445,9.8,69.68,15.80679,-2.31397,-10.28474,4e-05,-0.12131
9796.23,SYN.BTC-25SEP20,1580813941177,open,0.05,168.1,0.024,0.094,0.05039684,76.21,0.054,0.0,BTC-25SEP20-20000-C,9160.01,75.57,0.049,9.8,0.052,0.1,76.93,21.5199,-3.50611,8.98379,5e-05,0.19352
9171.27,SYN.BTC-7FEB20,1580813941177,open,0.0,193.9,0.0005,0.0105,0.00070278,77.87,0.001,0.0,BTC-7FEB20-10500-C,9160.01,73.84,0.0005,0.5,0.001,0.7,82.63,0.51121,-6.44538,0.01918,0.0001,0.02724
9167.39,SYN.BTC-6FEB20,1580813941177,open,0.3,0.0005,0.017,0.00332983,51.43,0.0035,0.0,BTC-6FEB20-9500-C,9160.01,49.59,0.003,0.1,0.004,0.2,54.99,1.67237,-22.92651,0.07922,0.00075,0.1715
9796.23,SYN.BTC-25SEP20,1580813941177,open,0.11,166.9,0.0795,0.1615,0.11521473,67.65,0.1155,0.0,BTC-25SEP20-8000-P,9160.01,65.83,0.1105,8.5,0.116,8.0,67.96,25.41155,-3.67546,-23.52249,6e-05,-0.25953
9252.59,SYN.BTC-28FEB20,1580813941177,open,0.47,0.6,0.449,0.4705,0.45964675,77.11,0.465,0.0,BTC-28FEB20-5000-C,9160.01,0.0,0.457,10.0,0.4695,10.0,165.23,0.05298,-0.08555,3.26654,0.0,0.99936
9796.23,SYN.BTC-25SEP20,1580813941177,open,0.36,6.6,0.325,0.3985,0.35863136,67.66,0.366,0.0,BTC-25SEP20-7000-C,9160.01,61.2,0.345,14.0,0.3705,14.0,73.12,21.02724,-3.04136,28.56052,5e-05,0.81364
9796.23,SYN.BTC-25SEP20,1580813941177,open,0.29,31.2,0.245,0.3595,0.29670324,68.81,0.355,0.0,BTC-25SEP20-11000-P,9160.01,65.92,0.2875,4.6,0.305,4.6,71.41,31.21753,-4.59218,-48.38317,7e-05,-0.4741
9171.27,SYN.BTC-7FEB20,1580813941176,open,0.0,178.4,0.0005,0.0105,0.0003187,89.13,0.0005,0.0,BTC-7FEB20-11000-C,9160.01,0.0,0.0,0.0,0.001,49.1,105.23,0.25338,-2.92288,0.00841,4e-05,0.01195
9163.52,SYN.BTC-5FEB20,1580813941177,open,0.03,0.0,0.017,0.061,0.03789937,55.37,None,0.0,BTC-5FEB20-9500-P,9160.01,0.0,0.0195,3.0,0.0475,3.0,125.47,0.75317,-20.85176,-0.2075,0.00068,-0.90593
9252.59,SYN.BTC-28FEB20,1580813941177,open,0.0,867.1,0.0005,0.0135,0.00351683,68.18,0.0035,0.0,BTC-28FEB20-7000-P,9160.01,65.99,0.003,20.0,0.004,24.0,70.08,2.27502,-3.24851,-0.29847,6e-05,-0.0458
9252.59,SYN.BTC-28FEB20,1580813941177,open,0.19,0.3,0.172,0.234,0.20093844,62.05,0.171,0.0,BTC-28FEB20-11000-P,9160.01,0.0,0.0,0.0,0.0,0.0,0.0,5.66451,-7.36042,-6.32397,0.00016,-0.84393
9171.27,SYN.BTC-7FEB20,1580813941179,open,0.0,721.6,0.0005,0.0105,0.00094815,68.43,0.001,0.0,BTC-7FEB20-8250-P,9160.01,61.18,0.0005,19.8,0.0015,48.1,74.99,0.67423,-8.02237,-0.02821,0.00015,-0.0381
9796.23,SYN.BTC-25SEP20,1580813941177,open,0.08,210.8,0.0475,0.1325,0.08238145,73.29,0.083,0.0,BTC-25SEP20-16000-C,9160.01,72.61,0.0805,10.3,0.0845,0.1,74.06,26.99793,-4.23048,13.25971,6e-05,0.29362
9167.39,SYN.BTC-6FEB20,1580813941177,open,0.0,0.0695,0.116,0.09151424,66.89,None,0.0,BTC-6FEB20-10000-P,9160.01,0.0,0.073,4.0,0.101,4.0,135.01,0.52916,-9.43506,-0.49688,0.00018,-0.96319
9796.23,SYN.BTC-25SEP20,1580813941177,open,1.46,0.0,1.418,1.5655,1.48384439,79.1,None,0.0,BTC-25SEP20-24000-P,9160.01,0.0,0.0,0.0,0.0,0.0,0.0,17.11123,-2.89378,-147.37436,4e-05,-0.86401
9163.52,SYN.BTC-5FEB20,1580813941179,open,0.04,0.0,0.03,0.0745,0.05104435,61.83,None,0.0,BTC-5FEB20-9625-P,9160.01,0.0,0.033,3.0,0.06,3.0,139.22,0.49205,-15.21068,-0.2192,0.0004,-0.94601
9171.27,SYN.BTC-7FEB20,1580813941181,open,0.3,0.3,0.277,0.305,0.29126802,108.0,0.308,0.0,BTC-7FEB20-6500-C,9160.01,0.0,0.286,6.0,0.302,6.0,303.38,0.00432,-0.08114,0.51201,0.0,0.99986
9252.59,SYN.BTC-28FEB20,1580813941179,open,0.0,283.0,0.0005,0.0105,0.00018125,76.45,0.0005,0.0,BTC-28FEB20-5500-P,9160.01,0.0,0.0,0.0,0.001,45.6,94.02,0.21059,-0.33717,-0.0187,0.0,-0.00291
9163.52,SYN.BTC-5FEB20,1580813941179,open,0.07,0.0,0.04,0.079,0.05905279,63.15,None,0.0,BTC-5FEB20-8625-C,9160.01,0.0,0.0465,3.0,0.075,3.0,204.34,0.25541,-8.06449,0.20154,0.0002,0.97578
9198.38,SYN.BTC-14FEB20,1580813941176,open,0.01,309.4,0.0005,0.0295,0.0092086,55.32,0.0095,0.0,BTC-14FEB20-10000-C,9160.01,53.72,0.0085,49.4,0.01,1.0,57.06,4.1244,-11.55197,0.45344,0.00033,0.1914
9198.38,SYN.BTC-14FEB20,1580813941176,open,0.0,180.8,0.0005,0.0135,0.00302854,58.92,0.003,0.0,BTC-14FEB20-8000-P,9160.01,56.36,0.0025,54.6,0.0035,0.3,61.02,1.99296,-5.94513,-0.17747,0.00015,-0.06828
9796.23,SYN.BTC-25SEP20,1580813941180,open,0.06,92.8,0.033,0.11,0.06334604,74.64,0.0645,0.0,BTC-25SEP20-18000-C,9160.01,73.89,0.0615,9.6,0.066,10.0,75.71,24.15015,-3.85388,10.83331,5e-05,0.23593
9198.38,SYN.BTC-14FEB20,1580813941176,open,0.01,182.6,0.0005,0.029,0.00814622,52.57,0.0075,0.0,BTC-14FEB20-8500-P,9160.01,49.75,0.007,44.0,0.009,61.9,54.6,3.82097,-10.17062,-0.44202,0.00032,-0.16946
9171.27,SYN.BTC-7FEB20,1580813941178,open,0.11,31.5,0.0825,0.1215,0.10140372,68.49,0.1115,0.0,BTC-7FEB20-8250-C,9160.01,0.0,0.089,5.0,0.117,8.4,155.1,0.67592,-8.04901,0.62168,0.00015,0.96178
9167.39,SYN.BTC-6FEB20,1580813941177,open,0.0,0.03,0.076,0.05202807,55.04,None,0.0,BTC-6FEB20-9625-P,9160.01,0.0,0.032,4.0,0.063,4.0,109.38,1.2534,-18.38896,-0.44275,0.00053,-0.8878
9163.52,SYN.BTC-5FEB20,1580813941177,open,0.05,0.0,0.0435,0.087,0.06423897,62.02,None,0.0,BTC-5FEB20-9750-P,9160.01,0.0,0.047,3.0,0.074,3.0,160.95,0.22957,-7.11923,-0.22928,0.00018,-0.97866
9252.59,SYN.BTC-28FEB20,1580813941179,open,0.11,432.5,0.0805,0.13,0.10439715,55.57,0.103,0.0,BTC-28FEB20-8500-C,9160.01,50.08,0.1,2.0,0.112,13.0,64.65,7.55275,-8.78891,3.89496,0.00024,0.74794
9252.59,SYN.BTC-28FEB20,1580813941180,open,0.01,316.3,0.0005,0.0185,0.00593036,68.2,0.0055,0.0,BTC-28FEB20-12000-C,9160.01,67.05,0.0055,20.0,0.0065,24.0,69.66,3.52618,-5.03604,0.44977,9e-05,0.08024
9796.23,SYN.BTC-25SEP20,1580813941180,open,0.02,167.3,0.006,0.048,0.01869107,84.29,0.0195,0.0,BTC-25SEP20-32000-C,9160.01,83.7,0.018,10.0,0.0195,0.1,84.98,11.46404,-2.06596,3.73842,2e-05,0.07825
9167.39,SYN.BTC-6FEB20,1580813941177,open,0.0,0.0005,0.0105,0.0008889,61.84,None,0.0,BTC-6FEB20-9875-C,9160.01,55.6,0.0005,35.3,0.0015,0.5,69.07,0.66638,-8.14887,0.02264,0.00025,0.04895
9796.23,SYN.BTC-25SEP20,1580813941177,open,0.61,1.1,0.5885,0.6205,0.60218017,74.08,0.607,0.0,BTC-25SEP20-4000-C,9160.01,53.68,0.5935,7.1,0.6135,7.0,89.12,6.11289,-0.96808,22.75041,1e-05,0.96462
9796.23,SYN.BTC-25SEP20,1580813941179,open,0.11,297.0,0.0685,0.1605,0.10809341,71.35,0.1135,0.0,BTC-25SEP20-14000-C,9160.01,70.65,0.106,9.0,0.1105,0.1,72.15,29.53034,-4.50442,16.25592,7e-05,0.36707
185.92,SYN.ETH-14FEB20,1580813941970,open,0.07,33.0,0.031,0.093,0.062189,68.9,0.087,0.0,ETH-14FEB20-180-C,185.16,63.73,0.059,400.0,0.066,205.0,75.04,0.11507,-0.40141,0.02876,0.01786,0.63389
185.92,SYN.ETH-14FEB20,1580813941970,open,0.11,2.0,0.068,0.131,0.099985,71.29,0.09,0.0,ETH-14FEB20-170-C,185.16,64.73,0.097,80.0,0.103,60.0,77.59,0.08703,-0.31414,0.03493,0.01305,0.79445
185.92,SYN.ETH-14FEB20,1580813941974,open,0.05,172.0,0.027,0.092,0.057434,68.81,0.054,0.0,ETH-14FEB20-190-P,185.16,65.06,0.055,180.0,0.06,254.0,72.75,0.12089,-0.42116,-0.03075,0.01879,-0.55378
185.92,SYN.ETH-14FEB20,1580813941976,open,0.01,177.0,0.002,0.031,0.01142,75.56,0.012,0.0,ETH-14FEB20-210-C,185.16,72.19,0.01,561.0,0.013,240.0,79.15,0.08007,-0.30633,0.00845,0.01133,0.17938
9578.51,BTC-26JUN20,1580813942184,open,0.89,1.0,0.856,0.9705,0.90710351,76.3,0.9,0.0,BTC-26JUN20-18000-P,9159.92,0.0,0.0,0.0,2.1,0.1,500.0,13.30199,-3.55174,-66.27721,5e-05,-0.86056
9578.51,BTC-26JUN20,1580813942184,open,0.04,230.5,0.026,0.0775,0.04693289,67.24,0.0445,0.0,BTC-26JUN20-7000-P,9159.92,66.33,0.0455,1.4,0.048,14.1,67.91,15.14059,-3.56248,-8.1177,6e-05,-0.16957
9360.89,BTC-27MAR20,1580813942184,open,2.38,0.0,2.352,2.4925,2.41918444,118.21,None,0.0,BTC-27MAR20-32000-P,9159.92,0.0,0.0,0.0,0.0,0.0,0.0,0.56592,-0.6448,-45.41473,0.0,-0.99438
9360.89,BTC-27MAR20,1580813942184,open,2.8,0.0,2.7705,2.9265,2.84608618,118.08,None,0.0,BTC-27MAR20-36000-P,9159.92,0.0,0.0,0.0,0.0,0.0,0.0,0.27684,-0.31508,-51.13538,0.0,-0.99747
9360.8,BTC-27MAR20,1580813942187,open,3.22,1.0,3.1895,3.361,3.27322532,114.44,3.41,0.0,BTC-27MAR20-40000-P,9159.92,0.0,0.0,0.0,0.0,0.0,0.0,0.09843,-0.10858,-56.84038,0.0,-0.99919
9171.15,SYN.BTC-7FEB20,1580813942186,open,0.16,0.0,0.1495,0.2,0.17284341,88.68,None,0.0,BTC-7FEB20-10750-P,9159.92,0.0,0.121,3.0,0.2215,3.0,302.12,0.45853,-7.06979,-0.83016,8e-05,-0.97608
9360.8,BTC-27MAR20,1580813942189,open,0.59,0.0,0.574,0.654,0.61029787,76.74,None,0.0,BTC-27MAR20-15000-P,9159.92,0.0,0.0,0.0,0.9,2.0,299.75,4.67325,-3.45668,-20.50877,5e-05,-0.93124
9171.15,SYN.BTC-7FEB20,1580813942186,open,0.13,0.0,0.1225,0.172,0.14558279,77.6,None,0.0,BTC-7FEB20-10500-P,9159.92,0.0,0.094,3.0,0.1945,3.0,282.33,0.50431,-6.80455,-0.80838,0.0001,-0.9732
9198.25,SYN.BTC-14FEB20,1580813942183,open,0.11,0.0,0.096,0.1505,0.12096195,58.48,None,0.0,BTC-14FEB20-10250-P,9159.92,0.0,0.0765,4.2,0.176,2.0,158.38,3.37846,-10.00339,-2.43971,0.00025,-0.85934
9252.46,SYN.BTC-28FEB20,1580813942184,open,0.1,3.0,0.082,0.141,0.1094628,57.27,0.1025,0.0,BTC-28FEB20-10000-P,9159.92,49.52,0.1025,25.2,0.1075,2.0,55.12,8.5035,-10.19768,-4.75541,0.00027,-0.67626
9252.46,SYN.BTC-28FEB20,1580813942184,open,0.04,277.7,0.0235,0.0695,0.04326358,55.54,0.0395,0.0,BTC-28FEB20-9000-P,9159.92,51.72,0.0395,20.2,0.042,34.3,54.26,9.11298,-10.60005,-2.65375,0.00029,-0.39521
9360.8,BTC-27MAR20,1580813942215,open,0.42,0.0,0.402,0.433,0.4159567,79.69,None,0.0,BTC-27MAR20-5500-C,9159.92,47.39,0.4125,9.0,0.4285,9.0,112.48,2.22761,-1.71103,7.40546,2e-05,0.97259
9578.51,BTC-26JUN20,1580813942219,open,0.08,277.8,0.054,0.1235,0.08387313,67.17,0.083,0.0,BTC-26JUN20-8000-P,9159.92,66.0,0.0815,0.5,0.084,17.5,67.23,19.49726,-4.58288,-12.95049,8e-05,-0.26153
9578.51,BTC-26JUN20,1580813942220,open,0.08,277.8,0.054,0.1235,0.08387313,67.17,0.083,0.0,BTC-26JUN20-8000-P,9159.92,66.0,0.0815,0.8,0.084,17.5,67.23,19.49726,-4.58288,-12.95049,8e-05,-0.26153
9578.51,BTC-26JUN20,1580813942223,open,0.08,277.8,0.054,0.1235,0.08387313,67.17,0.083,0.0,BTC-26JUN20-8000-P,9159.92,66.0,0.0815,1.0,0.084,17.5,67.23,19.49726,-4.58288,-12.95049,8e-05,-0.26153
9578.51,BTC-26JUN20,1580813942226,open,0.08,277.8,0.054,0.1235,0.08387313,67.17,0.083,0.0,BTC-26JUN20-8000-P,9159.92,66.0,0.0815,1.6,0.084,17.5,67.23,19.49726,-4.58288,-12.95049,8e-05,-0.26153
185.92,SYN.ETH-14FEB20,1580813942309,open,0.0,374.0,0.001,0.014,0.003161,91.57,0.003,0.0,ETH-14FEB20-240-C,185.15,84.14,0.002,300.0,0.004,320.0,96.01,0.03286,-0.15234,0.00249,0.00384,0.05264
185.92,SYN.ETH-14FEB20,1580813942309,open,0.0,460.0,0.001,0.017,0.004195,84.41,0.006,0.0,ETH-14FEB20-230-C,185.15,78.63,0.003,700.0,0.005,11.0,87.83,0.04184,-0.17882,0.0034,0.0053,0.07174
199.55,SYN.ETH-25SEP20,1580813942809,open,0.63,0.0,0.598,0.645,0.620859,90.63,None,0.0,ETH-25SEP20-80-C,185.15,70.87,0.607,56.0,0.634,56.0,104.57,0.17083,-0.0331,0.41786,0.00074,0.94767
199.55,SYN.ETH-25SEP20,1580813943133,open,0.63,0.0,0.598,0.645,0.620859,90.63,None,0.0,ETH-25SEP20-80-C,185.15,68.92,0.606,56.0,0.634,56.0,104.57,0.17083,-0.0331,0.41786,0.00074,0.94767
194.69,ETH-26JUN20,1580813943136,open,0.36,543.0,0.312,0.396,0.354895,86.07,0.354,0.0,ETH-26JUN20-140-C,185.15,66.28,0.323,46.0,0.383,46.0,102.29,0.32946,-0.09924,0.34758,0.00258,0.81101
194.69,ETH-26JUN20,1580813943191,open,0.36,543.0,0.312,0.396,0.354895,86.07,0.354,0.0,ETH-26JUN20-140-C,185.15,66.28,0.323,46.0,0.384,46.0,102.86,0.32946,-0.09924,0.34758,0.00258,0.81101
189.14,ETH-27MAR20,1580813943456,open,0.05,5078.0,0.02,0.079,0.046587,84.24,0.053,0.0,ETH-27MAR20-240-C,185.15,82.17,0.044,308.0,0.049,5.0,86.14,0.23886,-0.19393,0.062,0.00558,0.27721
189.14,ETH-27MAR20,1580813943456,open,0.05,5714.0,0.024,0.082,0.050207,80.15,0.046,0.0,ETH-27MAR20-160-P,185.15,77.41,0.047,476.0,0.053,501.0,82.53,0.22191,-0.17144,-0.07814,0.00545,-0.24047
189.14,ETH-27MAR20,1580813943456,open,0.0,13957.0,0.001,0.011,0.000664,111.42,0.001,0.0,ETH-27MAR20-600-C,185.15,0.0,0.0,0.0,0.002,300.0,125.62,0.01135,-0.01218,0.00132,0.0002,0.00557
186.99,SYN.ETH-28FEB20,1580813943470,open,0.05,2848.0,0.021,0.077,0.047637,73.55,0.052,0.0,ETH-28FEB20-200-C,185.15,70.87,0.045,458.0,0.051,478.0,76.96,0.18427,-0.28384,0.04261,0.01095,0.39604
186.99,SYN.ETH-28FEB20,1580813943475,open,0.01,1363.0,0.003,0.031,0.012549,80.2,0.017,0.0,ETH-28FEB20-240-C,185.15,77.3,0.011,538.0,0.014,275.0,82.79,0.10255,-0.17224,0.01468,0.00559,0.13258
186.99,SYN.ETH-28FEB20,1580813943502,open,0.13,1112.0,0.091,0.158,0.125209,72.74,0.137,0.0,ETH-28FEB20-170-C,185.15,68.94,0.122,68.0,0.128,220.0,76.01,0.15889,-0.24205,0.07365,0.00955,0.72738
199.54,SYN.ETH-25SEP20,1580813943519,open,0.07,503.0,0.04,0.109,0.072038,87.7,0.058,0.0,ETH-25SEP20-120-P,185.15,81.43,0.061,292.0,0.076,462.0,89.9,0.3574,-0.06701,-0.2725,0.0016,-0.14109
194.69,ETH-26JUN20,1580813943528,open,0.17,958.0,0.115,0.218,0.166395,85.94,0.182,0.0,ETH-26JUN20-220-C,185.15,82.18,0.157,268.0,0.172,448.0,88.19,0.48552,-0.14603,0.26687,0.00381,0.51658
185.37,SYN.ETH-7FEB20,1580813943528,open,0.01,1184.0,0.001,0.036,0.012328,69.06,0.014,0.0,ETH-7FEB20-180-P,185.15,54.72,0.008,314.0,0.015,314.0,77.55,0.05763,-0.69197,-0.00463,0.03082,-0.30491
194.69,ETH-26JUN20,1580813943534,open,0.05,3927.0,0.017,0.082,0.04345,93.86,0.045,0.0,ETH-26JUN20-400-C,185.15,91.04,0.039,296.0,0.046,120.0,95.42,0.31457,-0.10332,0.10064,0.00226,0.17551
194.69,ETH-26JUN20,1580813943536,open,0.21,2495.0,0.147,0.25,0.199443,85.11,0.2,0.0,ETH-26JUN20-200-C,185.15,80.84,0.189,262.0,0.205,442.0,87.39,0.47477,-0.14141,0.29413,0.00376,0.58539
185.37,SYN.ETH-7FEB20,1580813943536,open,0.01,2067.0,0.001,0.022,0.004866,77.53,0.006,0.0,ETH-7FEB20-200-C,185.15,67.3,0.003,333.0,0.007,323.0,87.48,0.03706,-0.4995,0.00201,0.01765,0.14245
199.54,SYN.ETH-25SEP20,1580813943538,open,0.24,667.0,0.177,0.296,0.237474,86.93,0.237,0.0,ETH-25SEP20-220-C,185.15,85.81,0.234,100.0,0.241,110.0,88.05,0.62364,-0.11589,0.44082,0.00281,0.58225
199.54,SYN.ETH-25SEP20,1580813943538,open,0.1,802.0,0.069,0.157,0.110853,87.24,0.12,0.0,ETH-25SEP20-140-P,185.15,80.94,0.097,280.0,0.115,450.0,89.11,0.44151,-0.08235,-0.39211,0.00198,-0.19582
189.14,ETH-27MAR20,1580813943540,open,0.01,262.0,0.001,0.02,0.007704,95.08,0.01,0.0,ETH-27MAR20-110-P,185.15,90.04,0.006,300.0,0.009,885.0,98.54,0.06806,-0.06238,-0.01427,0.00141,-0.04539
194.69,ETH-26JUN20,1580813943542,open,0.04,1140.0,0.021,0.073,0.043668,87.67,0.042,0.0,ETH-26JUN20-120-P,185.15,81.51,0.036,297.0,0.048,497.0,91.02,0.24898,-0.07639,-0.12758,0.00191,-0.12374
194.69,ETH-26JUN20,1580813943542,open,0.06,1985.0,0.025,0.1,0.057404,92.93,0.059,0.0,ETH-26JUN20-360-C,185.15,91.08,0.054,312.0,0.06,140.0,94.31,0.36223,-0.1178,0.12518,0.00263,0.22166
189.14,ETH-27MAR20,1580813943545,open,0.39,158.0,0.351,0.403,0.376839,90.27,0.211,0.0,ETH-27MAR20-120-C,185.15,50.89,0.366,60.0,0.393,60.0,117.47,0.09137,-0.0795,0.1498,0.00199,0.93411
194.69,ETH-26JUN20,1580813943545,open,0.0,1453.0,0.001,0.014,0.00464,103.2,0.005,0.0,ETH-26JUN20-60-P,185.15,95.78,0.003,300.0,0.006,300.0,108.25,0.04861,-0.01756,-0.01569,0.00032,-0.01594
194.69,ETH-26JUN20,1580813943547,open,0.1,924.0,0.056,0.149,0.100147,88.58,0.104,0.0,ETH-26JUN20-280-C,185.15,85.05,0.092,281.0,0.105,140.0,90.66,0.45234,-0.14022,0.19232,0.00344,0.3525
189.14,ETH-27MAR20,1580813943547,open,0.02,2790.0,0.009,0.047,0.024127,83.23,0.022,0.0,ETH-27MAR20-140-P,185.15,80.56,0.022,325.0,0.025,5.0,84.31,0.15267,-0.12247,-0.04204,0.00361,-0.13228
199.54,SYN.ETH-25SEP20,1580813943547,open,0.2,702.0,0.154,0.275,0.213138,87.15,0.219,0.0,ETH-25SEP20-180-P,185.15,80.74,0.195,253.0,0.22,253.0,89.58,0.56332,-0.10495,-0.66856,0.00253,-0.30975
185.37,SYN.ETH-7FEB20,1580813943549,open,0.0,2518.0,0.001,0.017,0.003026,75.86,0.003,0.0,ETH-7FEB20-170-P,185.15,58.68,0.001,116.0,0.005,300.0,87.74,0.0275,-0.36268,-0.00141,0.01339,-0.09355
194.69,ETH-26JUN20,1580813943551,open,0.16,719.0,0.115,0.221,0.166442,85.11,0.162,0.0,ETH-26JUN20-180-P,185.15,79.69,0.154,255.0,0.173,435.0,87.98,0.44611,-0.13287,-0.38565,0.00353,-0.33959
199.54,SYN.ETH-25SEP20,1580813943551,open,0.05,560.0,0.021,0.101,0.054221,97.68,0.049,0.0,ETH-25SEP20-560-C,185.15,92.53,0.044,298.0,0.059,298.0,99.94,0.41396,-0.08644,0.15633,0.00166,0.17649
189.14,ETH-27MAR20,1580813943553,open,0.01,2411.0,0.001,0.023,0.008121,97.6,0.011,0.0,ETH-27MAR20-360-C,185.15,94.95,0.007,240.0,0.01,585.0,101.6,0.08356,-0.07861,0.01361,0.00168,0.05876
194.69,ETH-26JUN20,1580813943553,open,0.61,0.0,0.581,0.621,0.600141,95.29,None,0.0,ETH-26JUN20-80-C,185.15,61.95,0.59,53.0,0.614,53.0,117.71,0.09793,-0.03266,0.27674,0.00069,0.96327
189.14,ETH-27MAR20,1580813943553,open,0.0,5123.0,0.001,0.011,0.00041,111.47,0.001,0.0,ETH-27MAR20-640-C,185.15,0.0,0.0,0.0,0.002,307.0,131.33,0.00762,-0.00819,0.00085,0.00013,0.00357
199.54,SYN.ETH-25SEP20,1580813943553,open,0.17,893.0,0.109,0.227,0.16698,88.69,0.174,0.0,ETH-25SEP20-280-C,185.15,87.11,0.162,277.0,0.172,160.0,90.27,0.63249,-0.11992,0.36361,0.0028,0.45136
199.54,SYN.ETH-25SEP20,1580813943553,open,0.02,468.0,0.009,0.041,0.021743,90.61,0.021,0.0,ETH-25SEP20-80-P,185.15,82.12,0.015,300.0,0.025,270.0,94.31,0.17077,-0.03308,-0.09469,0.00074,-0.05231
199.54,SYN.ETH-25SEP20,1580813943553,open,0.15,290.0,0.107,0.213,0.158465,87.21,0.143,0.0,ETH-25SEP20-160-P,185.15,80.78,0.142,267.0,0.164,267.0,89.37,0.51068,-0.09521,-0.52595,0.0023,-0.25289
186.99,SYN.ETH-28FEB20,1580813943553,open,0.22,676.0,0.18,0.24,0.210289,78.77,0.246,0.0,ETH-28FEB20-150-C,185.15,35.37,0.198,55.0,0.23,55.0,111.78,0.09345,-0.15415,0.08239,0.00519,0.88391
194.69,ETH-26JUN20,1580813943555,open,0.08,751.0,0.036,0.119,0.073478,90.19,0.083,0.0,ETH-26JUN20-320-C,185.15,87.05,0.067,287.0,0.077,140.0,91.87,0.40627,-0.12823,0.1534,0.00304,0.27477
189.14,ETH-27MAR20,1580813943557,open,0.01,1421.0,0.002,0.026,0.011289,90.27,0.012,0.0,ETH-27MAR20-120-P,185.15,85.29,0.009,565.0,0.013,565.0,93.7,0.09137,-0.0795,-0.02075,0.00199,-0.06589
199.54,SYN.ETH-25SEP20,1580813943557,open,0.04,239.0,0.021,0.07,0.042398,88.73,0.038,0.0,ETH-25SEP20-100-P,185.15,82.16,0.034,300.0,0.047,470.0,92.15,0.26389,-0.05006,-0.17198,0.00117,-0.09211
189.14,ETH-27MAR20,1580813943557,open,0.0,2591.0,0.001,0.011,0.001089,111.38,0.001,0.0,ETH-27MAR20-560-C,185.15,0.0,0.0,0.0,0.003,398.0,125.7,0.01694,-0.01819,0.00206,0.0003,0.00877
185.37,SYN.ETH-7FEB20,1580813943559,open,0.0,586.0,0.001,0.011,0.001214,94.06,0.002,0.0,ETH-7FEB20-160-P,185.15,90.8,0.001,1.0,0.003,423.0,113.56,0.01288,-0.21068,-0.00054,0.00506,-0.03557
194.69,ETH-26JUN20,1580813943561,open,0.02,796.0,0.009,0.043,0.022674,89.83,0.02,0.0,ETH-26JUN20-100-P,185.15,84.09,0.018,300.0,0.025,272.0,92.51,0.16582,-0.05213,-0.07159,0.00124,-0.07127
185.37,SYN.ETH-7FEB20,1580813943561,open,0.05,1475.0,0.013,0.071,0.041356,69.23,0.049,0.0,ETH-7FEB20-180-C,185.15,13.35,0.029,56.0,0.06,56.0,126.17,0.05766,-0.69404,0.00954,0.03076,0.6947
186.99,SYN.ETH-28FEB20,1580813943561,open,0.32,38.0,0.285,0.335,0.309753,91.33,0.281,0.0,ETH-28FEB20-130-C,185.15,0.0,0.304,1.0,0.324,56.0,130.29,0.04708,-0.09004,0.07866,0.00225,0.95283
189.14,ETH-27MAR20,1580813943563,open,1.09,5.0,1.055,1.193,1.12018,101.9,2.004,0.0,ETH-27MAR20-400-P,185.15,0.0,0.046,50.0,1.631,1.0,499.73,0.0607,-0.05962,-0.55934,0.00117,-0.96059
194.69,ETH-26JUN20,1580813943566,open,0.11,1843.0,0.072,0.161,0.114668,85.12,0.12,0.0,ETH-26JUN20-160-P,185.15,79.39,0.103,272.0,0.12,452.0,87.73,0.39728,-0.11834,-0.28766,0.00315,-0.26279
194.69,ETH-26JUN20,1580813943568,open,0.07,1316.0,0.041,0.112,0.073964,86.04,0.068,0.0,ETH-26JUN20-140-P,185.15,80.08,0.064,286.0,0.08,286.0,89.58,0.32942,-0.09919,-0.20037,0.00258,-0.18895
9360.76,BTC-27MAR20,1580813943600,open,0.2,26.7,0.1795,0.255,0.2141924,63.88,0.205,0.0,BTC-27MAR20-11000-P,9159.92,62.18,0.212,3.0,0.2155,3.0,64.89,12.10493,-7.45346,-12.27825,0.00015,-0.70871
9796.04,SYN.BTC-25SEP20,1580813943617,open,1.07,0.1,1.0295,1.17,1.09201923,76.2,1.21,0.0,BTC-25SEP20-20000-P,9159.92,0.0,0.0,0.0,1.35,0.4,163.49,21.51625,-3.50518,-119.16926,5e-05,-0.80653
9252.36,SYN.BTC-28FEB20,1580813943619,open,0.26,46.8,0.2295,0.2665,0.24696205,68.22,0.249,0.0,BTC-28FEB20-7000-C,9159.92,38.85,0.2435,0.1,0.2635,13.0,109.02,2.27828,-3.25473,4.27987,6e-05,0.95412
9578.4,BTC-26JUN20,1580813943623,open,0.59,0.5,0.576,0.6035,0.58790268,80.95,0.589,0.0,BTC-26JUN20-4000-C,9159.92,48.21,0.5825,14.8,0.598,13.2,101.94,3.38497,-0.95897,14.55106,1e-05,0.976
9578.4,BTC-26JUN20,1580813943640,open,0.15,620.2,0.1115,0.1945,0.14896498,67.17,0.1515,0.0,BTC-26JUN20-10000-C,9159.92,66.38,0.147,1.6,0.1515,24.2,68.19,23.76952,-5.58739,14.7684,0.0001,0.54286
9360.76,BTC-27MAR20,1580813943665,open,2.59,0.0,2.561,2.7095,2.63259827,117.11,None,0.0,BTC-27MAR20-34000-P,9159.92,0.0,0.0,0.0,0.0,0.0,0.0,0.36714,-0.41442,-48.28204,0.0,-0.99654
9252.36,SYN.BTC-28FEB20,1580813943796,open,0.36,1.0,0.3385,0.367,0.35225382,76.49,0.37,0.0,BTC-28FEB20-6000-C,9159.92,0.0,0.3515,0.1,0.365,9.0,134.15,0.65254,-1.04532,3.85738,2e-05,0.9896
9360.76,BTC-27MAR20,1580813943806,open,0.69,1.2,0.678,0.76,0.71532376,80.38,0.95,0.0,BTC-27MAR20-16000-P,9159.92,0.0,0.05,0.1,0.95,0.1,273.01,3.80636,-2.9491,-22.11692,4e-05,-0.9471
9360.76,BTC-27MAR20,1580813944198,open,0.12,175.9,0.1015,0.1715,0.13361239,61.63,0.1315,0.0,BTC-27MAR20-10000-P,9159.96,60.21,0.1315,4.0,0.134,3.0,61.9,13.88095,-8.24607,-9.31768,0.00018,-0.56675
9360.76,BTC-27MAR20,1580813944199,open,0.0,206.5,0.0005,0.0105,0.00089552,109.93,0.0015,0.0,BTC-27MAR20-28000-C,9159.96,103.66,0.0005,30.2,0.0015,56.0,116.35,0.72335,-0.76643,0.08671,1e-05,0.00741
9360.76,BTC-27MAR20,1580813944199,open,0.49,67.8,0.471,0.549,0.50626128,72.99,0.48,0.0,BTC-27MAR20-14000-P,9159.96,0.0,0.4,0.1,0.6795,1.5,211.54,5.85045,-4.11591,-18.80807,6e-05,-0.90745
9578.44,BTC-26JUN20,1580813944199,open,1.69,0.0,1.6645,1.7965,1.724618,85.3,None,0.0,BTC-26JUN20-26000-P,9159.96,0.0,0.0005,1.0,0.0,0.0,0.0,6.60135,-1.97054,-100.11975,2e-05,-0.94568
9578.44,BTC-26JUN20,1580813944199,open,1.9,0.0,1.8685,2.0065,1.93164797,87.2,None,0.0,BTC-26JUN20-28000-P,9159.96,0.0,0.0005,1.0,0.0,0.0,0.0,5.69868,-1.73894,-108.22484,2e-05,-0.95482
9360.76,BTC-27MAR20,1580813944200,open,1.32,5.6,1.3045,1.405,1.35184755,95.55,1.545,0.0,BTC-27MAR20-22000-P,9159.96,0.0,0.0,0.0,0.0,0.0,0.0,1.27359,-1.17289,-31.10028,1e-05,-0.98582
9171.05,SYN.BTC-7FEB20,1580813944199,open,0.08,130.3,0.055,0.0965,0.07520445,62.06,0.085,0.0,BTC-7FEB20-8500-C,9159.96,0.0,0.0635,5.0,0.0925,8.4,138.38,1.20692,-13.02289,0.61062,0.00029,0.92029
9360.8,BTC-27MAR20,1580813944201,open,1.53,0.0,1.514,1.6215,1.56490894,98.22,None,0.0,BTC-27MAR20-24000-P,9159.96,0.0,0.0015,0.5,0.0,0.0,0.0,0.87431,-0.82771,-34.00131,1e-05,-0.9908
9163.31,SYN.BTC-5FEB20,1580813944198,open,0.01,16.1,0.0005,0.0155,0.00218652,48.77,0.0025,0.0,BTC-5FEB20-9375-C,9159.96,42.93,0.0015,29.4,0.003,0.3,54.94,1.14654,-20.03574,0.03745,0.00117,0.17253
9578.44,BTC-26JUN20,1580813944201,open,2.31,0.0,2.277,2.4285,2.34703043,91.01,None,0.0,BTC-26JUN20-32000-P,9159.96,0.0,0.0005,1.0,0.0,0.0,0.0,4.45043,-1.41743,-124.24269,1e-05,-0.96665
9360.8,BTC-27MAR20,1580813944201,open,1.74,0.0,1.7235,1.839,1.77840945,103.31,None,0.0,BTC-27MAR20-26000-P,9159.96,0.0,0.0,0.0,0.0,0.0,0.0,0.73826,-0.73512,-36.86318,1e-05,-0.99241
9578.44,BTC-26JUN20,1580813944201,open,0.69,1.6,0.66,0.7725,0.71025483,74.08,0.667,0.0,BTC-26JUN20-16000-P,9159.96,0.0,0.0,0.0,0.757,1.0,97.92,16.30069,-4.22605,-56.97283,6e-05,-0.80927
9360.8,BTC-27MAR20,1580813944202,open,1.96,0.0,1.933,2.057,1.99206416,109.55,None,0.0,BTC-27MAR20-28000-P,9159.96,0.0,0.0,0.0,0.0,0.0,0.0,0.70629,-0.74579,-39.7106,1e-05,-0.99278
9198.15,SYN.BTC-14FEB20,1580813944198,open,0.2,0.0,0.1685,0.2045,0.18569159,65.32,None,0.0,BTC-14FEB20-7500-C,9159.96,0.0,0.177,10.2,0.2015,11.8,128.42,0.89592,-2.96297,1.96339,6e-05,0.97461
9578.44,BTC-26JUN20,1580813944203,open,2.1,0.0,2.0725,2.217,2.13905737,88.88,None,0.0,BTC-26JUN20-30000-P,9159.96,0.0,0.0005,1.0,0.0,0.0,0.0,4.94792,-1.53906,-116.27242,2e-05,-0.96205
9163.31,SYN.BTC-5FEB20,1580813944198,open,0.0,12.2,0.0005,0.0105,0.00024204,62.22,0.0005,0.0,BTC-5FEB20-9750-C,9159.96,0.0,0.0,0.0,0.0015,38.5,88.11,0.23229,-2.21789,0.0047,0.00019,0.02164
9163.31,SYN.BTC-5FEB20,1580813944198,open,0.0,99.0,0.0005,0.018,0.00307911,48.69,0.004,0.0,BTC-5FEB20-9000-P,9159.96,40.88,0.002,20.4,0.0045,20.5,58.01,1.33541,-28.21486,-0.04945,0.00136,-0.22187
9167.18,SYN.BTC-6FEB20,1580813944199,open,1.6,0.0005,0.027,0.00926022,46.27,0.01,0.0,BTC-6FEB20-9250-C,9159.96,41.7,0.008,20.5,0.0105,0.5,50.73,2.5381,-31.30526,0.18385,0.00127,0.39953
9198.15,SYN.BTC-14FEB20,1580813944198,open,0.09,0.8,0.0645,0.112,0.08406248,52.6,0.101,0.0,BTC-14FEB20-8500-C,9159.96,34.74,0.078,11.2,0.0995,12.8,84.3,3.82341,-10.18197,1.85734,0.00032,0.83037
9167.18,SYN.BTC-6FEB20,1580813944198,open,0.0,0.0065,0.046,0.02492444,49.23,None,0.0,BTC-6FEB20-9000-C,9159.96,41.25,0.023,0.1,0.027,0.1,57.46,2.26706,-29.75322,0.32043,0.00107,0.7051
9171.05,SYN.BTC-7FEB20,1580813944200,open,0.0,360.4,0.0005,0.013,0.00202433,61.99,0.002,0.0,BTC-7FEB20-8500-P,9159.96,57.71,0.0015,50.4,0.0025,30.0,65.43,1.2043,-12.97971,-0.05889,0.00029,-0.07948
9167.18,SYN.BTC-6FEB20,1580813944198,open,0.0,0.0005,0.014,0.00211442,55.08,None,0.0,BTC-6FEB20-9625-C,9159.96,50.25,0.0015,34.1,0.003,0.5,61.08,1.2539,-18.40991,0.05189,0.00053,0.11227
9198.15,SYN.BTC-14FEB20,1580813944198,open,0.14,0.6,0.114,0.1545,0.13329856,58.96,0.154,0.0,BTC-14FEB20-8000-C,9159.96,0.0,0.1235,10.2,0.152,11.8,111.02,1.99624,-5.95865,1.98668,0.00015,0.93157
9163.31,SYN.BTC-5FEB20,1580813944199,open,0.03,5.0,0.0025,0.0415,0.02091102,48.76,0.0355,0.0,BTC-5FEB20-9000-C,9159.96,38.32,0.0195,0.1,0.0225,0.1,59.12,1.33645,-32.58312,0.1664,0.00136,0.77783
9578.44,BTC-26JUN20,1580813944209,open,1.49,0.0,1.461,1.5875,1.51807099,83.1,None,0.0,BTC-26JUN20-24000-P,9159.96,0.0,0.0005,1.0,0.0,0.0,0.0,7.68237,-2.23403,-91.94038,3e-05,-0.93407
9167.18,SYN.BTC-6FEB20,1580813944198,open,0.0,0.0005,0.0125,0.00174595,51.22,None,0.0,BTC-6FEB20-8750-P,9159.96,44.5,0.001,34.7,0.0025,0.5,56.79,1.14561,-15.64287,-0.0475,0.00052,-0.09909
9163.31,SYN.BTC-5FEB20,1580813944199,open,0.0,1.0,0.0005,0.011,0.00088739,62.92,0.0015,0.0,BTC-5FEB20-8750-P,9159.96,55.76,0.0005,0.1,0.0015,12.4,71.5,0.57004,-8.13139,-0.01452,0.00045,-0.06514
9163.31,SYN.BTC-5FEB20,1580813944199,open,0.02,2.6,0.0055,0.0475,0.02527828,48.68,0.0235,0.0,BTC-5FEB20-9375-P,9159.96,36.89,0.024,0.1,0.027,0.1,61.22,1.1448,-27.86691,-0.18756,0.00117,-0.82789
9163.31,SYN.BTC-5FEB20,1580813944199,open,0.0,0.4,0.0005,0.013,0.00132269,52.77,0.001,0.0,BTC-5FEB20-8875-P,9159.96,41.58,0.0005,32.0,0.002,0.5,59.69,0.82008,-12.12022,-0.02353,0.00077,-0.1057
9198.15,SYN.BTC-14FEB20,1580813944199,open,0.17,0.0,0.141,0.1795,0.15956288,64.13,None,0.0,BTC-14FEB20-7750-C,9159.96,0.0,0.153,10.2,0.1765,11.8,119.57,1.47966,-4.80389,1.97517,0.0001,0.95321
9163.31,SYN.BTC-5FEB20,1580813944199,open,0.02,8.0,0.0005,0.03,0.0109468,44.6,0.014,0.0,BTC-5FEB20-9125-C,9159.96,37.01,0.0095,0.4,0.0135,0.4,57.88,1.75416,-39.11871,0.12517,0.00195,0.58032
9167.18,SYN.BTC-6FEB20,1580813944199,open,18.1,0.0005,0.011,0.00103603,55.34,0.0005,0.0,BTC-6FEB20-8625-P,9159.96,47.8,0.0005,35.1,0.002,35.5,64.82,0.78047,-9.49748,-0.02865,0.00033,-0.05977
9171.05,SYN.BTC-7FEB20,1580813944201,open,0.0,1073.7,0.0005,0.012,0.00173444,64.74,0.002,0.0,BTC-7FEB20-10000-C,9159.96,57.67,0.001,100.3,0.0025,32.2,70.59,1.09076,-12.27764,0.04919,0.00025,0.06981
9198.15,SYN.BTC-14FEB20,1580813944198,open,0.07,0.4,0.0445,0.093,0.0633212,52.3,0.0855,0.0,BTC-14FEB20-8750-C,9159.96,29.64,0.0525,12.8,0.0805,15.2,82.22,4.96945,-13.15972,1.66801,0.00042,0.73355
9198.15,SYN.BTC-14FEB20,1580813944198,open,0.0,72.7,0.0005,0.012,0.00211428,64.07,0.002,0.0,BTC-14FEB20-7750-P,9159.96,59.88,0.0015,50.0,0.0025,0.2,66.36,1.47628,-4.78873,-0.12137,0.0001,-0.04665
9163.31,SYN.BTC-5FEB20,1580813944199,open,0.0,62.5,0.0005,0.0125,0.00118214,55.42,0.0015,0.0,BTC-5FEB20-9500-C,9159.96,45.42,0.0005,32.0,0.002,9.8,64.22,0.75356,-10.83227,0.02044,0.00067,0.09414
9167.18,SYN.BTC-6FEB20,1580813944198,open,0.0,0.0005,0.0125,0.00160621,60.88,None,0.0,BTC-6FEB20-9750-C,9159.96,54.66,0.001,34.1,0.0025,0.5,68.25,0.99719,-14.72445,0.03797,0.00038,0.0822
9198.15,SYN.BTC-14FEB20,1580813944199,open,0.06,20.4,0.052,0.1065,0.07392515,53.76,0.0735,0.0,BTC-14FEB20-9750-P,9159.96,49.2,0.0715,3.0,0.0755,3.0,56.63,4.9969,-13.60034,-2.00228,0.00041,-0.73062
9167.18,SYN.BTC-6FEB20,1580813944198,open,5.9,0.001,0.031,0.01132909,47.33,0.0115,0.0,BTC-6FEB20-9125-P,9159.96,40.85,0.0095,20.4,0.013,20.0,53.24,2.59122,-32.69579,-0.21226,0.00127,-0.43924
9198.15,SYN.BTC-14FEB20,1580813944198,open,0.03,112.8,0.0165,0.0615,0.0316496,52.28,0.033,0.0,BTC-14FEB20-9250-C,9159.96,51.29,0.031,3.0,0.033,33.8,54.34,6.03448,-15.97331,1.14339,0.0005,0.49108
9171.05,SYN.BTC-7FEB20,1580813944202,open,0.0,443.9,0.0005,0.0165,0.00336564,59.75,0.003,0.0,BTC-7FEB20-9750-C,9159.96,57.75,0.003,0.2,0.004,32.8,63.01,1.71933,-17.86062,0.09129,0.00043,0.1297
9163.31,SYN.BTC-5FEB20,1580813944198,open,0.0,69.3,0.0005,0.0105,7.993e-05,62.9,0.0005,0.0,BTC-5FEB20-9875-C,9159.96,0.0,0.0,0.0,0.001,0.5,93.1,0.09752,-0.73246,0.00172,8e-05,0.00792
9167.18,SYN.BTC-6FEB20,1580813944198,open,0.2,0.0005,0.0175,0.00350071,49.91,0.0025,0.0,BTC-6FEB20-8875-P,9159.96,44.27,0.0025,20.4,0.0045,20.4,55.06,1.71196,-22.77651,-0.08548,0.00079,-0.17794
9796.04,SYN.BTC-25SEP20,1580813944201,open,0.88,0.2,0.8395,0.9765,0.90081071,74.64,1.02,0.0,BTC-25SEP20-18000-P,9159.96,0.0,0.0,0.0,1.17,0.5,163.19,24.14799,-3.85335,-104.50396,5e-05,-0.7641
9171.05,SYN.BTC-7FEB20,1580813944201,open,0.01,1028.6,0.0005,0.026,0.00632032,53.11,0.0065,0.0,BTC-7FEB20-9500-C,9159.96,51.93,0.006,3.4,0.007,100.5,55.58,2.49898,-23.07815,0.16492,0.00071,0.23456
9198.15,SYN.BTC-14FEB20,1580813944198,open,0.12,0.0,0.088,0.1325,0.10798905,55.43,None,0.0,BTC-14FEB20-8250-C,9159.96,0.0,0.0985,10.2,0.129,11.8,104.41,2.80213,-7.86338,1.95192,0.00022,0.8923
9171.05,SYN.BTC-7FEB20,1580813944203,open,0.0,480.8,0.0005,0.011,0.00120104,72.98,0.0015,0.0,BTC-7FEB20-10250-C,9159.96,70.51,0.001,19.1,0.0015,21.1,76.25,0.78582,-9.97153,0.03239,0.00016,0.04603
9360.78,BTC-27MAR20,1580813944221,open,0.29,66.3,0.271,0.347,0.30577553,66.38,0.2675,0.0,BTC-27MAR20-12000-P,9159.96,59.99,0.2995,14.9,0.309,0.2,69.44,9.66519,-6.18421,-14.80594,0.00012,-0.80712
194.69,ETH-26JUN20,1580813944903,open,0.43,318.0,0.392,0.462,0.427296,87.69,0.379,0.0,ETH-26JUN20-120-C,185.15,63.2,0.4,47.0,0.451,47.0,105.17,0.24902,-0.07642,0.34211,0.00191,0.87623
185.91,SYN.ETH-14FEB20,1580813944970,open,0.0,38.0,0.001,0.011,0.00145,90.97,0.001,0.0,ETH-14FEB20-140-P,185.15,85.65,0.001,300.0,0.002,8.0,96.26,0.01752,-0.08068,-0.0013,0.00206,-0.02441
185.91,SYN.ETH-14FEB20,1580813944970,open,0.01,362.0,0.001,0.019,0.005521,72.61,0.006,0.0,ETH-14FEB20-160-P,185.15,70.68,0.005,330.0,0.006,10.0,74.31,0.05129,-0.18857,-0.00501,0.00755,-0.09403
185.91,SYN.ETH-14FEB20,1580813944970,open,0.26,1.0,0.224,0.273,0.248436,91.4,0.27,0.0,ETH-14FEB20-140-C,185.15,0.0,0.239,33.0,0.261,33.0,152.74,0.01781,-0.08243,0.03655,0.00208,0.9751
185.91,SYN.ETH-14FEB20,1580813944970,open,0.0,574.0,0.001,0.011,0.00035,90.99,0.001,0.0,ETH-14FEB20-130-P,185.15,0.0,0.0,0.0,0.001,10.0,104.87,0.00585,-0.02694,-0.00036,0.00069,-0.00685
185.91,SYN.ETH-14FEB20,1580813944970,open,0.0,20.0,0.001,0.014,0.003486,85.53,0.003,0.0,ETH-14FEB20-150-P,185.15,82.78,0.003,1.0,0.004,340.0,88.23,0.03414,-0.14783,-0.00295,0.00427,-0.05525
185.91,SYN.ETH-14FEB20,1580813944970,open,0.31,39.0,0.28,0.322,0.301123,92.15,0.318,0.0,ETH-14FEB20-130-C,185.15,0.0,0.292,35.0,0.312,35.0,170.89,0.00628,-0.02929,0.03478,0.00073,0.99257
185.91,SYN.ETH-14FEB20,1580813944970,open,0.16,1.0,0.115,0.173,0.144934,72.78,0.14,0.0,ETH-14FEB20-160-C,185.15,0.0,0.139,1.0,0.165,52.0,124.6,0.05148,-0.18969,0.03826,0.00756,0.90551
185.91,SYN.ETH-14FEB20,1580813944974,open,0.02,127.0,0.004,0.044,0.01991,71.59,0.025,0.0,ETH-14FEB20-200-C,185.15,68.15,0.018,515.0,0.022,1.0,75.29,0.10421,-0.37772,0.01345,0.01556,0.28723
185.91,SYN.ETH-14FEB20,1580813944974,open,0.21,0.0,0.17,0.224,0.196686,85.76,None,0.0,ETH-14FEB20-150-C,185.15,0.0,0.193,1.0,0.212,52.0,138.25,0.03436,-0.14919,0.03761,0.00428,0.9443
185.91,SYN.ETH-14FEB20,1580813944974,open,0.01,283.0,0.003,0.036,0.01436,71.27,0.015,0.0,ETH-14FEB20-170-P,185.15,68.33,0.013,270.0,0.016,535.0,74.73,0.08704,-0.31408,-0.01107,0.01306,-0.20562
185.91,SYN.ETH-14FEB20,1580813944974,open,0.13,0.0,0.103,0.181,0.140941,75.44,None,0.0,ETH-14FEB20-210-P,185.15,0.0,0.0,0.0,0.243,20.0,245.88,0.07992,-0.30525,-0.04839,0.01133,-0.82116
185.91,SYN.ETH-14FEB20,1580813944974,open,0.04,211.0,0.012,0.063,0.035488,68.84,0.039,0.0,ETH-14FEB20-190-C,185.15,65.01,0.033,460.0,0.039,205.0,74.24,0.12088,-0.42134,0.02065,0.01878,0.44608
185.91,SYN.ETH-14FEB20,1580813944974,open,0.02,178.0,0.009,0.059,0.03035,68.87,0.026,0.0,ETH-14FEB20-180-P,185.15,65.06,0.028,240.0,0.032,299.0,71.53,0.11507,-0.40124,-0.01995,0.01787,-0.36625
185.91,SYN.ETH-14FEB20,1580813944976,open,0.01,596.0,0.001,0.023,0.006944,80.47,0.008,0.0,ETH-14FEB20-220-C,185.15,77.39,0.006,300.0,0.008,302.0,83.69,0.05896,-0.24022,0.00538,0.00784,0.11393
185.91,SYN.ETH-14FEB20,1580813944976,open,0.08,6.0,0.059,0.134,0.095644,71.49,0.075,0.0,ETH-14FEB20-200-P,185.15,64.86,0.092,60.0,0.099,80.0,77.39,0.10415,-0.37696,-0.04068,0.01558,-0.7131
185.91,SYN.ETH-14FEB20,1580813944976,open,0.17,0.0,0.152,0.232,0.190252,80.27,None,0.0,ETH-14FEB20-220-P,185.15,0.0,0.0,0.0,0.0,0.0,0.0,0.05873,-0.23865,-0.05417,0.00782,-0.88671
185.37,SYN.ETH-7FEB20,1580813945330,open,0.0,2863.0,0.001,0.012,0.00144,106.69,0.001,0.0,ETH-7FEB20-220-C,185.16,100.18,0.001,947.0,0.002,410.0,113.44,0.01392,-0.25824,0.00055,0.00482,0.03911
185.91,SYN.ETH-14FEB20,1580813945330,open,0.27,0.0,0.254,0.338,0.294105,91.55,None,0.0,ETH-14FEB20-240-P,185.16,0.0,0.0,0.0,0.0,0.0,0.0,0.03282,-0.15212,-0.06245,0.00383,-0.94744
185.37,SYN.ETH-7FEB20,1580813945330,open,0.17,0.0,0.153,0.228,0.188248,106.69,None,0.0,ETH-7FEB20-220-P,185.16,0.0,0.001,2.0,0.0,0.0,0.0,0.01392,-0.25823,-0.01678,0.00482,-0.96089
185.91,SYN.ETH-14FEB20,1580813945330,open,0.22,0.0,0.203,0.284,0.241348,84.39,None,0.0,ETH-14FEB20-230-P,185.16,0.0,0.0,0.0,0.0,0.0,0.0,0.0418,-0.1786,-0.05884,0.0053,-0.92835
194.69,ETH-26JUN20,1580813945339,open,0.61,0.0,0.581,0.621,0.600141,95.29,None,0.0,ETH-26JUN20-80-C,185.16,61.95,0.59,53.0,0.612,53.0,114.89,0.09793,-0.03265,0.27674,0.00069,0.96327
9198.19,SYN.BTC-14FEB20,1580813946018,open,0.29,0.0,0.2795,0.337,0.30602959,82.14,None,0.0,BTC-14FEB20-12000-P,9159.96,0.0,0.0,0.0,0.0,0.0,0.0,0.99199,-4.12546,-3.17895,5e-05,-0.97131
9198.19,SYN.BTC-14FEB20,1580813946018,open,0.0,126.9,0.0005,0.011,0.00142003,82.1,0.0015,0.0,BTC-14FEB20-12000-C,9159.96,77.76,0.001,30.0,0.002,34.9,86.93,0.99,-4.11507,0.06769,5e-05,0.02862
9171.09,SYN.BTC-7FEB20,1580813946412,open,0.06,94.2,0.0295,0.074,0.04928809,50.75,0.052,0.0,BTC-7FEB20-8750-C,9159.96,49.3,0.049,3.0,0.0545,3.0,72.73,1.84021,-16.23948,0.58344,0.00055,0.85675
9796.08,SYN.BTC-25SEP20,1580813946413,open,0.16,389.3,0.1245,0.219,0.16650634,67.63,0.165,0.0,BTC-25SEP20-9000-P,9159.96,66.6,0.1635,7.7,0.1695,7.7,68.66,28.55423,-4.12862,-31.45388,7e-05,-0.3346
9796.08,SYN.BTC-25SEP20,1580813946412,open,0.07,111.2,0.0455,0.111,0.07319789,67.66,0.068,0.0,BTC-25SEP20-7000-P,9159.96,66.16,0.07,9.2,0.074,8.0,68.03,21.02753,-3.04144,-16.29302,5e-05,-0.18637
9252.37,SYN.BTC-28FEB20,1580813946419,open,0.01,316.3,0.0005,0.0185,0.00592998,68.2,0.0055,0.0,BTC-28FEB20-12000-C,9159.96,67.05,0.0055,20.0,0.0065,24.0,69.66,3.52583,-5.03581,0.44971,9e-05,0.08024
9171.09,SYN.BTC-7FEB20,1580813946423,open,0.04,294.0,0.0115,0.0545,0.02822739,49.39,0.0295,0.0,BTC-7FEB20-9000-C,9159.96,45.52,0.027,3.0,0.03,3.0,54.88,2.93291,-25.18773,0.46673,0.0009,0.67417
