underlying_price,underlying_index,timestamp,state,settlement_price,open_interest,min_price,max_price,mark_price,mark_iv,last_price,interest_rate,instrument_name,index_price,bid_iv,best_bid_price,best_bid_amount,best_ask_price,best_ask_amount,ask_iv,vega,theta,rho,gamma,delta
237.62,SYN.ETH-28FEB20,1582714739990,open,0.0,4341.0,0.0005,0.0105,0.000551,116.64,0.0005,0.0,ETH-28FEB20-200-P,237.31,114.95,0.0005,300.0,0.002,291.0,146.08,0.00744,-0.13103,-0.00022,0.0022,-0.01773
242.07,ETH-27MAR20,1582714740154,open,0.35,2336.0,0.3215,0.372,0.346386,99.15,0.38,0.0,ETH-27MAR20-160-C,237.3,79.34,0.3415,43.0,0.3685,23.0,147.96,0.07664,-0.12717,0.11868,0.00161,0.94537
242.07,ETH-27MAR20,1582714740182,open,0.5,7.0,0.45,0.56,0.502077,103.39,1.702,0.0,ETH-27MAR20-360-P,237.3,0.0,0.01,55.0,0.538,1.0,151.49,0.13548,-0.23442,-0.27458,0.00273,-0.88373
242.07,ETH-27MAR20,1582714740184,open,0.47,112.0,0.447,0.485,0.465625,114.64,0.5185,0.0,ETH-27MAR20-130-C,237.3,0.0,0.4625,1.0,0.4795,51.0,169.68,0.03313,-0.06357,0.10197,0.0006,0.98028
9177.76,SYN.BTC-28FEB20,1582714740633,open,0.0,2192.1,0.0005,0.0115,0.00130629,74.87,0.0015,0.0,BTC-28FEB20-10000-C,9166.33,62.56,0.0005,85.3,0.002,30.0,82.29,0.76325,-11.98878,0.02674,0.00024,0.05801
9177.76,SYN.BTC-28FEB20,1582714740635,open,0.0,2192.1,0.0005,0.0115,0.00130629,74.87,0.0015,0.0,BTC-28FEB20-10000-C,9166.33,62.56,0.0005,85.3,0.002,31.4,82.29,0.76325,-11.98878,0.02674,0.00024,0.05801
9177.76,SYN.BTC-28FEB20,1582714740642,open,0.0,2192.1,0.0005,0.0115,0.00130629,74.87,0.0015,0.0,BTC-28FEB20-10000-C,9166.33,62.56,0.0005,85.3,0.002,61.4,82.29,0.76325,-11.98878,0.02674,0.00024,0.05801
9171.81,SYN.BTC-27FEB20,1582714740855,open,0.03,0.1,0.0135,0.0565,0.03484133,65.28,0.036,0.0,BTC-27FEB20-8875-C,9166.33,70.86,0.0355,6.0,0.0375,1.0,85.92,1.03842,-33.89575,0.1798,0.00079,0.85193
9344.27,BTC-27MAR20,1582714740888,open,0.01,2255.3,0.001,0.0275,0.01077703,68.82,0.011,0.0,BTC-27MAR20-12000-C,9165.47,67.44,0.01,76.0,0.0115,64.4,70.06,5.36642,-6.18084,0.83992,0.00011,0.12059
9601.2,BTC-26JUN20,1582714740889,open,0.04,367.2,0.0165,0.059,0.0333057,63.67,0.033,0.0,BTC-26JUN20-7000-P,9165.47,63.06,0.0325,6.0,0.034,0.5,64.19,12.76028,-3.36062,-5.76081,7e-05,-0.14787
9343.41,BTC-27MAR20,1582714740890,open,0.11,164.0,0.0955,0.1475,0.11855095,58.34,0.1145,0.0,BTC-27MAR20-8500-C,9165.47,55.01,0.1155,27.0,0.121,33.0,60.98,8.63218,-8.42896,4.76968,0.00021,0.74223
9601.2,BTC-26JUN20,1582714740890,open,2.35,0.0,2.268,2.413,2.33598678,89.76,None,0.0,BTC-26JUN20-32000-P,9165.47,0.0,0.0,0.0,0.0,0.0,0.0,2.57419,-0.95574,-105.46309,1e-05,-0.98089
9343.41,BTC-27MAR20,1582714740891,open,0.3,174.7,0.2645,0.331,0.29491778,68.51,0.2965,0.0,BTC-27MAR20-12000-P,9165.47,33.92,0.2845,1.0,0.3385,5.0,121.73,5.32418,-6.10464,-8.99104,0.00011,-0.88074
9343.41,BTC-27MAR20,1582714740891,open,2.87,0.1,2.7775,2.931,2.8524229,0.0,2.64,0.0,BTC-27MAR20-36000-P,9165.47,0.0,0.0005,1.0,0.0,0.0,0.0,0.0,0.0,-29.46644,0.0,-1.0
9601.2,BTC-26JUN20,1582714740892,open,2.14,0.0,2.064,2.203,2.1287109,89.25,None,0.0,BTC-26JUN20-30000-P,9165.47,0.0,0.0,0.0,0.0,0.0,0.0,3.22006,-1.1888,-98.68808,1e-05,-0.97508
9860.33,SYN.BTC-25SEP20,1582714740889,open,0.7,2.4,0.6335,0.7585,0.68972475,70.5,0.65,0.0,BTC-25SEP20-16000-P,9165.47,0.0,0.11,1.0,0.7755,1.0,101.47,24.53432,-4.08164,-81.63508,6e-05,-0.73653
9860.33,SYN.BTC-25SEP20,1582714740892,open,0.88,2.1,0.8185,0.9465,0.87588313,72.22,0.888,0.0,BTC-25SEP20-18000-P,9165.47,0.0,0.12,1.0,2.0,1.0,500.0,21.43721,-3.65364,-95.55141,5e-05,-0.79351
9219.43,SYN.BTC-6MAR20,1582714740888,open,0.33,0.0,0.303,0.3595,0.329472,83.3,None,0.0,BTC-6MAR20-12250-P,9165.47,0.0,0.0,0.0,0.0,0.0,0.0,0.60226,-2.82612,-2.94269,3e-05,-0.98313
9860.33,SYN.BTC-25SEP20,1582714740888,open,2.68,0.0,2.582,2.7505,2.65979846,83.2,None,0.0,BTC-25SEP20-36000-P,9165.47,0.0,0.0005,1.0,0.0,0.0,0.0,6.75872,-1.32705,-207.06289,1e-05,-0.95782
9860.33,SYN.BTC-25SEP20,1582714740890,open,2.27,0.0,2.1855,2.3425,2.257129,81.22,None,0.0,BTC-25SEP20-32000-P,9165.47,0.0,0.0005,1.0,0.0,0.0,0.0,8.42707,-1.61522,-183.24804,2e-05,-0.94442
9171.81,SYN.BTC-27FEB20,1582714740888,open,0.13,0.0,0.1095,0.155,0.13121507,88.91,None,0.0,BTC-27FEB20-10375-P,9165.47,0.0,0.0,0.0,0.0,0.0,0.0,0.03472,-1.54342,-0.24837,2e-05,-0.99751
9860.33,SYN.BTC-25SEP20,1582714740890,open,1.08,2.0,1.008,1.138,1.06611685,73.26,1.025,0.0,BTC-25SEP20-20000-P,9165.47,0.0,0.22,1.0,1.15,0.5,108.46,18.3981,-3.18086,-109.00946,4e-05,-0.8384
9860.33,SYN.BTC-25SEP20,1582714740891,open,1.87,0.0,1.79,1.936,1.85597135,78.83,None,0.0,BTC-25SEP20-28000-P,9165.47,0.0,0.0005,1.0,0.0,0.0,0.0,10.66701,-1.9844,-159.15822,2e-05,-0.9247
9177.76,SYN.BTC-28FEB20,1582714740889,open,0.42,6.1,0.389,0.4455,0.4165066,158.0,0.399,0.0,BTC-28FEB20-13000-P,9165.47,0.0,0.0055,0.1,0.0,0.0,0.0,0.02768,-1.16563,-0.66747,0.0,-0.99872
242.07,ETH-27MAR20,1582714741160,open,0.01,0.0,0.002,0.0305,0.011567,106.41,None,0.0,ETH-27MAR20-380-C,237.29,102.96,0.01,240.0,0.0135,265.0,110.35,0.11423,-0.20343,0.01592,0.00224,0.09191
242.07,ETH-27MAR20,1582714741160,open,0.03,0.0,0.013,0.065,0.035491,93.51,None,0.0,ETH-27MAR20-300-C,237.29,90.2,0.0325,192.0,0.0385,217.0,96.78,0.22101,-0.34589,0.0429,0.00493,0.25201
242.07,ETH-27MAR20,1582714741160,open,0.71,75.0,0.701,0.7205,0.710882,139.55,0.739,0.0,ETH-27MAR20-70-C,237.29,0.0,0.0,0.0,0.0,0.0,0.0,0.00116,-0.00272,0.05719,2e-05,0.99953
251.87,ETH-26JUN20,1582714741160,open,0.54,303.0,0.5145,0.5595,0.536353,91.52,0.608,0.0,ETH-26JUN20-120-C,237.29,51.96,0.524,30.0,0.5575,30.0,120.94,0.14314,-0.05419,0.34723,0.00074,0.95264
251.87,ETH-26JUN20,1582714741160,open,1.71,0.0,1.6265,1.8185,1.716548,101.22,None,0.0,ETH-26JUN20-680-P,237.29,0.0,0.0,0.0,0.0,0.0,0.0,0.21282,-0.0891,-2.20026,0.001,-0.9213
251.87,ETH-26JUN20,1582714741160,open,0.61,1.0,0.5935,0.6295,0.610775,99.29,0.38,0.0,ETH-26JUN20-100-C,237.29,0.0,0.56,1.0,0.0,0.0,0.0,0.09468,-0.03888,0.30083,0.00045,0.97144
251.87,ETH-26JUN20,1582714741160,open,0.03,476.0,0.011,0.0665,0.032979,95.01,0.035,0.0,ETH-26JUN20-520-C,237.29,92.71,0.03,620.0,0.036,320.0,97.26,0.33234,-0.13061,0.09452,0.00166,0.14629
251.87,ETH-26JUN20,1582714741160,open,0.02,3254.0,0.007,0.0555,0.025098,100.29,0.04,0.0,ETH-26JUN20-600-C,237.29,96.38,0.021,610.0,0.0295,300.0,104.14,0.27624,-0.1146,0.07256,0.00131,0.11209
242.06,ETH-27MAR20,1582714741160,open,0.0,1277.0,0.0005,0.0105,0.000123,120.36,0.001,0.0,ETH-27MAR20-90-P,237.29,0.0,0.0,0.0,0.001,99.0,151.52,0.00268,-0.00539,-0.00025,5e-05,-0.00116
251.87,ETH-26JUN20,1582714741161,open,0.09,925.0,0.053,0.1325,0.090207,85.8,0.083,0.0,ETH-26JUN20-200-P,237.29,82.58,0.0845,275.0,0.095,575.0,88.49,0.44817,-0.15906,-0.27346,0.00249,-0.23764
242.06,ETH-27MAR20,1582714741161,open,0.0,4495.0,0.0005,0.0135,0.003929,130.02,0.0035,0.0,ETH-27MAR20-520-C,237.29,127.78,0.0035,22.0,0.0045,82.0,132.77,0.04812,-0.1047,0.00532,0.00077,0.03077
251.87,ETH-26JUN20,1582714741160,open,0.0,2429.0,0.0005,0.013,0.003288,103.16,0.003,0.0,ETH-26JUN20-80-P,237.29,95.39,0.002,357.0,0.005,300.0,111.0,0.04825,-0.02059,-0.01352,0.00022,-0.01292
251.87,ETH-26JUN20,1582714741160,open,1.4,0.0,1.3225,1.503,1.407094,100.12,None,0.0,ETH-26JUN20-600-P,237.29,0.0,0.01,50.0,0.0,0.0,0.0,0.27523,-0.11398,-1.91476,0.00131,-0.88849
251.87,ETH-26JUN20,1582714741161,open,0.02,720.0,0.004,0.042,0.016955,101.47,0.018,0.0,ETH-26JUN20-680-C,237.29,99.09,0.015,310.0,0.019,310.0,103.79,0.2143,-0.08994,0.0521,0.00101,0.07942
251.87,ETH-26JUN20,1582714741160,open,0.02,850.0,0.009,0.0445,0.023411,89.06,0.016,0.0,ETH-26JUN20-140-P,237.29,86.19,0.021,500.0,0.026,201.0,92.01,0.21637,-0.07971,-0.08662,0.00116,-0.08044
251.87,ETH-26JUN20,1582714741160,open,0.04,1215.0,0.0175,0.067,0.038907,87.04,0.0395,0.0,ETH-26JUN20-160-P,237.29,84.54,0.036,296.0,0.042,200.0,89.64,0.29632,-0.10669,-0.13569,0.00162,-0.12377
242.06,ETH-27MAR20,1582714741160,open,0.0,690.0,0.0005,0.0105,0.00086,120.3,0.001,0.0,ETH-27MAR20-110-P,237.29,0.0,0.0,0.0,0.002,65.0,135.58,0.01328,-0.02674,-0.00153,0.00023,-0.00688
242.06,ETH-27MAR20,1582714741160,open,0.01,3224.0,0.0005,0.022,0.006926,118.0,0.0065,0.0,ETH-27MAR20-440-C,237.29,114.95,0.006,360.0,0.008,375.0,121.25,0.07664,-0.15135,0.00945,0.00135,0.05464
242.06,ETH-27MAR20,1582714741161,open,0.01,2545.0,0.0045,0.035,0.01592,94.28,0.015,0.0,ETH-27MAR20-180-P,237.29,91.57,0.0145,240.0,0.0175,325.0,97.19,0.12917,-0.2038,-0.0247,0.00286,-0.10876
242.06,ETH-27MAR20,1582714741161,open,0.0,7272.0,0.0005,0.0105,0.000835,130.02,0.001,0.0,ETH-27MAR20-640-C,237.29,132.59,0.001,340.0,0.002,59.0,143.83,0.0145,-0.03155,0.00134,0.00023,0.00759
251.86,ETH-26JUN20,1582714741161,open,1.25,0.0,1.17,1.342,1.250757,96.67,None,0.0,ETH-26JUN20-560-P,237.29,0.0,0.01,50.0,0.0,0.0,0.0,0.29567,-0.11823,-1.77438,0.00146,-0.87661
242.06,ETH-27MAR20,1582714741161,open,1.31,0.0,1.2465,1.391,1.315424,127.0,None,0.0,ETH-27MAR20-560-P,237.29,0.0,0.02,50.0,0.0,0.0,0.0,0.02879,-0.06118,-0.45544,0.00047,-0.98328
242.06,ETH-27MAR20,1582714741161,open,0.0,2284.0,0.0005,0.014,0.004166,111.22,0.004,0.0,ETH-27MAR20-140-P,237.29,104.67,0.003,300.0,0.0055,565.0,117.53,0.0472,-0.08785,-0.00678,0.00088,-0.03006
251.86,ETH-26JUN20,1582714741161,open,0.25,920.0,0.204,0.299,0.252623,85.83,0.2655,0.0,ETH-26JUN20-220-C,237.29,79.27,0.2395,254.0,0.258,254.0,88.51,0.50489,-0.17924,0.3721,0.0028,0.69874
242.06,ETH-27MAR20,1582714741161,open,0.03,9799.0,0.008,0.053,0.026305,97.22,0.0275,0.0,ETH-27MAR20-320-C,237.29,95.55,0.025,360.0,0.028,512.0,99.36,0.19014,-0.30939,0.03316,0.00408,0.19367
251.86,ETH-26JUN20,1582714741161,open,0.69,0.0,0.6735,0.699,0.685678,103.29,None,0.0,ETH-26JUN20-80-C,237.29,0.0,0.61,1.0,0.0,0.0,0.0,0.04848,-0.02071,0.25134,0.00022,0.98701
251.86,ETH-26JUN20,1582714741161,open,0.15,916.0,0.1035,0.2025,0.15313,85.14,0.142,0.0,ETH-26JUN20-280-C,237.29,83.34,0.149,588.0,0.158,320.0,87.26,0.57798,-0.20355,0.2989,0.00323,0.51149
251.86,ETH-26JUN20,1582714741161,open,0.06,1753.0,0.0315,0.096,0.060603,85.8,0.06,0.0,ETH-26JUN20-180-P,237.29,81.32,0.054,286.0,0.063,300.0,87.39,0.37618,-0.1335,-0.1981,0.00209,-0.1769
251.86,ETH-26JUN20,1582714741161,open,0.02,3805.0,0.005,0.047,0.01997,100.29,0.03,0.0,ETH-26JUN20-640-C,237.29,97.03,0.017,610.0,0.022,310.0,102.37,0.23962,-0.0994,0.06025,0.00114,0.0922
242.06,ETH-27MAR20,1582714741161,open,0.0,2063.0,0.0005,0.012,0.00233,130.02,0.002,0.0,ETH-27MAR20-560-C,237.29,127.44,0.002,340.0,0.004,365.0,140.3,0.03251,-0.07073,0.00336,0.00052,0.01928
242.06,ETH-27MAR20,1582714741161,open,0.01,6185.0,0.0035,0.0365,0.015088,103.72,0.014,0.0,ETH-27MAR20-360-C,237.29,101.76,0.014,504.0,0.0165,565.0,106.18,0.13623,-0.23649,0.02023,0.00274,0.11719
242.06,ETH-27MAR20,1582714741161,open,0.0,1860.0,0.0005,0.0105,0.000355,120.35,0.001,0.0,ETH-27MAR20-100-P,237.29,0.0,0.0,0.0,0.0015,59.0,144.24,0.00648,-0.01305,-0.00068,0.00011,-0.00307
242.06,ETH-27MAR20,1582714741161,open,0.0,2324.0,0.0005,0.0105,3.4e-05,120.36,0.001,0.0,ETH-27MAR20-80-P,237.29,0.0,0.0,0.0,0.001,300.0,168.48,0.00089,-0.00179,-8e-05,2e-05,-0.00035
242.06,ETH-27MAR20,1582714741161,open,0.0,385.0,0.0005,0.0105,7e-06,120.37,0.0005,0.0,ETH-27MAR20-70-P,237.29,0.0,0.0,0.0,0.0005,190.0,172.64,0.00022,-0.00045,-2e-05,0.0,-8e-05
242.06,ETH-27MAR20,1582714741162,open,0.63,67.0,0.617,0.6395,0.628376,125.1,0.673,0.0,ETH-27MAR20-90-C,237.29,0.0,0.0,0.0,0.0,0.0,0.0,0.00363,-0.0076,0.07331,6e-05,0.99838
251.86,ETH-26JUN20,1582714741161,open,0.04,746.0,0.0155,0.078,0.041325,93.86,0.044,0.0,ETH-26JUN20-480-C,237.29,91.6,0.038,618.0,0.045,618.0,96.27,0.37733,-0.1465,0.1138,0.00191,0.17776
251.86,ETH-26JUN20,1582714741162,open,0.01,150.0,0.003,0.036,0.013685,101.47,0.0175,0.0,ETH-26JUN20-720-C,237.29,93.45,0.0085,300.0,0.0165,1.0,105.08,0.1858,-0.07799,0.04357,0.00087,0.06593
251.86,ETH-26JUN20,1582714741162,open,1.87,0.0,1.7795,1.977,1.872187,101.16,None,0.0,ETH-26JUN20-720-P,237.29,0.0,0.0,0.0,1.99,1.0,180.39,0.184,-0.077,-2.34132,0.00087,-0.93489
251.86,ETH-26JUN20,1582714741162,open,0.05,1237.0,0.0215,0.092,0.051999,92.36,0.054,0.0,ETH-26JUN20-440-C,237.29,89.96,0.048,614.0,0.056,614.0,94.7,0.42524,-0.16246,0.13723,0.00219,0.21653
251.86,ETH-26JUN20,1582714741162,open,0.76,42.0,0.7535,0.773,0.763056,111.01,0.7865,0.0,ETH-26JUN20-60-C,237.29,0.0,0.66,1.0,0.0,0.0,0.0,0.02155,-0.0099,0.19333,9e-05,0.99484
242.06,ETH-27MAR20,1582714741162,open,0.67,36.0,0.6595,0.6795,0.669592,130.19,0.702,0.0,ETH-27MAR20-80-C,237.29,0.0,0.0,0.0,0.0,0.0,0.0,0.00188,-0.0041,0.06531,3e-05,0.99921
251.86,ETH-26JUN20,1582714741162,open,0.01,886.0,0.003,0.0275,0.012753,91.46,0.0125,0.0,ETH-26JUN20-120-P,237.29,90.11,0.012,3.0,0.0135,5.0,92.76,0.14295,-0.05408,-0.05008,0.00074,-0.04728
251.86,ETH-26JUN20,1582714741162,open,0.21,652.0,0.16,0.2575,0.209642,83.4,0.22,0.0,ETH-26JUN20-240-C,237.29,80.34,0.203,578.0,0.216,320.0,86.34,0.54566,-0.18824,0.35332,0.00311,0.63325
251.86,ETH-26JUN20,1582714741162,open,0.07,5722.0,0.0325,0.113,0.069014,92.1,0.086,0.0,ETH-26JUN20-400-C,237.29,89.45,0.064,324.0,0.074,290.0,94.69,0.48071,-0.18314,0.16904,0.00248,0.27168
242.06,ETH-27MAR20,1582714741162,open,0.0,3014.0,0.0005,0.0175,0.0049,123.39,0.005,0.0,ETH-27MAR20-480-C,237.29,119.43,0.004,840.0,0.006,325.0,127.67,0.05843,-0.12066,0.00675,0.00099,0.03897
251.86,ETH-26JUN20,1582714741162,open,0.09,1945.0,0.0475,0.1365,0.089558,90.58,0.078,0.0,ETH-26JUN20-360-C,237.29,88.4,0.085,3.0,0.094,284.0,92.69,0.52836,-0.19797,0.20516,0.00278,0.33553
237.46,SYN.ETH-27FEB20,1582714741160,open,0.0,5.0,0.0005,0.0105,6e-06,111.37,0.002,0.0,ETH-27FEB20-285-C,237.29,0.0,0.0,0.0,0.0005,1.0,172.19,0.00019,-0.00152,0.0,0.00013,0.00045
251.86,ETH-26JUN20,1582714741162,open,1.56,0.0,1.474,1.6595,1.560862,100.08,None,0.0,ETH-26JUN20-640-P,237.29,0.0,0.01,50.0,0.0,0.0,0.0,0.23833,-0.09866,-2.05961,0.00113,-0.90847
251.86,ETH-26JUN20,1582714741162,open,0.0,1845.0,0.0005,0.011,0.001255,110.68,0.0025,0.0,ETH-26JUN20-60-P,237.29,98.79,0.0005,59.0,0.003,300.0,125.84,0.02124,-0.00972,-0.00528,9e-05,-0.00507
242.06,ETH-27MAR20,1582714741163,open,0.01,8224.0,0.0005,0.0195,0.00727,98.88,0.008,0.0,ETH-27MAR20-160-P,237.29,96.37,0.0065,540.0,0.008,51.0,101.15,0.07621,-0.12613,-0.01219,0.00161,-0.05426
251.86,ETH-26JUN20,1582714741163,open,0.4,395.0,0.3695,0.438,0.403691,87.08,0.439,0.0,ETH-26JUN20-160-C,237.29,64.03,0.38,27.0,0.435,27.0,111.61,0.29645,-0.10678,0.39406,0.00162,0.87614
251.86,ETH-26JUN20,1582714741163,open,0.29,2169.0,0.251,0.3395,0.296178,85.83,0.346,0.0,ETH-26JUN20-200-C,237.29,79.22,0.2845,251.0,0.302,251.0,89.09,0.4482,-0.15912,0.38879,0.00249,0.76231
251.86,ETH-26JUN20,1582714741163,open,0.03,1363.0,0.0085,0.0585,0.027476,96.82,0.029,0.0,ETH-26JUN20-560-C,237.29,94.67,0.025,620.0,0.03,320.0,98.92,0.29658,-0.11878,0.08045,0.00146,0.12393
242.06,ETH-27MAR20,1582714741163,open,0.0,915.0,0.0005,0.0125,0.002593,114.14,0.002,0.0,ETH-27MAR20-130-P,237.29,104.64,0.0015,540.0,0.004,82.0,123.25,0.03263,-0.06233,-0.00435,0.0006,-0.01937
251.86,ETH-26JUN20,1582714741163,open,0.47,471.0,0.4395,0.4965,0.467595,89.11,0.543,0.0,ETH-26JUN20-140-C,237.29,59.28,0.4485,28.0,0.494,28.0,115.74,0.21654,-0.07982,0.3769,0.00116,0.91948
251.86,ETH-26JUN20,1582714741163,open,0.34,2711.0,0.3055,0.385,0.345977,85.83,0.359,0.0,ETH-26JUN20-180-C,237.29,65.9,0.318,27.0,0.382,27.0,108.99,0.37625,-0.13359,0.39791,0.00209,0.82305
238.74,SYN.ETH-6MAR20,1582714741161,open,0.01,313.0,0.0005,0.0235,0.007139,93.07,0.0055,0.0,ETH-6MAR20-200-P,237.29,88.69,0.006,600.0,0.0085,338.0,97.93,0.06442,-0.33772,-0.00611,0.00499,-0.09808
242.06,ETH-27MAR20,1582714741163,open,1.15,0.0,1.086,1.2235,1.151802,128.18,None,0.0,ETH-27MAR20-520-P,237.29,0.0,0.006,50.0,0.0,0.0,0.0,0.04529,-0.09715,-0.42067,0.00074,-0.9714
237.62,SYN.ETH-28FEB20,1582714741162,open,0.0,4431.0,0.0005,0.0105,6e-06,106.57,0.001,0.0,ETH-28FEB20-310-C,237.29,0.0,0.0,0.0,0.0015,381.0,190.06,0.00018,-0.00131,0.0,6e-05,0.00029
251.86,ETH-26JUN20,1582714741164,open,1.09,0.0,1.019,1.1855,1.09745,94.89,None,0.0,ETH-26JUN20-520-P,237.29,0.0,0.01,50.0,0.0,0.0,0.0,0.33157,-0.13014,-1.62783,0.00166,-0.8542
237.46,SYN.ETH-27FEB20,1582714741160,open,0.0,104.0,0.0005,0.0175,0.001893,103.38,0.0005,0.0,ETH-27FEB20-255-C,237.29,78.59,0.0005,150.0,0.003,151.0,116.53,0.01785,-0.44941,0.00046,0.01277,0.08348
237.46,SYN.ETH-27FEB20,1582714741160,open,0.0,0.0,0.0005,0.0105,2e-06,111.37,None,0.0,ETH-27FEB20-290-C,237.29,0.0,0.0,0.0,0.0005,1.0,185.99,6e-05,-0.00043,0.0,4e-05,0.00014
238.74,SYN.ETH-6MAR20,1582714741163,open,0.01,15.0,0.0005,0.02,0.005221,98.65,0.016,0.0,ETH-6MAR20-300-C,237.29,95.41,0.0045,600.0,0.006,1.0,101.91,0.05513,-0.3064,0.00432,0.00403,0.07959
237.62,SYN.ETH-28FEB20,1582714741160,open,0.0,1458.0,0.0005,0.017,0.002388,116.27,0.003,0.0,ETH-28FEB20-210-P,237.29,105.16,0.0015,601.0,0.0035,390.0,127.53,0.02127,-0.56743,-0.00081,0.0063,-0.06373
237.62,SYN.ETH-28FEB20,1582714741161,open,0.0,2933.0,0.0005,0.0105,9e-06,117.43,0.0015,0.0,ETH-28FEB20-180-P,237.29,0.0,0.0,0.0,0.0015,385.0,206.22,0.00026,-0.00222,-1e-05,8e-05,-0.00042
259.42,SYN.ETH-25SEP20,1582714741161,open,0.03,36.0,0.0075,0.0595,0.026672,97.11,0.0265,0.0,ETH-25SEP20-880-C,237.29,91.3,0.0195,300.0,0.035,300.0,102.9,0.34714,-0.07956,0.11059,0.00092,0.10011
237.62,SYN.ETH-28FEB20,1582714741163,open,0.0,1848.0,0.0005,0.0105,0.0,118.21,0.0005,0.0,ETH-28FEB20-150-P,237.29,0.0,0.0,0.0,0.001,359.0,300.57,0.0,0.0,0.0,0.0,0.0
237.46,SYN.ETH-27FEB20,1582714741160,open,0.01,214.0,0.0005,0.041,0.013618,94.06,0.018,0.0,ETH-27FEB20-240-C,237.29,85.57,0.012,90.0,0.0175,90.0,114.26,0.04541,-2.13554,0.0023,0.03569,0.41765
237.46,SYN.ETH-27FEB20,1582714741160,open,0.03,0.0,0.001,0.0545,0.024495,97.05,None,0.0,ETH-27FEB20-235-C,237.29,86.5,0.0225,90.0,0.0285,90.0,118.07,0.04505,-2.18616,0.00326,0.03432,0.59594
259.42,SYN.ETH-25SEP20,1582714741162,open,0.23,932.0,0.169,0.2845,0.227587,85.51,0.232,0.0,ETH-25SEP20-280-C,237.29,83.29,0.221,487.0,0.234,220.0,87.66,0.77154,-0.15568,0.53458,0.00231,0.58259
259.42,SYN.ETH-25SEP20,1582714741162,open,0.04,15.0,0.0165,0.0855,0.044471,93.29,0.053,0.0,ETH-25SEP20-680-C,237.29,91.37,0.041,299.0,0.048,200.0,95.17,0.47807,-0.10525,0.17181,0.00131,0.15856
237.62,SYN.ETH-28FEB20,1582714741160,open,0.0,900.0,0.0005,0.0105,0.0,118.29,0.001,0.0,ETH-28FEB20-130-P,237.29,0.0,0.0,0.0,0.008,59.0,500.0,0.0,0.0,0.0,0.0,0.0
259.42,SYN.ETH-25SEP20,1582714741161,open,0.07,604.0,0.029,0.1135,0.065978,91.03,0.07,0.0,ETH-25SEP20-560-C,237.29,88.81,0.061,494.0,0.071,200.0,93.22,0.58952,-0.12665,0.2362,0.00166,0.22283
259.42,SYN.ETH-25SEP20,1582714741163,open,0.21,154.0,0.146,0.2625,0.203027,82.95,0.205,0.0,ETH-25SEP20-240-P,237.29,80.77,0.197,244.0,0.209,251.0,85.11,0.71604,-0.14016,-0.80312,0.00221,-0.3303
238.74,SYN.ETH-6MAR20,1582714741160,open,0.0,336.0,0.0005,0.0105,0.000633,117.44,0.0015,0.0,ETH-6MAR20-370-C,237.29,0.0,0.0,0.0,0.0015,5.0,131.68,0.01053,-0.06965,0.00058,0.00065,0.0107
237.62,SYN.ETH-28FEB20,1582714741161,open,0.0,388.0,0.0005,0.0105,0.0,106.64,0.001,0.0,ETH-28FEB20-330-C,237.29,0.0,0.0,0.0,0.0005,300.0,194.03,1e-05,-4e-05,0.0,0.0,1e-05
237.46,SYN.ETH-27FEB20,1582714741160,open,0.0,157.0,0.0005,0.0105,6.4e-05,111.36,0.0005,0.0,ETH-27FEB20-275-C,237.29,0.0,0.0,0.0,0.0005,1.0,143.28,0.00134,-0.01523,2e-05,0.00089,0.00387
237.62,SYN.ETH-28FEB20,1582714741161,open,0.41,141.0,0.393,0.4275,0.410829,205.82,0.479,0.0,ETH-28FEB20-140-C,237.29,0.0,0.3975,23.0,0.424,23.0,500.0,8e-05,-0.00461,0.00719,1e-05,0.99987
259.42,SYN.ETH-25SEP20,1582714741163,open,0.09,705.0,0.047,0.145,0.092051,90.48,0.106,0.0,ETH-25SEP20-480-C,237.29,89.69,0.09,2.0,0.094,210.0,91.22,0.67857,-0.14489,0.30087,0.00192,0.29185
259.42,SYN.ETH-25SEP20,1582714741161,open,0.7,1.0,0.6855,0.717,0.700366,95.87,0.684,0.0,ETH-25SEP20-80-C,237.29,0.0,0.62,1.0,0.0,0.0,0.0,0.11196,-0.02533,0.41493,0.0003,0.97591
237.62,SYN.ETH-28FEB20,1582714741161,open,0.0,838.0,0.0005,0.0105,0.0,118.3,0.001,0.0,ETH-28FEB20-110-P,237.29,0.0,0.0,0.0,0.008,59.0,500.0,0.0,0.0,0.0,0.0,0.0
259.42,SYN.ETH-25SEP20,1582714741161,open,0.01,417.0,0.0045,0.0295,0.014448,88.72,0.01,0.0,ETH-25SEP20-100-P,237.29,86.47,0.013,300.0,0.016,250.0,91.02,0.17105,-0.03581,-0.08231,0.00049,-0.04021
237.46,SYN.ETH-27FEB20,1582714741160,open,0.0,141.0,0.0005,0.0105,0.000181,111.35,0.0005,0.0,ETH-27FEB20-270-C,237.29,0.0,0.0,0.0,0.0045,300.0,198.37,0.00309,-0.04304,6e-05,0.00205,0.00998
259.42,SYN.ETH-25SEP20,1582714741161,open,0.05,1715.0,0.0195,0.0935,0.050452,92.61,0.062,0.0,ETH-25SEP20-640-C,237.29,90.31,0.046,298.0,0.055,200.0,94.87,0.51306,-0.11213,0.19048,0.00142,0.17694
237.62,SYN.ETH-28FEB20,1582714741160,open,0.66,1.0,0.653,0.673,0.663331,398.57,0.522,0.0,ETH-28FEB20-80-C,237.29,0.0,0.656,33.0,0.6705,33.0,500.0,3e-05,-0.00292,0.00411,0.0,0.99996
259.42,SYN.ETH-25SEP20,1582714741161,open,0.36,270.0,0.3035,0.4005,0.353029,83.51,0.42,0.0,ETH-25SEP20-200-C,237.29,81.78,0.349,378.0,0.364,120.0,88.2,0.60541,-0.11931,0.62244,0.00186,0.76637
259.42,SYN.ETH-25SEP20,1582714741160,open,0.17,595.0,0.111,0.2165,0.162127,83.52,0.128,0.0,ETH-25SEP20-220-P,237.29,80.95,0.1555,260.0,0.169,500.0,86.19,0.66752,-0.13157,-0.66867,0.00205,-0.28192
237.62,SYN.ETH-28FEB20,1582714741161,open,0.37,672.0,0.3495,0.387,0.368745,181.01,0.4295,0.0,ETH-28FEB20-150-C,237.29,0.0,0.3545,22.0,0.3825,22.0,500.0,0.0001,-0.00485,0.00771,2e-05,0.99985
237.62,SYN.ETH-28FEB20,1582714741161,open,0.0,2198.0,0.0005,0.0255,0.005551,103.68,0.002,0.0,ETH-28FEB20-220-P,237.29,96.88,0.0045,300.0,0.007,599.0,112.33,0.03818,-1.0552,-0.0018,0.01269,-0.14145
259.42,SYN.ETH-25SEP20,1582714741160,open,0.77,4.0,0.7625,0.7835,0.772376,100.22,0.782,0.0,ETH-25SEP20-60-C,237.29,71.73,0.769,1.0,0.7965,2.0,157.97,0.05608,-0.01326,0.32659,0.00014,0.98926
259.42,SYN.ETH-25SEP20,1582714741162,open,0.1,1067.0,0.054,0.1335,0.091405,83.85,0.07,0.0,ETH-25SEP20-180-P,237.29,81.69,0.087,281.0,0.096,240.0,86.09,0.52993,-0.10486,-0.41823,0.00162,-0.18633
259.42,SYN.ETH-25SEP20,1582714741161,open,0.28,168.0,0.2225,0.3305,0.277834,82.93,0.2765,0.0,ETH-25SEP20-240-C,237.29,81.91,0.275,482.0,0.29,220.0,87.35,0.71605,-0.14014,0.59007,0.00221,0.66969
259.42,SYN.ETH-25SEP20,1582714741163,open,0.15,704.0,0.0965,0.209,0.151566,87.01,0.218,0.0,ETH-25SEP20-360-C,237.29,85.15,0.146,487.0,0.157,210.0,88.82,0.77811,-0.15977,0.42729,0.00229,0.43532
237.62,SYN.ETH-28FEB20,1582714741163,open,0.29,1108.0,0.2625,0.3055,0.284579,136.08,0.368,0.0,ETH-28FEB20-170-C,237.29,0.0,0.268,20.0,0.3005,20.0,412.13,0.00016,-0.00575,0.00873,4e-05,0.99975
237.62,SYN.ETH-28FEB20,1582714741161,open,0.0,830.0,0.0005,0.0105,0.0,118.3,0.001,0.0,ETH-28FEB20-90-P,237.29,0.0,0.0,0.0,0.008,59.0,500.0,0.0,0.0,0.0,0.0,0.0
237.62,SYN.ETH-28FEB20,1582714741160,open,0.5,129.0,0.4795,0.5095,0.494996,260.28,0.5435,0.0,ETH-28FEB20-120-C,237.29,0.0,0.4835,26.0,0.506,26.0,500.0,6e-05,-0.00409,0.00617,1e-05,0.99991
237.62,SYN.ETH-28FEB20,1582714741160,open,0.0,404.0,0.0005,0.0105,0.0,118.3,0.001,0.0,ETH-28FEB20-100-P,237.29,0.0,0.0,0.0,0.008,59.0,500.0,0.0,0.0,0.0,0.0,0.0
259.42,SYN.ETH-25SEP20,1582714741161,open,0.11,389.0,0.057,0.159,0.105038,88.48,0.122,0.0,ETH-25SEP20-440-C,237.29,86.64,0.1,285.0,0.11,210.0,90.27,0.71362,-0.149,0.33505,0.00206,0.32754
237.62,SYN.ETH-28FEB20,1582714741160,open,0.0,784.0,0.0005,0.0105,1e-06,106.6,0.0005,0.0,ETH-28FEB20-320-C,237.29,0.0,0.0,0.0,0.0005,1.0,178.38,4e-05,-0.00024,0.0,1e-05,6e-05
237.62,SYN.ETH-28FEB20,1582714741161,open,0.0,2976.0,0.0005,0.0105,8.9e-05,117.02,0.0005,0.0,ETH-28FEB20-190-P,237.29,0.0,0.0,0.0,0.0015,383.0,171.64,0.00174,-0.02108,-4e-05,0.00051,-0.00338
238.74,SYN.ETH-6MAR20,1582714741162,open,0.0,36.0,0.0005,0.0115,0.00183,113.81,0.0005,0.0,ETH-6MAR20-340-C,237.29,104.03,0.001,300.0,0.003,300.0,123.61,0.02427,-0.15557,0.00155,0.00154,0.02849
237.62,SYN.ETH-28FEB20,1582714741160,open,0.0,1678.0,0.0005,0.0105,0.0,118.27,0.0005,0.0,ETH-28FEB20-140-P,237.29,0.0,0.0,0.0,0.001,359.0,340.58,0.0,0.0,0.0,0.0,0.0
237.62,SYN.ETH-28FEB20,1582714741162,open,0.0,1339.0,0.0005,0.0105,0.0,118.3,0.002,0.0,ETH-28FEB20-80-P,237.29,0.0,0.0,0.0,0.0005,59.0,500.0,0.0,0.0,0.0,0.0,0.0
259.42,SYN.ETH-25SEP20,1582714741161,open,0.19,412.0,0.1265,0.242,0.184084,86.02,0.265,0.0,ETH-25SEP20-320-C,237.29,84.02,0.178,493.0,0.19,220.0,87.97,0.78848,-0.16006,0.48019,0.00235,0.50297
237.62,SYN.ETH-28FEB20,1582714741160,open,0.0,1225.0,0.0005,0.0105,0.0,106.72,0.0005,0.0,ETH-28FEB20-360-C,237.29,0.0,0.0,0.0,0.0005,466.0,237.31,0.0,0.0,0.0,0.0,0.0
237.62,SYN.ETH-28FEB20,1582714741161,open,0.45,64.0,0.436,0.4685,0.452913,232.16,0.5165,0.0,ETH-28FEB20-130-C,237.29,0.0,0.4405,25.0,0.465,25.0,500.0,7e-05,-0.00436,0.00668,1e-05,0.9999
259.42,SYN.ETH-25SEP20,1582714741162,open,0.06,188.0,0.024,0.1035,0.057957,92.06,0.09,0.0,ETH-25SEP20-600-C,237.29,89.69,0.053,496.0,0.063,200.0,94.39,0.55186,-0.11989,0.21256,0.00153,0.19911
259.42,SYN.ETH-25SEP20,1582714741160,open,0.0,678.0,0.0005,0.0135,0.003674,100.26,0.0045,0.0,ETH-25SEP20-60-P,237.29,91.06,0.002,300.0,0.006,300.0,109.49,0.05617,-0.01329,-0.02174,0.00014,-0.01076
237.46,SYN.ETH-27FEB20,1582714741160,open,0.0,111.0,0.0005,0.0105,2.1e-05,111.37,0.0005,0.0,ETH-27FEB20-280-C,237.29,0.0,0.0,0.0,0.0005,1.0,157.96,0.00053,-0.00499,1e-05,0.00035,0.00138
259.42,SYN.ETH-25SEP20,1582714741160,open,0.5,17.0,0.4705,0.5365,0.503231,85.69,0.49,0.0,ETH-25SEP20-140-C,237.29,0.0,0.46,1.0,0.0,0.0,0.0,0.35151,-0.07108,0.59471,0.00105,0.89816
237.62,SYN.ETH-28FEB20,1582714741161,open,0.58,82.0,0.5665,0.591,0.579164,323.26,0.6285,0.0,ETH-28FEB20-100-C,237.29,0.0,0.5695,29.0,0.5885,29.0,500.0,4e-05,-0.00353,0.00514,0.0,0.99994
238.74,SYN.ETH-6MAR20,1582714741162,open,0.0,0.0,0.0005,0.012,0.002379,104.49,None,0.0,ETH-6MAR20-180-P,237.29,96.17,0.0015,600.0,0.0035,338.0,112.84,0.02862,-0.16846,-0.00216,0.00198,-0.03478
237.46,SYN.ETH-27FEB20,1582714741160,open,0.0,253.0,0.0005,0.0125,0.000787,103.69,0.0015,0.0,ETH-27FEB20-260-C,237.29,0.0,0.0,0.0,0.002,150.0,125.59,0.00986,-0.18682,0.00022,0.00703,0.0392
238.74,SYN.ETH-6MAR20,1582714741160,open,0.0,20.0,0.0005,0.011,0.001187,113.81,0.0005,0.0,ETH-6MAR20-350-C,237.29,101.65,0.0005,337.0,0.002,1.0,123.06,0.01755,-0.11249,0.00106,0.00111,0.01937
259.42,SYN.ETH-25SEP20,1582714741161,open,0.32,498.0,0.261,0.3645,0.314033,83.51,0.346,0.0,ETH-25SEP20-220-C,237.29,81.94,0.31,379.0,0.325,120.0,87.77,0.66753,-0.13155,0.60844,0.00205,0.71808
237.62,SYN.ETH-28FEB20,1582714741162,open,0.0,1683.0,0.0005,0.0105,2.7e-05,106.53,0.001,0.0,ETH-28FEB20-300-C,237.29,0.0,0.0,0.0,0.0015,375.0,170.73,0.00072,-0.00646,2e-05,0.00023,0.00129
237.62,SYN.ETH-28FEB20,1582714741162,open,0.0,1872.0,0.0005,0.0105,0.0,118.09,0.0005,0.0,ETH-28FEB20-160-P,237.29,0.0,0.0,0.0,0.001,359.0,262.87,0.0,0.0,0.0,0.0,0.0
237.62,SYN.ETH-28FEB20,1582714741163,open,0.0,1530.0,0.0005,0.022,0.004194,103.2,0.003,0.0,ETH-28FEB20-260-C,237.29,98.15,0.0035,300.0,0.005,101.0,108.65,0.03389,-0.93234,0.0014,0.01132,0.11908
259.42,SYN.ETH-25SEP20,1582714741163,open,0.4,176.0,0.3525,0.4405,0.39751,83.84,0.397,0.0,ETH-25SEP20-180-C,237.29,80.14,0.39,120.0,0.422,120.0,95.67,0.52991,-0.10484,0.6267,0.00162,0.81368
259.42,SYN.ETH-25SEP20,1582714741162,open,0.01,500.0,0.0005,0.0195,0.008764,95.89,0.008,0.0,ETH-25SEP20-80-P,237.29,88.85,0.006,300.0,0.012,300.0,102.79,0.11204,-0.02536,-0.0495,0.0003,-0.02411
237.62,SYN.ETH-28FEB20,1582714741161,open,0.0,623.0,0.0005,0.0105,0.0,106.67,0.001,0.0,ETH-28FEB20-340-C,237.29,0.0,0.0,0.0,0.0005,356.0,209.03,0.0,-1e-05,0.0,0.0,0.0
259.42,SYN.ETH-25SEP20,1582714741162,open,0.13,409.0,0.0795,0.1725,0.124023,83.52,0.09,0.0,ETH-25SEP20-200-P,237.29,80.94,0.118,271.0,0.13,511.0,86.08,0.60541,-0.11933,-0.53858,0.00186,-0.23363
237.62,SYN.ETH-28FEB20,1582714741163,open,0.62,20.0,0.61,0.632,0.621247,359.04,0.328,0.0,ETH-28FEB20-90-C,237.29,0.0,0.6125,31.0,0.6295,31.0,500.0,3e-05,-0.00323,0.00462,0.0,0.99995
259.42,SYN.ETH-25SEP20,1582714741161,open,0.04,637.0,0.0205,0.0715,0.042927,85.71,0.042,0.0,ETH-25SEP20-140-P,237.29,83.53,0.04,298.0,0.046,250.0,87.96,0.35156,-0.07111,-0.21803,0.00105,-0.10186
238.74,SYN.ETH-6MAR20,1582714741163,open,0.0,553.0,0.0005,0.0105,0.000968,117.43,0.0015,0.0,ETH-6MAR20-360-C,237.29,108.03,0.0005,38.0,0.002,1.0,130.38,0.01468,-0.09709,0.00086,0.0009,0.01572
238.74,SYN.ETH-6MAR20,1582714741161,open,0.0,8.0,0.0005,0.0165,0.004104,98.35,0.0035,0.0,ETH-6MAR20-190-P,237.29,91.82,0.003,600.0,0.0055,338.0,105.44,0.04361,-0.24162,-0.00365,0.0032,-0.05873
237.62,SYN.ETH-28FEB20,1582714741162,open,0.54,75.0,0.523,0.5505,0.53708,290.51,0.5815,0.0,ETH-28FEB20-110-C,237.29,0.0,0.5265,28.0,0.547,28.0,500.0,5e-05,-0.00382,0.00565,1e-05,0.99993
259.42,SYN.ETH-25SEP20,1582714741161,open,0.56,0.0,0.5375,0.591,0.563831,87.12,0.359,0.0,ETH-25SEP20-120-C,237.29,0.0,0.537,1.0,0.0,0.0,0.0,0.25855,-0.05316,0.5549,0.00076,0.93233
259.42,SYN.ETH-25SEP20,1582714741161,open,0.03,233.0,0.011,0.048,0.026428,87.14,0.03,0.0,ETH-25SEP20-120-P,237.29,84.66,0.024,300.0,0.029,250.0,89.67,0.25862,-0.05318,-0.14174,0.00076,-0.0677
259.42,SYN.ETH-25SEP20,1582714741163,open,0.03,165.0,0.0105,0.069,0.032662,95.96,0.037,0.0,ETH-25SEP20-800-C,237.29,90.59,0.025,300.0,0.0415,300.0,101.41,0.39541,-0.08954,0.13154,0.00105,0.12002
259.42,SYN.ETH-25SEP20,1582714741161,open,0.04,34.0,0.0135,0.0785,0.039457,93.96,0.0645,0.0,ETH-25SEP20-720-C,237.29,91.91,0.036,300.0,0.043,200.0,95.98,0.44579,-0.09885,0.15557,0.00121,0.14276
259.42,SYN.ETH-25SEP20,1582714741160,open,0.04,28.0,0.0115,0.073,0.035443,94.76,0.052,0.0,ETH-25SEP20-760-C,237.29,92.57,0.032,300.0,0.039,200.0,96.92,0.41742,-0.09334,0.14192,0.00113,0.12969
237.62,SYN.ETH-28FEB20,1582714741161,open,0.0,930.0,0.0005,0.0105,0.0,118.29,0.001,0.0,ETH-28FEB20-120-P,237.29,0.0,0.0,0.0,0.008,59.0,500.0,0.0,0.0,0.0,0.0,0.0
259.42,SYN.ETH-25SEP20,1582714741163,open,0.03,0.0,0.009,0.064,0.029461,96.55,None,0.0,ETH-25SEP20-840-C,237.29,90.92,0.022,300.0,0.038,300.0,102.15,0.37031,-0.08437,0.12045,0.00098,0.10945
237.62,SYN.ETH-28FEB20,1582714741161,open,0.0,197.0,0.0005,0.0105,0.0,106.7,0.0015,0.0,ETH-28FEB20-350-C,237.29,0.0,0.0,0.0,0.0005,256.0,223.44,0.0,0.0,0.0,0.0,0.0
237.62,SYN.ETH-28FEB20,1582714741160,open,0.0,1234.0,0.0005,0.0105,1e-06,117.82,0.0005,0.0,ETH-28FEB20-170-P,237.29,0.0,0.0,0.0,0.0005,59.0,205.92,2e-05,-0.00014,0.0,1e-05,-3e-05
237.62,SYN.ETH-28FEB20,1582714741161,open,0.0,4512.0,0.0005,0.0105,0.000465,106.43,0.002,0.0,ETH-28FEB20-280-C,237.29,0.0,0.0,0.0,0.002,600.0,135.82,0.00729,-0.1104,0.00021,0.00236,0.01731
238.74,SYN.ETH-6MAR20,1582714741412,open,0.02,391.0,0.0045,0.049,0.022179,87.66,0.023,0.0,ETH-6MAR20-220-P,237.29,82.22,0.0195,520.0,0.0235,240.0,90.3,0.11895,-0.58744,-0.01595,0.00979,-0.25259
9177.76,SYN.BTC-28FEB20,1582714741617,open,0.0,2192.1,0.0005,0.0115,0.00130629,74.87,0.0015,0.0,BTC-28FEB20-10000-C,9165.47,62.56,0.0005,85.3,0.0015,30.0,77.12,0.76325,-11.98878,0.02674,0.00024,0.05801
9601.26,BTC-26JUN20,1582714741861,open,1.73,0.0,1.6565,1.7815,1.7141537,85.28,None,0.0,BTC-26JUN20-26000-P,9165.47,0.0,0.0,0.0,0.0,0.0,0.0,4.48377,-1.5816,-85.11812,2e-05,-0.96284
9343.51,BTC-27MAR20,1582714741861,open,0.41,22.4,0.4,0.4275,0.4128776,90.91,0.4285,0.0,BTC-27MAR20-5500-C,9165.47,0.0,0.0,0.0,0.0,0.0,0.0,1.01803,-1.54893,4.37471,2e-05,0.9849
9343.51,BTC-27MAR20,1582714741861,open,0.2,10.3,0.186,0.2295,0.20661423,64.28,0.251,0.0,BTC-27MAR20-7500-C,9165.47,50.78,0.201,6.5,0.2085,1.5,67.92,4.65834,-5.01134,5.31021,0.0001,0.90096
9601.26,BTC-26JUN20,1582714741861,open,0.04,758.0,0.0225,0.081,0.04530133,70.11,0.047,0.0,BTC-26JUN20-14000-C,9165.47,69.36,0.044,4.0,0.047,23.2,71.07,16.84763,-4.88562,5.9277,8e-05,0.23173
9860.33,SYN.BTC-25SEP20,1582714741861,open,0.02,439.5,0.007,0.034,0.01651484,68.53,0.017,0.0,BTC-25SEP20-5000-P,9165.47,67.96,0.016,0.3,0.017,30.0,69.07,8.85404,-1.43196,-4.33301,2e-05,-0.05919
9177.76,SYN.BTC-28FEB20,1582714741861,open,0.15,276.5,0.122,0.169,0.14421957,77.44,0.14,0.0,BTC-28FEB20-10500-P,9165.47,0.0,0.066,5.0,0.1815,5.0,301.41,0.14853,-3.06632,-0.53575,4e-05,-0.99173
9219.43,SYN.BTC-6MAR20,1582714741861,open,0.0,151.2,0.0005,0.0105,0.00091582,80.38,0.0015,0.0,BTC-6MAR20-12000-C,9165.47,73.92,0.0005,55.4,0.0015,50.0,86.75,0.71544,-3.23949,0.04426,4e-05,0.02066
9219.43,SYN.BTC-6MAR20,1582714741861,open,0.23,0.0,0.197,0.252,0.22225704,72.79,None,0.0,BTC-6MAR20-11250-P,9165.47,0.0,0.0,0.0,0.0,0.0,0.0,1.35932,-5.57405,-2.63959,9e-05,-0.95514
9177.76,SYN.BTC-28FEB20,1582714741861,open,0.0,671.1,0.0005,0.0105,2e-08,103.4,0.001,0.0,BTC-28FEB20-6500-P,9165.47,0.0,0.0,0.0,0.0005,31.0,211.45,4e-05,-0.00018,0.0,0.0,0.0
9601.26,BTC-26JUN20,1582714741864,open,0.07,447.1,0.04,0.1005,0.06563582,63.58,0.066,0.0,BTC-26JUN20-8000-P,9165.47,62.4,0.0635,4.0,0.066,20.3,63.78,17.47338,-4.5954,-9.96424,9e-05,-0.24774
9343.51,BTC-27MAR20,1582714741864,open,0.0,2162.2,0.0005,0.016,0.00451896,80.66,0.0045,0.0,BTC-27MAR20-14000-C,9165.47,78.86,0.004,24.0,0.005,64.2,82.22,2.79277,-3.76993,0.35407,5e-05,0.05082
9343.51,BTC-27MAR20,1582714741864,open,0.0,334.1,0.0005,0.0105,0.00032906,106.17,0.0005,0.0,BTC-27MAR20-22000-C,9165.47,0.0,0.0,0.0,0.001,64.1,119.19,0.30394,-0.54004,0.0267,0.0,0.00382
9343.51,BTC-27MAR20,1582714741864,open,2.66,0.0,2.5675,2.7125,2.6384003,0.0,None,0.0,BTC-27MAR20-34000-P,9165.47,0.0,0.0005,1.0,0.0,0.0,0.0,0.0,0.0,-27.82941,0.0,-1.0
9343.51,BTC-27MAR20,1582714741864,open,0.16,858.3,0.137,0.185,0.15992818,60.5,0.1545,0.0,BTC-27MAR20-8000-C,9165.47,57.7,0.158,0.1,0.1605,0.3,61.3,6.57507,-6.65702,5.1805,0.00015,0.83731
9343.51,BTC-27MAR20,1582714741864,open,1.58,0.0,1.5185,1.6205,1.56841269,0.0,None,0.0,BTC-27MAR20-24000-P,9165.47,0.0,0.0,0.0,0.0,0.0,0.0,0.0,0.0,-19.64429,0.0,-1.0
9343.51,BTC-27MAR20,1582714741864,open,0.0,1389.6,0.0005,0.0105,4.347e-05,94.97,0.0005,0.0,BTC-27MAR20-4000-P,9165.47,0.0,0.0,0.0,0.0005,9.9,120.4,0.05282,-0.08396,-0.00462,0.0,-0.00056
9601.26,BTC-26JUN20,1582714741864,open,0.3,125.2,0.278,0.335,0.304319,63.73,0.343,0.0,BTC-26JUN20-7000-C,9165.47,47.34,0.285,6.1,0.3105,22.5,68.27,12.76926,-3.36638,17.41321,7e-05,0.85197
9343.51,BTC-27MAR20,1582714741864,open,0.3,0.0,0.2915,0.327,0.30816136,77.13,None,0.0,BTC-27MAR20-6500-C,9165.47,0.0,0.2925,5.0,0.3225,5.0,114.24,2.28695,-2.95209,4.98783,4e-05,0.96035
9343.51,BTC-27MAR20,1582714741864,open,0.0,532.1,0.0005,0.0105,0.0007191,94.96,0.0005,0.0,BTC-27MAR20-5000-P,9165.47,90.74,0.0005,39.0,0.001,24.3,99.23,0.54697,-0.86925,-0.06208,1e-05,-0.0074
9343.51,BTC-27MAR20,1582714741864,open,0.01,1556.6,0.0005,0.017,0.00579454,70.07,0.0055,0.0,BTC-27MAR20-7000-P,9165.47,69.21,0.0055,0.1,0.006,24.0,70.65,3.25415,-3.81602,-0.51609,6e-05,-0.06169
9343.51,BTC-27MAR20,1582714741864,open,0.02,1683.2,0.006,0.034,0.01602888,60.34,0.017,0.0,BTC-27MAR20-8000-P,9165.47,58.86,0.015,68.2,0.017,58.2,61.71,6.56165,-6.62648,-1.36287,0.00015,-0.16218
9219.43,SYN.BTC-6MAR20,1582714741864,open,0.11,0.0,0.0895,0.134,0.11111495,62.91,None,0.0,BTC-6MAR20-8250-C,9165.47,0.0,0.0,0.0,0.0,0.0,0.0,2.85378,-10.11372,1.72668,0.00022,0.88131
9177.76,SYN.BTC-28FEB20,1582714741864,open,0.0,586.6,0.0005,0.0105,2.5e-07,76.26,0.001,0.0,BTC-28FEB20-11500-C,9165.47,0.0,0.0,0.0,0.0005,30.1,140.82,0.00059,-0.00228,1e-05,0.0,2e-05
9219.43,SYN.BTC-6MAR20,1582714741864,open,0.08,0.0,0.065,0.1115,0.08727533,59.24,None,0.0,BTC-6MAR20-8500-C,9165.47,46.12,0.0825,40.0,0.0,0.0,0.0,3.73673,-12.47005,1.64873,0.00031,0.8227
9219.43,SYN.BTC-6MAR20,1582714741864,open,0.0,86.2,0.0005,0.011,0.00145302,74.76,0.0025,0.0,BTC-6MAR20-11500-C,9165.47,70.37,0.001,30.0,0.002,50.0,79.07,1.06007,-4.46475,0.07087,7e-05,0.03306
9219.43,SYN.BTC-6MAR20,1582714741864,open,0.17,0.0,0.1445,0.199,0.16954631,66.98,None,0.0,BTC-6MAR20-10750-P,9165.47,0.0,0.1035,5.0,0.209,5.0,157.94,2.09765,-7.91469,-2.44702,0.00015,-0.92195
9177.76,SYN.BTC-28FEB20,1582714741864,open,0.0,940.7,0.0005,0.0105,0.0,80.5,0.0005,0.0,BTC-28FEB20-13000-C,9165.47,0.0,0.0,0.0,0.0005,86.1,203.97,0.0,0.0,0.0,0.0,0.0
9177.76,SYN.BTC-28FEB20,1582714741864,open,0.0,278.7,0.0005,0.0105,0.0,103.78,0.001,0.0,BTC-28FEB20-5500-P,9165.47,0.0,0.0,0.0,0.0005,30.2,301.72,0.0,0.0,0.0,0.0,0.0
9177.76,SYN.BTC-28FEB20,1582714741864,open,0.23,0.0,0.202,0.2515,0.22582428,96.44,None,0.0,BTC-28FEB20-11250-P,9165.47,0.0,0.1475,5.0,0.263,5.0,370.16,0.038,-0.97689,-0.57729,1e-05,-0.99819
9860.33,SYN.BTC-25SEP20,1582714741864,open,0.02,106.1,0.009,0.0555,0.02416227,76.38,0.0245,0.0,BTC-25SEP20-24000-C,9165.47,75.54,0.023,26.0,0.0255,36.0,77.31,13.93338,-2.51136,4.79389,3e-05,0.10792
9177.76,SYN.BTC-28FEB20,1582714741864,open,0.26,0.3,0.2285,0.2795,0.25306378,105.72,0.1175,0.0,BTC-28FEB20-11500-P,9165.47,0.0,0.1745,5.0,0.29,5.0,390.07,0.035,-0.98629,-0.59021,1e-05,-0.99835
9601.26,BTC-26JUN20,1582714741866,open,0.48,14.3,0.472,0.5055,0.48675829,72.56,0.518,0.0,BTC-26JUN20-5000-C,9165.47,0.0,0.479,0.1,0.0,0.0,0.0,4.59086,-1.37785,15.10296,2e-05,0.96175
9177.76,SYN.BTC-28FEB20,1582714741864,open,0.0,121.1,0.0005,0.0105,1.27e-06,75.74,0.0005,0.0,BTC-28FEB20-11250-C,9165.47,0.0,0.0,0.0,0.0005,49.1,129.08,0.00257,-0.01162,5e-05,0.0,0.0001
9219.43,SYN.BTC-6MAR20,1582714741866,open,0.0,80.7,0.0005,0.012,0.00201814,78.0,0.002,0.0,BTC-6MAR20-7500-P,9165.47,73.76,0.0015,88.8,0.0025,32.5,81.42,1.22348,-5.37599,-0.09283,8e-05,-0.03939
9860.33,SYN.BTC-25SEP20,1582714741866,open,0.05,148.5,0.0245,0.0915,0.05034754,72.2,0.048,0.0,BTC-25SEP20-18000-C,9165.47,71.35,0.0485,4.9,0.052,18.8,72.96,21.43126,-3.65173,8.93192,5e-05,0.2064
9343.51,BTC-27MAR20,1582714741871,open,0.0,154.1,0.0005,0.0105,8.55e-06,106.8,0.0005,0.0,BTC-27MAR20-30000-C,9165.47,0.0,0.0,0.0,0.0085,15.0,203.56,0.01292,-0.0231,0.00088,0.0,0.00012
9601.26,BTC-26JUN20,1582714741871,open,0.0,457.2,0.0005,0.013,0.00347751,81.14,0.0035,0.0,BTC-26JUN20-4000-P,9165.47,79.13,0.003,0.2,0.004,37.0,83.15,2.38587,-0.80074,-0.66647,1e-05,-0.01748
9343.51,BTC-27MAR20,1582714741871,open,2.44,0.0,2.3575,2.494,2.42437889,0.0,None,0.0,BTC-27MAR20-32000-P,9165.47,0.0,0.0005,1.0,0.0,0.0,0.0,0.0,0.0,-26.19239,0.0,-1.0
9343.51,BTC-27MAR20,1582714741871,open,0.0,1623.9,0.0005,0.012,0.00239128,83.64,0.002,0.0,BTC-27MAR20-6000-P,9165.47,81.12,0.002,24.0,0.003,64.6,87.11,1.52963,-2.14106,-0.20472,3e-05,-0.02438
9219.43,SYN.BTC-6MAR20,1582714741871,open,0.15,0.0,0.1185,0.172,0.14337795,62.81,None,0.0,BTC-6MAR20-10500-P,9165.47,0.0,0.0775,5.0,0.183,5.0,148.35,2.5312,-8.95551,-2.33814,0.00019,-0.89956
9177.76,SYN.BTC-28FEB20,1582714741871,open,0.0,309.6,0.0005,0.0105,0.0,103.68,0.0005,0.0,BTC-28FEB20-6000-P,9165.47,0.0,0.0,0.0,0.0005,30.2,254.93,0.0,0.0,0.0,0.0,0.0
9177.76,SYN.BTC-28FEB20,1582714741871,open,0.34,10.1,0.333,0.359,0.34622772,0.0,0.3835,0.0,BTC-28FEB20-6000-C,9165.47,0.0,0.3375,7.0,0.357,7.0,443.85,0.0,0.0,0.30833,0.0,1.0
9860.33,SYN.BTC-25SEP20,1582714741873,open,0.6,700.1,0.5895,0.6185,0.60205783,73.26,0.654,0.0,BTC-25SEP20-4000-C,9165.47,0.0,0.0,0.0,0.0,0.0,0.0,4.97209,-0.85963,21.11637,1e-05,0.97098
9860.33,SYN.BTC-25SEP20,1582714741873,open,0.04,206.6,0.0165,0.075,0.03774397,73.24,0.0385,0.0,BTC-25SEP20-20000-C,9165.47,72.84,0.037,5.2,0.0385,0.2,73.64,18.38921,-3.17832,7.08243,4e-05,0.16148
9601.26,BTC-26JUN20,1582714741882,open,1.31,0.0,1.25,1.3645,1.3018377,81.09,None,0.0,BTC-26JUN20-22000-P,9165.47,0.0,0.001,2.0,0.0,0.0,0.0,6.69901,-2.24715,-71.23824,3e-05,-0.93863
9601.26,BTC-26JUN20,1582714741882,open,0.9,1.0,0.8465,0.952,0.89371619,75.14,0.9,0.0,BTC-26JUN20-18000-P,9165.47,0.0,0.001,2.0,0.0,0.0,0.0,10.25432,-3.18735,-56.7784,4e-05,-0.89198
9177.76,SYN.BTC-28FEB20,1582714741882,open,0.0,819.3,0.0005,0.0105,1.78e-06,102.57,0.0005,0.0,BTC-28FEB20-7000-P,9165.47,0.0,0.0,0.0,0.0005,31.0,170.62,0.00259,-0.01633,-5e-05,0.0,-0.0001
9860.33,SYN.BTC-25SEP20,1582714741882,open,0.01,334.7,0.002,0.034,0.01173239,81.14,0.0125,0.0,BTC-25SEP20-32000-C,9165.47,80.26,0.011,20.0,0.0125,17.0,82.02,8.39746,-1.60794,2.4958,2e-05,0.05534
9177.76,SYN.BTC-28FEB20,1582714741882,open,0.13,249.8,0.111,0.149,0.1289051,96.69,0.16,0.0,BTC-28FEB20-8000-C,9165.47,0.0,0.116,5.0,0.145,5.0,226.02,0.34392,-8.86461,0.40051,8e-05,0.9781
9601.26,BTC-26JUN20,1582714741884,open,0.69,34.7,0.6785,0.698,0.68849619,87.27,0.708,0.0,BTC-26JUN20-3000-C,9165.47,0.0,0.0,0.0,0.0,0.0,0.0,0.81654,-0.29477,9.7417,0.0,0.99488
9177.76,SYN.BTC-28FEB20,1582714741884,open,0.45,1.6,0.4445,0.4655,0.45518977,0.0,0.486,0.0,BTC-28FEB20-5000-C,9165.47,0.0,0.4475,8.0,0.464,8.0,500.0,0.0,0.0,0.25694,0.0,1.0
9860.33,SYN.BTC-25SEP20,1582714741884,open,0.28,74.6,0.2495,0.328,0.28567303,64.61,0.2865,0.0,BTC-25SEP20-8000-C,9165.47,62.27,0.28,10.2,0.2875,15.2,65.36,23.9313,-3.64876,26.51085,7e-05,0.74885
9343.51,BTC-27MAR20,1582714741886,open,0.02,1118.8,0.0075,0.0415,0.02020639,63.99,0.021,0.0,BTC-27MAR20-11000-C,9165.47,63.13,0.0195,23.2,0.021,43.5,64.94,7.7436,-8.29238,1.46559,0.00017,0.21184
9343.51,BTC-27MAR20,1582714741886,open,0.0,2211.5,0.0005,0.012,0.00224439,90.08,0.003,0.0,BTC-27MAR20-16000-C,9165.47,88.57,0.002,24.0,0.0025,40.0,91.55,1.56707,-2.36241,0.17472,2e-05,0.02509
9601.26,BTC-26JUN20,1582714741886,open,0.17,915.5,0.131,0.217,0.1698105,63.57,0.171,0.0,BTC-26JUN20-10000-P,9165.47,62.99,0.1685,3.6,0.1705,4.0,63.87,21.98599,-5.78106,-20.38906,0.00011,-0.47143
9177.76,SYN.BTC-28FEB20,1582714741886,open,0.0,1574.0,0.0005,0.0155,0.00238268,80.58,0.0025,0.0,BTC-28FEB20-8500-P,9165.47,77.08,0.002,60.0,0.003,47.3,85.72,1.04525,-21.86764,-0.04234,0.0003,-0.08739
9219.43,SYN.BTC-6MAR20,1582714741886,open,0.31,0.0,0.2765,0.3325,0.30255487,80.88,None,0.0,BTC-6MAR20-12000-P,9165.47,0.0,0.0,0.0,0.0,0.0,0.0,0.73525,-3.34999,-2.87235,4e-05,-0.97866
9177.76,SYN.BTC-28FEB20,1582714741886,open,0.2,24.1,0.1755,0.224,0.19858882,87.69,0.137,0.0,BTC-28FEB20-11000-P,9165.47,0.0,0.1205,5.0,0.236,5.0,349.19,0.04525,-1.0577,-0.56426,1e-05,-0.99781
9177.76,SYN.BTC-28FEB20,1582714741886,open,0.29,32.5,0.2775,0.3055,0.29174672,0.0,0.323,0.0,BTC-28FEB20-6500-C,9165.47,0.0,0.282,6.0,0.3035,6.0,385.54,0.0,0.0,0.33403,0.0,1.0
9219.43,SYN.BTC-6MAR20,1582714741886,open,0.03,69.2,0.016,0.06,0.03286911,55.39,0.0315,0.0,BTC-6MAR20-9250-C,9165.47,54.79,0.0325,22.0,0.0345,27.2,58.01,5.7354,-17.89475,1.05159,0.0005,0.50193
9601.26,BTC-26JUN20,1582714741893,open,0.0,330.7,0.0005,0.0105,0.00090756,86.7,0.001,0.0,BTC-26JUN20-3000-P,9165.47,80.68,0.0005,66.0,0.0015,26.7,92.73,0.78849,-0.28279,-0.18551,0.0,-0.00493
9343.51,BTC-27MAR20,1582714741893,open,0.94,0.0,0.889,0.9715,0.92765443,97.22,1.23,0.0,BTC-27MAR20-18000-P,9165.47,0.0,0.0125,1.0,0.0,0.0,0.0,0.91055,-1.4815,-14.64083,1e-05,-0.98674
9219.43,SYN.BTC-6MAR20,1582714741893,open,0.2,0.0,0.1705,0.225,0.19565064,69.24,None,0.0,BTC-6MAR20-11000-P,9165.47,0.0,0.1295,5.0,0.235,5.0,166.8,1.64251,-6.40685,-2.55297,0.00011,-0.94311
9343.51,BTC-27MAR20,1582714741895,open,0.0,221.1,0.0005,0.0105,1.49e-06,106.88,0.0005,0.0,BTC-27MAR20-34000-C,9165.48,0.0,0.0,0.0,0.0005,40.0,157.18,0.00268,-0.0048,0.00017,0.0,2e-05
9343.51,BTC-27MAR20,1582714741895,open,3.31,1.4,3.197,3.368,3.28046931,0.0,3.0435,0.0,BTC-27MAR20-40000-P,9165.48,0.0,0.0005,1.0,0.0,0.0,0.0,0.0,0.0,-32.74049,0.0,-1.0
9601.26,BTC-26JUN20,1582714741895,open,0.01,589.7,0.0005,0.0255,0.00823067,83.77,0.008,0.0,BTC-26JUN20-24000-C,9165.48,82.48,0.0075,25.0,0.009,47.5,85.07,5.56407,-1.92813,1.28128,2e-05,0.04853
9343.51,BTC-27MAR20,1582714741895,open,0.0,898.4,0.0005,0.0105,1.2e-07,106.96,0.0005,0.0,BTC-27MAR20-40000-C,9165.48,0.0,0.0,0.0,0.0005,40.1,173.85,0.00027,-0.00049,2e-05,0.0,0.0
9601.27,BTC-26JUN20,1582714741895,open,0.02,585.4,0.0065,0.045,0.01924588,75.41,0.02,0.0,BTC-26JUN20-18000-C,9165.48,74.71,0.0185,31.0,0.02,0.6,76.1,10.32879,-3.22179,2.85724,4e-05,0.10911
9601.27,BTC-26JUN20,1582714741895,open,0.33,154.8,0.2795,0.378,0.32433571,66.98,0.3355,0.0,BTC-26JUN20-12000-P,9165.48,0.0,0.005,0.7,0.3355,0.9,72.16,20.46093,-5.66859,-30.98691,0.0001,-0.65021
9601.27,BTC-26JUN20,1582714741895,open,1.52,0.0,1.453,1.5725,1.50761364,83.28,None,0.0,BTC-26JUN20-24000-P,9165.48,0.0,0.0,0.0,0.0,0.0,0.0,5.4464,-1.8761,-78.23018,2e-05,-0.95275
9601.27,BTC-26JUN20,1582714741895,open,0.01,212.7,0.001,0.0305,0.01073665,81.47,0.0095,0.0,BTC-26JUN20-22000-C,9165.48,80.41,0.01,25.4,0.0115,47.4,82.53,6.79562,-2.29015,1.64605,3e-05,0.06251
9601.27,BTC-26JUN20,1582714741895,open,0.0,651.6,0.0005,0.0145,0.00347616,91.21,0.0035,0.0,BTC-26JUN20-32000-C,9165.48,89.49,0.003,25.0,0.004,6.0,92.92,2.80159,-1.05698,0.561,1e-05,0.02112
9601.27,BTC-26JUN20,1582714741895,open,0.58,21.6,0.576,0.6005,0.58691368,81.33,0.612,0.0,BTC-26JUN20-4000-C,9165.48,0.0,0.0,0.0,0.0,0.0,0.0,2.40535,-0.80918,12.57334,1e-05,0.98235
9343.52,BTC-27MAR20,1582714741895,open,0.0,267.1,0.0005,0.0105,3.54e-06,106.84,0.0005,0.0,BTC-27MAR20-32000-C,9165.48,0.0,0.0,0.0,0.0005,2.3,150.88,0.00586,-0.01048,0.00038,0.0,5e-05
9343.52,BTC-27MAR20,1582714741895,open,0.0,527.6,0.0005,0.0105,5.214e-05,106.65,0.0005,0.0,BTC-27MAR20-26000-C,9165.48,0.0,0.0,0.0,0.0085,15.0,184.29,0.06342,-0.1132,0.00483,0.0,0.00068
9601.27,BTC-26JUN20,1582714741895,open,0.02,650.9,0.006,0.034,0.0159826,66.71,0.0155,0.0,BTC-26JUN20-6000-P,9165.48,65.53,0.015,31.0,0.017,41.2,67.9,8.08185,-2.23016,-2.9979,4e-05,-0.0783
9171.81,SYN.BTC-27FEB20,1582714741895,open,0.0,66.5,0.0005,0.0105,1.165e-05,66.56,0.0005,0.0,BTC-27FEB20-10125-C,9165.48,0.0,0.0,0.0,0.0005,30.0,102.97,0.01895,-0.10686,0.00028,1e-05,0.00128
9343.52,BTC-27MAR20,1582714741895,open,0.51,68.6,0.4705,0.5405,0.50273911,80.17,0.435,0.0,BTC-27MAR20-14000-P,9165.48,0.0,0.4415,5.0,0.547,5.0,150.61,2.74113,-3.67783,-11.11299,5e-05,-0.95036
9343.52,BTC-27MAR20,1582714741897,open,1.15,5.3,1.0985,1.188,1.14105015,100.58,0.907,0.0,BTC-27MAR20-20000-P,9165.48,0.0,0.0005,1.0,0.0,0.0,0.0,0.46746,-0.78686,-16.32693,1e-05,-0.99381
9601.27,BTC-26JUN20,1582714741896,open,0.03,478.4,0.012,0.0595,0.02905641,73.02,0.03,0.0,BTC-26JUN20-16000-C,9165.48,72.26,0.028,4.9,0.0305,33.6,74.06,13.30053,-4.01757,4.08117,6e-05,0.15741
9343.52,BTC-27MAR20,1582714741896,open,0.0,242.0,0.0005,0.0105,2.097e-05,106.74,0.0005,0.0,BTC-27MAR20-28000-C,9165.48,0.0,0.0,0.0,0.0085,15.0,194.34,0.0286,-0.0511,0.00205,0.0,0.00029
9343.52,BTC-27MAR20,1582714741896,open,2.23,0.0,2.148,2.276,2.21048412,0.0,None,0.0,BTC-27MAR20-30000-P,9165.48,0.0,0.0005,1.0,0.0,0.0,0.0,0.0,0.0,-24.55537,0.0,-1.0
9601.27,BTC-26JUN20,1582714741896,open,0.0,260.3,0.0005,0.0175,0.00448219,90.35,0.004,0.0,BTC-26JUN20-30000-C,9165.48,88.95,0.004,25.0,0.005,7.2,91.76,3.41518,-1.2764,0.70739,1e-05,0.02673
9343.52,BTC-27MAR20,1582714741897,open,0.72,21.2,0.6795,0.755,0.71443206,88.66,0.501,0.0,BTC-27MAR20-16000-P,9165.48,0.0,0.0055,0.1,0.0,0.0,0.0,1.46149,-2.16868,-12.93501,2e-05,-0.97691
9343.52,BTC-27MAR20,1582714741897,open,0.0,428.4,0.0005,0.0105,6.4e-07,106.92,0.0005,0.0,BTC-27MAR20-36000-C,9165.48,0.0,0.0,0.0,0.0005,151.0,163.08,0.00124,-0.00222,7e-05,0.0,1e-05
9343.52,BTC-27MAR20,1582714741897,open,0.0,477.8,0.0005,0.0135,0.00373925,76.75,0.0035,0.0,BTC-27MAR20-6500-P,9165.48,75.74,0.0035,0.1,0.004,44.6,77.81,2.25666,-2.89869,-0.32687,4e-05,-0.039
9343.52,BTC-27MAR20,1582714741897,open,0.46,35.7,0.4545,0.4785,0.46566045,96.14,0.4975,0.0,BTC-27MAR20-5000-C,9165.48,0.0,0.0,0.0,0.0,0.0,0.0,0.58345,-0.93879,4.02563,1e-05,0.99204
9601.27,BTC-26JUN20,1582714741897,open,0.07,545.0,0.045,0.1145,0.07464422,67.04,0.076,0.0,BTC-26JUN20-12000-C,9165.48,66.51,0.0735,4.0,0.0765,27.2,67.91,20.46703,-5.67597,8.7576,0.0001,0.35007
9601.27,BTC-26JUN20,1582714741897,open,0.01,1273.3,0.004,0.0365,0.01398304,78.44,0.0145,0.0,BTC-26JUN20-20000-C,9165.48,77.28,0.013,31.0,0.015,31.0,79.6,8.2732,-2.68441,2.12331,3e-05,0.08076
9343.52,BTC-27MAR20,1582714741897,open,0.0,259.7,0.0005,0.011,0.00144273,90.18,0.0015,0.0,BTC-27MAR20-5500-P,9165.48,85.47,0.001,32.0,0.002,64.0,94.93,0.98416,-1.48529,-0.12205,2e-05,-0.01452
9601.27,BTC-26JUN20,1582714741897,open,0.39,72.7,0.371,0.4155,0.39113686,66.8,0.44,0.0,BTC-26JUN20-6000-C,9165.48,34.02,0.3755,0.1,0.0,0.0,0.0,8.0969,-2.23716,16.86368,4e-05,0.92151
9343.52,BTC-27MAR20,1582714741897,open,1.37,5.6,1.3085,1.4025,1.35458711,83.11,1.545,0.0,BTC-27MAR20-22000-P,9165.48,0.0,0.0005,1.0,0.0,0.0,0.0,0.02479,-0.03449,-18.00548,0.0,-0.99975
9343.52,BTC-27MAR20,1582714741897,open,0.0,37.2,0.0005,0.0105,0.00020565,94.97,0.0005,0.0,BTC-27MAR20-4500-P,9165.48,0.0,0.0,0.0,0.001,40.1,114.38,0.19735,-0.31368,-0.01967,0.0,-0.00237
9343.52,BTC-27MAR20,1582714741897,open,2.01,0.0,1.9385,2.0575,1.99646483,0.0,None,0.0,BTC-27MAR20-28000-P,9165.48,0.0,0.0005,1.0,0.0,0.0,0.0,0.0,0.0,-22.91834,0.0,-1.0
9343.52,BTC-27MAR20,1582714741897,open,0.25,583.8,0.238,0.2775,0.25668618,70.28,0.2755,0.0,BTC-27MAR20-7000-C,9165.48,39.95,0.251,5.0,0.2725,5.0,102.6,3.27442,-3.8514,5.20916,7e-05,0.93782
9343.52,BTC-27MAR20,1582714741898,open,0.36,32.7,0.3455,0.377,0.36029719,84.01,0.379,0.0,BTC-27MAR20-6000-C,9165.48,0.0,0.347,6.0,0.3725,6.0,124.93,1.55318,-2.18382,4.70245,3e-05,0.97517
9343.52,BTC-27MAR20,1582714741898,open,0.57,53.6,0.562,0.5815,0.57199655,102.07,0.5975,0.0,BTC-27MAR20-4000-C,9165.48,0.0,0.0,0.0,0.0,0.0,0.0,0.10147,-0.17333,3.26456,0.0,0.99886
9171.81,SYN.BTC-27FEB20,1582714741895,open,0.0,15.9,0.0005,0.014,0.00143305,87.8,0.0015,0.0,BTC-27FEB20-8625-P,9165.48,80.89,0.001,30.0,0.002,1.4,95.45,0.62567,-13.14369,-0.01647,0.00035,-0.07342
9343.52,BTC-27MAR20,1582714741898,open,0.52,38.8,0.509,0.529,0.51863432,96.98,0.5475,0.0,BTC-27MAR20-4500-C,9165.48,0.0,0.0,0.0,0.0,0.0,0.0,0.22887,-0.37148,3.66007,0.0,0.99721
9343.52,BTC-27MAR20,1582714741898,open,0.2,312.4,0.167,0.2325,0.19737338,63.84,0.195,0.0,BTC-27MAR20-11000-P,9165.48,47.45,0.1855,16.0,0.214,15.0,82.23,7.72984,-8.25895,-7.54204,0.00017,-0.7888
9601.27,BTC-26JUN20,1582714741898,open,0.51,12.5,0.4575,0.5595,0.50327473,70.01,0.5155,0.0,BTC-26JUN20-14000-P,9165.48,0.0,0.001,2.0,0.5555,1.0,96.61,16.82855,-4.87345,-40.44524,8e-05,-0.76874
9343.52,BTC-27MAR20,1582714741898,open,0.0,329.6,0.0005,0.0105,0.00013118,106.51,0.0005,0.0,BTC-27MAR20-24000-C,9165.48,0.0,0.0,0.0,0.001,40.0,129.28,0.14015,-0.24984,0.01141,0.0,0.00162
9343.52,BTC-27MAR20,1582714741898,open,0.0,882.7,0.0005,0.0105,0.00081556,105.43,0.0015,0.0,BTC-27MAR20-20000-C,9165.48,99.98,0.0005,69.0,0.001,24.0,107.93,0.63966,-1.1287,0.06138,1e-05,0.00884
9601.27,BTC-26JUN20,1582714741898,open,0.01,536.0,0.0005,0.022,0.00648882,85.93,0.0085,0.0,BTC-26JUN20-26000-C,9165.48,84.9,0.006,25.0,0.007,6.0,86.97,4.62522,-1.64412,1.021,2e-05,0.0386
9601.27,BTC-26JUN20,1582714741898,open,1.94,0.0,1.8605,1.9915,1.92116284,87.07,None,0.0,BTC-26JUN20-28000-P,9165.48,0.0,0.0,0.0,0.0,0.0,0.0,3.72547,-1.34174,-91.9383,1e-05,-0.97033
9601.27,BTC-26JUN20,1582714741898,open,0.7,5.7,0.649,0.7525,0.69531172,72.89,0.69,0.0,BTC-26JUN20-16000-P,9165.48,0.0,0.001,2.0,1.0,1.0,216.75,13.26447,-3.99911,-48.91998,6e-05,-0.84324
9343.52,BTC-27MAR20,1582714741898,open,0.03,1201.2,0.014,0.053,0.0281747,58.23,0.0305,0.0,BTC-27MAR20-8500-P,9165.48,56.95,0.027,58.4,0.0295,58.2,59.66,8.62658,-8.40709,-2.18437,0.00021,-0.25745
9343.52,BTC-27MAR20,1582714741898,open,0.62,2.0,0.575,0.647,0.60818326,84.03,0.4565,0.0,BTC-27MAR20-15000-P,9165.48,0.0,0.5475,5.0,0.653,5.0,163.71,1.93034,-2.7146,-12.0525,3e-05,-0.96776
9343.52,BTC-27MAR20,1582714741898,open,1.8,0.0,1.7285,1.8395,1.7824643,0.0,None,0.0,BTC-27MAR20-26000-P,9165.48,0.0,0.001,1.0,0.0,0.0,0.0,0.0,0.0,-21.28132,0.0,-1.0
9343.52,BTC-27MAR20,1582714741898,open,0.0,666.3,0.0005,0.013,0.00300612,85.04,0.0035,0.0,BTC-27MAR20-15000-C,9165.48,82.56,0.0025,24.0,0.0035,64.7,87.22,2.02042,-2.87543,0.23758,3e-05,0.03407
9343.52,BTC-27MAR20,1582714741899,open,0.41,3.0,0.3665,0.4345,0.39770358,74.04,0.33,0.0,BTC-27MAR20-13000-P,9165.48,0.0,0.3365,5.0,0.442,5.0,136.71,3.71002,-4.59735,-10.13038,7e-05,-0.92691
9343.52,BTC-27MAR20,1582714741899,open,0.0,1005.6,0.0005,0.011,0.00144276,99.7,0.002,0.0,BTC-27MAR20-18000-C,9165.48,95.22,0.001,32.0,0.002,91.1,104.15,1.04328,-1.74077,0.10778,1e-05,0.01554
9343.52,BTC-27MAR20,1582714741899,open,0.01,1010.2,0.0005,0.02,0.0064975,74.37,0.007,0.0,BTC-27MAR20-13000-C,9165.48,73.11,0.006,64.0,0.007,24.1,75.6,3.75021,-4.66798,0.51719,7e-05,0.07412
9601.27,BTC-26JUN20,1582714741899,open,1.11,0.1,1.0475,1.157,1.09680218,78.16,1.85,0.0,BTC-26JUN20-20000-P,9165.48,0.0,0.001,2.0,0.0,0.0,0.0,8.19709,-2.65028,-64.13358,3e-05,-0.92022
9601.27,BTC-26JUN20,1582714741899,open,0.23,241.3,0.2005,0.2695,0.23250817,63.63,0.23,0.0,BTC-26JUN20-8000-C,9165.48,61.14,0.228,20.7,0.2345,31.4,64.72,17.47647,-4.60002,16.52342,9e-05,0.75218
9171.81,SYN.BTC-27FEB20,1582714741895,open,0.0,12.0,0.0005,0.0105,0.00013361,66.35,0.0005,0.0,BTC-27FEB20-9875-C,9165.48,0.0,0.0,0.0,0.0005,0.5,80.94,0.14046,-1.22544,0.00261,0.0001,0.01201
9177.76,SYN.BTC-28FEB20,1582714741896,open,0.23,51.2,0.222,0.252,0.23726746,0.0,0.3,0.0,BTC-28FEB20-7000-C,9165.48,0.0,0.227,6.0,0.2505,6.0,332.42,0.0,0.0,0.35972,0.0,1.0
9171.81,SYN.BTC-27FEB20,1582714741895,open,0.0,7.8,0.0005,0.017,0.00250667,65.52,0.004,0.0,BTC-27FEB20-8875-P,9165.48,60.88,0.002,44.0,0.003,1.0,69.72,1.04236,-22.99073,-0.03332,0.00079,-0.14891
9219.43,SYN.BTC-6MAR20,1582714741898,open,0.0,220.3,0.0005,0.017,0.00444378,62.68,0.0045,0.0,BTC-6MAR20-10500-C,9165.48,61.02,0.004,73.2,0.005,0.1,64.66,2.52225,-8.90592,0.21412,0.00019,0.09995
9171.81,SYN.BTC-27FEB20,1582714741895,open,0.0,42.7,0.0005,0.02,0.00400121,60.5,0.005,0.0,BTC-27FEB20-9375-C,9165.48,53.6,0.003,50.0,0.005,24.0,66.97,1.37837,-36.69838,0.05068,0.00113,0.23433
9171.81,SYN.BTC-27FEB20,1582714741895,open,0.0,98.0,0.0005,0.0105,0.00037562,65.96,0.0005,0.0,BTC-27FEB20-9750-C,9165.48,0.0,0.0,0.0,0.001,30.0,79.48,0.30837,-3.4451,0.00659,0.00023,0.03032
9171.81,SYN.BTC-27FEB20,1582714741895,open,0.04,0.0,0.027,0.07,0.04790282,77.49,None,0.0,BTC-27FEB20-8750-C,9165.48,0.0,0.01,0.2,0.0,0.0,0.0,0.81089,-31.41715,0.18663,0.00052,0.89606
9171.81,SYN.BTC-27FEB20,1582714741895,open,0.0,34.0,0.0005,0.0105,4.186e-05,66.5,0.0005,0.0,BTC-27FEB20-10000-C,9165.48,0.0,0.0,0.0,0.0005,30.0,92.13,0.05528,-0.38394,0.00091,4e-05,0.00417
9219.43,SYN.BTC-6MAR20,1582714741897,open,0.28,0.0,0.25,0.3045,0.27543839,75.47,None,0.0,BTC-6MAR20-11750-P,9165.48,0.0,0.0,0.0,0.0,0.0,0.0,0.77302,-3.2865,-2.80863,5e-05,-0.97736
9860.33,SYN.BTC-25SEP20,1582714741895,open,0.03,263.7,0.016,0.0565,0.03167077,65.21,0.0325,0.0,BTC-25SEP20-6000-P,9165.48,64.73,0.031,6.0,0.0325,2.1,65.8,13.75088,-2.11604,-7.87776,4e-05,-0.10596
9171.81,SYN.BTC-27FEB20,1582714741895,open,0.08,0.0,0.056,0.1,0.07683166,68.16,None,0.0,BTC-27FEB20-9875-P,9165.48,0.0,0.0,0.0,0.0,0.0,0.0,0.16078,-5.47956,-0.23386,0.00012,-0.98595
9171.81,SYN.BTC-27FEB20,1582714741895,open,0.01,38.3,0.0005,0.0335,0.01349039,55.14,0.0105,0.0,BTC-27FEB20-9125-C,9165.48,55.19,0.0135,39.3,0.0165,19.5,70.8,1.75569,-48.40099,0.12475,0.00158,0.58042
9219.43,SYN.BTC-6MAR20,1582714741895,open,0.0,88.3,0.0005,0.0105,0.00071547,82.67,0.0005,0.0,BTC-6MAR20-12250-C,9165.48,78.83,0.0005,15.0,0.001,51.0,86.7,0.58069,-2.70436,0.03465,3e-05,0.01617
9219.43,SYN.BTC-6MAR20,1582714741895,open,0.02,123.4,0.0085,0.0475,0.02270452,56.84,0.023,0.0,BTC-6MAR20-9500-C,9165.48,54.82,0.0215,28.0,0.024,28.7,59.01,5.49306,-17.59,0.81093,0.00047,0.38442
9860.33,SYN.BTC-25SEP20,1582714741897,open,0.21,292.8,0.1585,0.257,0.20297671,64.62,0.207,0.0,BTC-25SEP20-10000-P,9165.48,63.95,0.201,4.9,0.2045,4.0,65.13,29.26949,-4.46325,-35.30701,8e-05,-0.41388
9860.33,SYN.BTC-25SEP20,1582714741898,open,0.35,281.5,0.2955,0.4095,0.3472137,66.83,0.35,0.0,BTC-25SEP20-12000-P,9165.48,49.52,0.296,0.1,0.344,4.0,65.76,29.71413,-4.68626,-51.4775,8e-05,-0.55215
9219.43,SYN.BTC-6MAR20,1582714741895,open,0.25,0.0,0.2235,0.2785,0.2488571,75.09,None,0.0,BTC-6MAR20-11500-P,9165.48,0.0,0.0,0.0,0.0,0.0,0.0,1.0767,-4.55463,-2.72426,7e-05,-0.96631
9219.43,SYN.BTC-6MAR20,1582714741898,open,0.06,5.0,0.044,0.0925,0.06577071,56.94,0.115,0.0,BTC-6MAR20-8750-C,9165.48,52.41,0.0635,13.3,0.0715,18.3,67.88,4.6942,-15.05612,1.50399,0.0004,0.73663
9171.81,SYN.BTC-27FEB20,1582714741895,open,0.02,15.0,0.004,0.046,0.02391757,63.85,0.025,0.0,BTC-27FEB20-9000-C,9165.48,61.23,0.0235,6.0,0.0265,6.0,79.3,1.47854,-47.19881,0.15592,0.00115,0.73248
9171.81,SYN.BTC-27FEB20,1582714741895,open,0.0,7.7,0.0005,0.0115,0.00094161,65.28,0.0005,0.0,BTC-27FEB20-9625-C,9165.48,57.24,0.0005,56.1,0.0015,30.0,72.98,0.5885,-8.63626,0.01471,0.00045,0.0678
9219.43,SYN.BTC-6MAR20,1582714741895,open,0.0,110.8,0.0005,0.016,0.00419767,68.23,0.004,0.0,BTC-6MAR20-8000-P,9165.48,65.18,0.0035,50.0,0.005,51.8,71.47,2.19328,-8.43055,-0.19501,0.00016,-0.08279
9171.81,SYN.BTC-27FEB20,1582714741895,open,0.0,37.8,0.0005,0.0155,0.00193907,77.78,0.0025,0.0,BTC-27FEB20-8750-P,9165.48,72.57,0.0015,50.0,0.0025,1.0,83.76,0.81565,-17.7848,-0.02348,0.00052,-0.10478
9177.76,SYN.BTC-28FEB20,1582714741899,open,0.12,5.0,0.095,0.1425,0.11728455,76.04,0.093,0.0,BTC-28FEB20-10250-P,9165.48,0.0,0.039,5.0,0.1545,5.0,276.22,0.3554,-7.20413,-0.51621,0.00011,-0.97724
9171.81,SYN.BTC-27FEB20,1582714741895,open,0.04,62.0,0.016,0.061,0.03758393,61.13,0.0215,0.0,BTC-27FEB20-9500-P,9165.48,0.0,0.017,2.0,0.058,2.0,188.21,0.91531,-27.97471,-0.20121,0.00074,-0.87683
9219.43,SYN.BTC-6MAR20,1582714741899,open,0.06,164.4,0.0315,0.083,0.05316877,56.9,0.0495,0.0,BTC-6MAR20-9500-P,9165.48,48.13,0.048,18.0,0.0515,4.0,54.09,5.49363,-17.60806,-1.49895,0.00047,-0.61544
9171.81,SYN.BTC-27FEB20,1582714741895,open,0.0,50.5,0.0005,0.0105,2.91e-06,66.6,0.0005,0.0,BTC-27FEB20-10250-C,9165.48,0.0,0.0,0.0,0.0005,37.0,113.5,0.00571,-0.02667,8e-05,0.0,0.00035
9177.76,SYN.BTC-28FEB20,1582714741898,open,0.0,974.6,0.0005,0.0105,0.00011809,75.3,0.0005,0.0,BTC-28FEB20-10500-C,9165.48,0.0,0.0,0.0,0.0005,5.1,91.02,0.12537,-1.08382,0.00316,4e-05,0.00683
9171.81,SYN.BTC-27FEB20,1582714741895,open,0.0,0.3,0.0005,0.0105,6.6e-07,66.65,0.0005,0.0,BTC-27FEB20-10375-C,9165.48,0.0,0.0,0.0,0.0005,0.1,123.76,0.00153,-0.00601,2e-05,0.0,9e-05
9177.76,SYN.BTC-28FEB20,1582714741897,open,0.0,465.9,0.0005,0.02,0.00438205,69.47,0.005,0.0,BTC-28FEB20-8750-P,9165.48,67.27,0.004,1.5,0.005,74.1,72.9,1.61858,-29.975,-0.07882,0.00054,-0.16273
9171.81,SYN.BTC-27FEB20,1582714741895,open,0.06,0.0,0.0405,0.0835,0.06102589,87.42,None,0.0,BTC-27FEB20-8625-C,9165.48,0.0,0.01,0.2,0.0,0.0,0.0,0.62011,-27.10578,0.19065,0.00035,0.92743
9177.76,SYN.BTC-28FEB20,1582714741897,open,0.4,12.1,0.3885,0.412,0.40070875,0.0,0.45,0.0,BTC-28FEB20-5500-C,9165.48,0.0,0.3925,7.0,0.4105,7.0,500.0,0.0,0.0,0.28264,0.0,1.0
9860.33,SYN.BTC-25SEP20,1582714741895,open,0.02,159.6,0.005,0.042,0.01624931,78.78,0.0165,0.0,BTC-25SEP20-28000-C,9165.48,78.07,0.0155,20.0,0.017,10.0,79.46,10.64482,-1.97887,3.36826,2e-05,0.0751
9177.76,SYN.BTC-28FEB20,1582714741895,open,0.0,248.8,0.0005,0.0105,0.0,103.84,0.0005,0.0,BTC-28FEB20-5000-P,9165.48,0.0,0.0,0.0,0.0005,0.5,352.6,0.0,0.0,0.0,0.0,0.0
9177.76,SYN.BTC-28FEB20,1582714741895,open,0.07,466.6,0.042,0.0905,0.06480318,66.98,0.043,0.0,BTC-28FEB20-9750-P,9165.48,0.0,0.0615,2.0,0.0655,1.0,71.93,1.22328,-21.84126,-0.45112,0.00042,-0.89171
9171.81,SYN.BTC-27FEB20,1582714741895,open,0.0,58.0,0.0005,0.0145,0.00177315,60.84,0.0015,0.0,BTC-27FEB20-9500-C,9165.48,57.99,0.0015,20.8,0.002,1.0,63.07,0.90937,-16.26297,0.02646,0.00074,0.12203
9219.43,SYN.BTC-6MAR20,1582714741898,open,0.1,91.2,0.0695,0.124,0.09471408,59.3,0.075,0.0,BTC-6MAR20-10000-P,9165.48,0.0,0.0795,18.0,0.1105,4.0,90.67,4.05551,-13.54885,-2.00015,0.00033,-0.79746
9860.33,SYN.BTC-25SEP20,1582714741895,open,0.52,103.0,0.4575,0.5785,0.51219005,68.83,0.5195,0.0,BTC-25SEP20-14000-P,9165.48,0.0,0.1,1.0,0.0,0.0,0.0,27.5964,-4.48227,-66.96326,7e-05,-0.65773
9860.33,SYN.BTC-25SEP20,1582714741897,open,0.01,200.8,0.0005,0.028,0.00872728,83.09,0.009,0.0,BTC-25SEP20-36000-C,9165.48,81.99,0.008,20.0,0.0095,6.0,84.19,6.72112,-1.31787,1.89826,1e-05,0.04189
9177.76,SYN.BTC-28FEB20,1582714741896,open,0.18,0.0,0.1485,0.196,0.17137093,80.99,None,0.0,BTC-28FEB20-10750-P,9165.48,0.0,0.093,5.0,0.2085,5.0,324.95,0.06956,-1.50171,-0.5508,2e-05,-0.99648
9177.76,SYN.BTC-28FEB20,1582714741898,open,0.0,1120.3,0.0005,0.0105,0.00060147,97.33,0.001,0.0,BTC-28FEB20-8000-P,9165.48,94.54,0.0005,79.0,0.0015,32.9,114.58,0.35289,-5.52011,-0.01093,8e-05,-0.02257
9177.76,SYN.BTC-28FEB20,1582714741895,open,0.07,342.2,0.0555,0.099,0.07620529,80.35,0.075,0.0,BTC-28FEB20-8500-C,9165.48,60.63,0.0745,1.0,0.08,1.0,107.04,1.04004,-22.27691,0.39475,0.0003,0.91319
9219.43,SYN.BTC-6MAR20,1582714741898,open,0.0,212.1,0.0005,0.0125,0.00248151,69.04,0.002,0.0,BTC-6MAR20-11000-C,9165.48,66.15,0.002,44.0,0.003,50.1,71.82,1.62959,-6.33772,0.12071,0.00011,0.05632
9219.43,SYN.BTC-6MAR20,1582714741899,open,0.13,5.0,0.116,0.1585,0.1364383,68.12,0.1875,0.0,BTC-6MAR20-8000-C,9165.48,0.0,0.0,0.0,0.0,0.0,0.0,2.18696,-8.39259,1.75111,0.00016,0.91753
9860.33,SYN.BTC-25SEP20,1582714741895,open,0.51,1.0,0.4915,0.5325,0.50942162,68.52,0.581,0.0,BTC-25SEP20-5000-C,9165.48,0.0,0.42,0.1,0.0,0.0,0.0,8.85152,-1.4313,24.69291,2e-05,0.94083
9177.76,SYN.BTC-28FEB20,1582714741899,open,0.37,38.5,0.3355,0.3905,0.36202557,141.37,0.3205,0.0,BTC-28FEB20-12500-P,9165.48,0.0,0.0,0.0,0.0,0.0,0.0,0.02935,-1.10596,-0.64174,0.0,-0.99864
9171.81,SYN.BTC-27FEB20,1582714741895,open,0.09,0.0,0.069,0.1135,0.090369,70.55,None,0.0,BTC-27FEB20-10000-P,9165.48,0.0,0.0,0.0,0.0,0.0,0.0,0.08184,-2.88687,-0.2385,6e-05,-0.99351
9177.76,SYN.BTC-28FEB20,1582714741897,open,0.18,141.1,0.1665,0.1995,0.18283428,95.06,0.2255,0.0,BTC-28FEB20-7500-C,9165.48,0.0,0.171,6.0,0.197,6.0,275.37,0.02944,-0.74609,0.38476,1e-05,0.99864
9171.81,SYN.BTC-27FEB20,1582714741895,open,0.05,4.9,0.029,0.074,0.05038148,65.72,0.0525,0.0,BTC-27FEB20-9625-P,9165.48,0.0,0.0305,2.0,0.0695,2.0,200.07,0.59765,-19.64009,-0.21591,0.00045,-0.93083
9171.81,SYN.BTC-27FEB20,1582714741895,open,0.0,15.4,0.0005,0.0135,0.00121609,99.88,0.001,0.0,BTC-27FEB20-8500-P,9165.48,95.83,0.001,30.0,0.0015,1.5,104.66,0.51491,-11.1537,-0.01284,0.00026,-0.05712
9171.81,SYN.BTC-27FEB20,1582714741895,open,0.07,0.0,0.0545,0.097,0.07443801,99.42,None,0.0,BTC-27FEB20-8500-C,9165.48,0.0,0.01,0.2,0.0,0.0,0.0,0.5092,-25.31237,0.19127,0.00025,0.94368
9177.76,SYN.BTC-28FEB20,1582714741898,open,0.0,173.8,0.0005,0.0105,0.00042357,75.22,0.0005,0.0,BTC-28FEB20-10250-C,9165.48,0.0,0.0,0.0,0.001,30.0,86.85,0.3397,-3.88747,0.00998,0.0001,0.02158
9219.43,SYN.BTC-6MAR20,1582714741900,open,0.0,40.1,0.0005,0.013,0.00296489,73.45,0.003,0.0,BTC-6MAR20-7750-P,9165.48,70.76,0.0025,50.0,0.0035,52.3,76.29,1.66425,-6.88631,-0.13634,0.00011,-0.05785
9171.81,SYN.BTC-27FEB20,1582714741895,open,0.11,0.0,0.0825,0.127,0.10396788,75.0,None,0.0,BTC-27FEB20-10125-P,9165.48,0.0,0.0,0.0,0.0,0.0,0.0,0.05032,-1.88709,-0.2421,3e-05,-0.99624
9219.43,SYN.BTC-6MAR20,1582714741899,open,0.12,4.0,0.093,0.147,0.11833308,60.6,0.1005,0.0,BTC-6MAR20-10250-P,9165.48,0.0,0.0715,7.0,0.1745,3.5,167.58,3.22169,-10.99884,-2.19016,0.00026,-0.85859
9219.43,SYN.BTC-6MAR20,1582714741898,open,0.0,178.0,0.0005,0.0105,0.00091682,75.0,0.001,0.0,BTC-6MAR20-11750-C,9165.48,68.86,0.0005,75.5,0.0015,50.0,81.06,0.7528,-3.18072,0.04713,5e-05,0.02194
9177.76,SYN.BTC-28FEB20,1582714741895,open,0.09,533.8,0.0685,0.117,0.09092675,75.24,0.072,0.0,BTC-28FEB20-10000-P,9165.48,0.0,0.076,4.0,0.1,6.5,135.1,0.7727,-15.49716,-0.48673,0.00024,-0.94108
9177.76,SYN.BTC-28FEB20,1582714741896,open,0.04,1281.9,0.0185,0.0655,0.04062738,61.31,0.043,0.0,BTC-28FEB20-9500-P,9165.48,45.0,0.0375,1.0,0.0425,1.0,69.75,1.96161,-32.06021,-0.38577,0.00074,-0.77731
9219.43,SYN.BTC-6MAR20,1582714741900,open,0.0,268.6,0.0005,0.0115,0.00197043,72.54,0.0015,0.0,BTC-6MAR20-11250-C,9165.48,69.06,0.0015,30.0,0.0025,50.0,75.93,1.34485,-5.49561,0.09483,9e-05,0.04427
9171.81,SYN.BTC-27FEB20,1582714741895,open,0.01,214.4,0.0005,0.023,0.005212,64.01,0.005,0.0,BTC-27FEB20-9000-P,9165.48,62.69,0.005,0.8,0.0055,24.0,65.79,1.47995,-47.36795,-0.06013,0.00115,-0.26803
9219.43,SYN.BTC-6MAR20,1582714741898,open,0.19,5.0,0.1705,0.2085,0.18849374,77.81,0.234,0.0,BTC-6MAR20-7500-C,9165.48,0.0,0.0,0.0,0.0,0.0,0.0,1.21507,-5.32625,1.73174,8e-05,0.96094
9219.43,SYN.BTC-6MAR20,1582714741895,open,0.08,107.8,0.0485,0.1025,0.0724245,57.36,0.0755,0.0,BTC-6MAR20-9750-P,9165.48,0.0,0.0505,5.0,0.0815,5.0,73.9,4.84533,-15.65805,-1.77497,0.00041,-0.71931
9171.81,SYN.BTC-27FEB20,1582714741895,open,0.12,0.0,0.096,0.141,0.11758823,81.46,None,0.0,BTC-27FEB20-10250-P,9165.48,0.0,0.0,0.0,0.0,0.0,0.0,0.03914,-1.59419,-0.2453,2e-05,-0.99716
9219.43,SYN.BTC-6MAR20,1582714741898,open,0.0,95.4,0.0005,0.015,0.00349466,66.82,0.003,0.0,BTC-6MAR20-10750-C,9165.48,64.55,0.003,0.1,0.004,50.1,68.98,2.08711,-7.85659,0.16598,0.00015,0.07753
9177.76,SYN.BTC-28FEB20,1582714741898,open,0.05,0.5,0.029,0.074,0.05096415,69.32,0.1,0.0,BTC-28FEB20-8750-C,9165.48,0.0,0.0355,6.0,0.067,6.0,141.09,1.61534,-29.85007,0.37108,0.00054,0.83777
9860.33,SYN.BTC-25SEP20,1582714741900,open,0.15,639.1,0.1065,0.1945,0.14545009,64.62,0.146,0.0,BTC-25SEP20-9000-P,9165.48,63.19,0.1415,4.9,0.1455,4.0,64.63,27.30526,-4.16368,-27.38622,7e-05,-0.33302
9171.81,SYN.BTC-27FEB20,1582714741895,open,0.07,0.0,0.0425,0.087,0.06344458,66.81,None,0.0,BTC-27FEB20-9750-P,9165.48,0.0,0.0,0.0,0.066,1.0,104.15,0.32267,-10.77838,-0.22696,0.00024,-0.96797
9177.76,SYN.BTC-28FEB20,1582714741899,open,0.0,670.9,0.0005,0.0105,1e-08,77.17,0.0005,0.0,BTC-28FEB20-12000-C,9165.48,0.0,0.0,0.0,0.0005,35.1,163.16,2e-05,-7e-05,0.0,0.0,0.0
9177.76,SYN.BTC-28FEB20,1582714741896,open,0.31,31.2,0.282,0.3355,0.30754456,123.96,0.2625,0.0,BTC-28FEB20-12000-P,9165.48,0.0,0.229,5.0,0.3445,5.0,429.37,0.03161,-1.04464,-0.61599,1e-05,-0.99853
9177.76,SYN.BTC-28FEB20,1582714741899,open,0.0,242.9,0.0005,0.0105,2.893e-05,75.38,0.0005,0.0,BTC-28FEB20-10750-C,9165.48,0.0,0.0,0.0,0.0005,30.1,104.24,0.03926,-0.26555,0.00087,1e-05,0.00187
9177.76,SYN.BTC-28FEB20,1582714741899,open,0.0,810.0,0.0005,0.0105,4.963e-05,100.59,0.0005,0.0,BTC-28FEB20-7500-P,9165.48,0.0,0.0,0.0,0.0005,19.0,131.86,0.04708,-0.45547,-0.0011,1e-05,-0.00229
9177.76,SYN.BTC-28FEB20,1582714741898,open,0.0,716.8,0.0005,0.0105,0.0,78.68,0.0005,0.0,BTC-28FEB20-12500-C,9165.48,0.0,0.0,0.0,0.0005,35.0,184.15,0.0,0.0,0.0,0.0,0.0
9860.33,SYN.BTC-25SEP20,1582714741895,open,0.23,126.4,0.193,0.279,0.23268229,64.61,0.232,0.0,BTC-25SEP20-9000-C,9165.48,62.74,0.2275,11.2,0.234,11.2,65.09,27.30534,-4.16324,24.85808,7e-05,0.66698
9171.81,SYN.BTC-27FEB20,1582714742055,open,0.02,40.9,0.001,0.039,0.01657449,60.36,0.0175,0.0,BTC-27FEB20-9250-P,9165.48,46.42,0.014,1.5,0.0165,18.0,59.87,1.727,-52.12504,-0.13729,0.00142,-0.60731
9171.81,SYN.BTC-27FEB20,1582714742057,open,0.03,22.0,0.0055,0.0495,0.02616033,60.68,0.0285,0.0,BTC-27FEB20-9375-P,9165.48,35.23,0.023,6.0,0.026,6.0,59.46,1.38069,-41.89214,-0.17409,0.00113,-0.76495
242.04,ETH-27MAR20,1582714742167,open,1.64,0.0,1.567,1.728,1.644371,112.3,None,0.0,ETH-27MAR20-640-P,237.28,0.0,0.01,50.0,0.0,0.0,0.0,0.00455,-0.00855,-0.52347,8e-05,-0.99792
242.04,ETH-27MAR20,1582714742168,open,1.48,0.0,1.407,1.5595,1.479705,121.73,None,0.0,ETH-27MAR20-600-P,237.28,0.0,0.03,50.0,0.0,0.0,0.0,0.01433,-0.0292,-0.48978,0.00025,-0.9925
251.85,ETH-26JUN20,1582714742513,open,0.04,1215.0,0.0175,0.067,0.038907,87.03,0.0395,0.0,ETH-26JUN20-160-P,237.28,84.53,0.036,496.0,0.042,200.0,89.63,0.29633,-0.10667,-0.1357,0.00162,-0.12379
9601.31,BTC-26JUN20,1582714742902,open,0.0,246.2,0.0005,0.019,0.00521311,87.9,0.003,0.0,BTC-26JUN20-28000-C,9165.17,86.06,0.0045,25.0,0.006,32.6,89.76,3.88743,-1.41349,0.82746,1e-05,0.03124
9343.62,BTC-27MAR20,1582714742902,open,0.05,1068.9,0.029,0.078,0.04808456,57.93,0.049,0.0,BTC-27MAR20-9000-P,9165.17,56.47,0.0465,25.9,0.049,35.8,58.77,10.16742,-9.85715,-3.26383,0.00025,-0.37868
9343.62,BTC-27MAR20,1582714742903,open,3.31,1.4,3.198,3.3685,3.28104196,144.54,3.0435,0.0,BTC-27MAR20-40000-P,9165.17,0.0,0.0005,1.0,0.0,0.0,0.0,0.04457,-0.10781,-32.73727,0.0,-0.99953
9343.62,BTC-27MAR20,1582714742904,open,2.87,0.1,2.778,2.932,2.85293829,134.36,2.64,0.0,BTC-27MAR20-36000-P,9165.17,0.0,0.0005,1.0,0.0,0.0,0.0,0.04356,-0.09794,-29.46328,0.0,-0.99954
9601.0,BTC-26JUN20,1582714742904,open,0.12,832.0,0.078,0.1535,0.11149896,63.59,0.1095,0.0,BTC-26JUN20-9000-P,9165.17,61.96,0.108,28.3,0.111,4.0,63.36,20.66174,-5.43481,-14.97765,0.00011,-0.35957
9218.37,SYN.BTC-6MAR20,1582714742902,open,0.03,730.9,0.0095,0.05,0.02402522,56.28,0.0235,0.0,BTC-6MAR20-9000-P,9165.17,52.85,0.022,27.9,0.024,20.0,56.24,5.45372,-17.29168,-0.89583,0.00047,-0.37561
9859.02,SYN.BTC-25SEP20,1582714742902,open,0.42,1.0,0.399,0.453,0.4231705,65.25,0.425,0.0,BTC-25SEP20-6000-C,9165.17,39.96,0.3965,0.1,0.0,0.0,0.0,13.76232,-2.11922,26.93952,4e-05,0.8939
9218.37,SYN.BTC-6MAR20,1582714742902,open,0.16,0.0,0.143,0.1835,0.16234695,73.93,None,0.0,BTC-6MAR20-7750-C,9165.17,47.31,0.1595,50.0,0.0,0.0,0.0,1.69157,-7.04508,1.74529,0.00011,0.94093
9218.37,SYN.BTC-6MAR20,1582714742903,open,0.01,395.5,0.0005,0.0265,0.00926353,59.24,0.0085,0.0,BTC-6MAR20-8500-P,9165.17,57.33,0.0085,34.0,0.01,24.1,61.04,3.74064,-12.48337,-0.41894,0.00031,-0.17763
9176.66,SYN.BTC-28FEB20,1582714742903,open,0.01,76.4,0.001,0.034,0.01355397,60.1,0.0125,0.0,BTC-28FEB20-9250-C,9165.17,58.14,0.013,7.1,0.0145,0.2,63.45,2.58967,-41.49171,0.19883,0.001,0.43518
9176.66,SYN.BTC-28FEB20,1582714742903,open,0.03,306.4,0.0085,0.051,0.02853496,60.82,0.0315,0.0,BTC-28FEB20-9000-C,9165.17,62.63,0.029,4.0,0.0315,25.9,72.21,2.35259,-38.14391,0.3072,0.00089,0.67997
9176.66,SYN.BTC-28FEB20,1582714742902,open,0.0,1211.2,0.0005,0.0105,6.32e-06,75.55,0.0005,0.0,BTC-28FEB20-11000-C,9165.17,0.0,0.0,0.0,0.0005,69.1,116.97,0.01063,-0.05801,0.00021,0.0,0.00045
9859.02,SYN.BTC-25SEP20,1582714742906,open,1.47,8.0,1.397,1.534,1.45816105,76.16,1.3975,0.0,BTC-25SEP20-24000-P,9165.17,0.0,0.33,1.0,1.495,0.5,96.71,13.8373,-2.48687,-134.56183,3e-05,-0.89309
9218.37,SYN.BTC-6MAR20,1582714742926,open,0.16,0.0,0.143,0.184,0.16234695,73.93,None,0.0,BTC-6MAR20-7750-C,9165.17,0.0,0.159,50.0,0.0,0.0,0.0,1.69157,-7.04508,1.74529,0.00011,0.94093
242.04,ETH-27MAR20,1582714743174,open,0.58,0.0,0.5285,0.641,0.581477,106.26,None,0.0,ETH-27MAR20-380-P,237.29,0.0,0.0,0.0,1.3805,25.0,500.0,0.11381,-0.20241,-0.29519,0.00223,-0.90853
242.04,ETH-27MAR20,1582714743175,open,0.42,0.0,0.373,0.481,0.424451,100.54,None,0.0,ETH-27MAR20-340-P,237.29,0.0,0.0,0.0,1.2225,25.0,500.0,0.16124,-0.2713,-0.25254,0.00334,-0.8503
242.04,ETH-27MAR20,1582714743174,open,1.64,0.0,1.568,1.728,1.645024,130.0,None,0.0,ETH-27MAR20-640-P,237.29,0.0,0.01,50.0,0.0,0.0,0.0,0.01448,-0.0315,-0.52251,0.00023,-0.99242
242.05,ETH-27MAR20,1582714743175,open,0.55,52.0,0.532,0.5615,0.54641,120.32,0.5915,0.0,ETH-27MAR20-110-C,237.29,0.0,0.5455,1.0,0.7065,25.0,500.0,0.0133,-0.02678,0.0885,0.00023,0.99311
242.05,ETH-27MAR20,1582714743175,open,1.31,0.0,1.2475,1.392,1.315993,130.7,None,0.0,ETH-27MAR20-560-P,237.29,0.0,0.02,50.0,0.0,0.0,0.0,0.03336,-0.07296,-0.45491,0.00053,-0.98012
242.05,ETH-27MAR20,1582714743175,open,1.48,0.0,1.4075,1.5595,1.480317,131.11,None,0.0,ETH-27MAR20-600-P,237.29,0.0,0.03,50.0,0.0,0.0,0.0,0.02285,-0.05014,-0.48887,0.00036,-0.98721
238.69,SYN.ETH-6MAR20,1582714743175,open,0.15,233.0,0.1065,0.191,0.147589,91.89,0.174,0.0,ETH-6MAR20-270-P,237.29,0.0,0.113,10.0,0.1845,10.0,160.98,0.10883,-0.56334,-0.05412,0.00855,-0.78477
251.86,ETH-26JUN20,1582714743175,open,0.16,271.0,0.1125,0.2155,0.162517,83.38,0.17,0.0,ETH-26JUN20-240-P,237.29,82.22,0.16,561.0,0.175,561.0,89.15,0.54566,-0.18821,-0.44146,0.00312,-0.36676
237.58,SYN.ETH-28FEB20,1582714743175,open,0.51,0.0,0.471,0.5615,0.515023,0.0,None,0.0,ETH-28FEB20-360-P,237.29,0.0,0.0,0.0,0.0,0.0,0.0,0.0,0.0,-0.0185,0.0,-1.0
251.86,ETH-26JUN20,1582714743177,open,0.65,0.0,0.5835,0.7365,0.657181,92.09,None,0.0,ETH-26JUN20-400-P,237.29,0.0,0.01,50.0,0.0,0.0,0.0,0.48068,-0.18311,-1.15565,0.00248,-0.72836
242.05,ETH-27MAR20,1582714743178,open,1.15,0.0,1.087,1.2245,1.152327,130.43,None,0.0,ETH-27MAR20-520-P,237.29,0.0,0.006,50.0,0.0,0.0,0.0,0.04875,-0.10642,-0.42023,0.00078,-0.96874
242.05,ETH-27MAR20,1582714743178,open,0.01,4441.0,0.0005,0.0275,0.009911,111.24,0.011,0.0,ETH-27MAR20-400-C,237.29,109.0,0.009,360.0,0.011,565.0,113.78,0.10091,-0.18786,0.01347,0.00189,0.07791
242.05,ETH-27MAR20,1582714743178,open,0.59,1116.0,0.5745,0.6005,0.587201,119.72,0.6285,0.0,ETH-27MAR20-100-C,237.29,0.0,0.187,25.0,0.7475,25.0,500.0,0.00626,-0.01255,0.0812,0.00011,0.99704
251.86,ETH-26JUN20,1582714743178,open,0.94,0.0,0.8705,1.032,0.947202,93.9,None,0.0,ETH-26JUN20-480-P,237.29,0.0,0.01,50.0,0.0,0.0,0.0,0.37754,-0.14663,-1.47572,0.00191,-0.82209
237.42,SYN.ETH-27FEB20,1582714743174,open,0.14,0.0,0.104,0.174,0.137215,0.0,None,0.0,ETH-27FEB20-270-P,237.29,0.0,0.0,0.0,0.0,0.0,0.0,0.0,0.0,-0.00648,0.0,-1.0
238.69,SYN.ETH-6MAR20,1582714743175,open,0.17,0.0,0.139,0.1995,0.169413,93.61,None,0.0,ETH-6MAR20-200-C,237.29,0.0,0.162,1.0,0.0,0.0,0.0,0.06506,-0.34309,0.04244,0.00502,0.90054
259.38,SYN.ETH-25SEP20,1582714743175,open,1.23,0.0,1.1315,1.3275,1.22468,90.93,None,0.0,ETH-25SEP20-560-P,237.29,0.0,0.0,0.0,0.0,0.0,0.0,0.58863,-0.12631,-3.01496,0.00166,-0.77771
237.42,SYN.ETH-27FEB20,1582714743174,open,0.09,100.0,0.0635,0.132,0.095707,98.96,0.06,0.0,ETH-27FEB20-260-P,237.29,0.0,0.0,0.0,0.0,0.0,0.0,0.00838,-0.41462,-0.00606,0.00626,-0.96785
238.69,SYN.ETH-6MAR20,1582714743175,open,0.18,188.0,0.1435,0.2285,0.184285,94.32,0.08,0.0,ETH-6MAR20-280-P,237.29,0.0,0.015,91.0,0.98,25.0,500.0,0.08902,-0.473,-0.05969,0.00681,-0.84414
237.58,SYN.ETH-28FEB20,1582714743175,open,0.3,2.0,0.267,0.3455,0.304609,0.0,0.18,0.0,ETH-28FEB20-310-P,237.29,0.0,0.2755,11.0,0.335,11.0,395.8,0.0,0.0,-0.01593,0.0,-1.0
237.58,SYN.ETH-28FEB20,1582714743175,open,0.26,105.0,0.226,0.302,0.262547,0.0,0.1335,0.0,ETH-28FEB20-300-P,237.29,0.0,0.234,11.0,0.2925,11.0,364.67,0.0,0.0,-0.01542,0.0,-1.0
237.58,SYN.ETH-28FEB20,1582714743175,open,0.24,1821.0,0.2195,0.265,0.242498,149.5,0.331,0.0,ETH-28FEB20-180-C,237.29,0.0,0.225,19.0,0.2595,19.0,367.52,0.00206,-0.08229,0.0092,0.00048,0.9959
237.58,SYN.ETH-28FEB20,1582714743179,open,0.22,119.0,0.1855,0.258,0.220555,0.0,0.14,0.0,ETH-28FEB20-290-P,237.29,0.0,0.1895,12.0,0.2505,12.0,333.89,0.0,0.0,-0.0149,0.0,-1.0
238.69,SYN.ETH-6MAR20,1582714743175,open,0.38,0.0,0.3425,0.4325,0.384628,108.44,None,0.0,ETH-6MAR20-330-P,237.29,0.0,0.0,0.0,0.0,0.0,0.0,0.02778,-0.16973,-0.07842,0.00185,-0.96644
238.69,SYN.ETH-6MAR20,1582714743175,open,0.3,0.0,0.2615,0.349,0.302626,102.55,None,0.0,ETH-6MAR20-310-P,237.29,0.0,0.0,0.0,0.0,0.0,0.0,0.04435,-0.25621,-0.07212,0.00312,-0.93998
237.42,SYN.ETH-27FEB20,1582714743174,open,0.06,200.0,0.023,0.093,0.056908,101.27,0.009,0.0,ETH-27FEB20-250-P,237.29,0.0,0.001,1.0,0.0,0.0,0.0,0.02769,-1.40184,-0.00514,0.02022,-0.84521
238.69,SYN.ETH-6MAR20,1582714743175,open,0.11,222.0,0.073,0.155,0.112872,88.71,0.069,0.0,ETH-6MAR20-260-P,237.29,0.0,0.0785,12.0,0.15,12.0,152.85,0.12772,-0.63826,-0.04767,0.01039,-0.70847
238.69,SYN.ETH-6MAR20,1582714743175,open,0.13,0.0,0.0995,0.165,0.132794,89.17,None,0.0,ETH-6MAR20-210-C,237.29,0.0,0.12,1.0,0.0,0.0,0.0,0.09091,-0.45665,0.04099,0.00736,0.83907
237.58,SYN.ETH-28FEB20,1582714743174,open,0.01,2815.0,0.0005,0.036,0.011011,103.05,0.0125,0.0,ETH-28FEB20-250-C,237.29,96.41,0.0095,240.0,0.013,328.0,111.51,0.0549,-1.50819,0.003,0.01837,0.25691
259.38,SYN.ETH-25SEP20,1582714743177,open,0.8,0.0,0.715,0.893,0.801165,88.42,None,0.0,ETH-25SEP20-440-P,237.29,0.0,0.0,0.0,0.0,0.0,0.0,0.71323,-0.14882,-2.21933,0.00207,-0.67281
237.58,SYN.ETH-28FEB20,1582714743177,open,0.35,0.0,0.308,0.3885,0.346688,0.0,None,0.0,ETH-28FEB20-320-P,237.29,0.0,0.0,0.0,0.0,0.0,0.0,0.0,0.0,-0.01644,0.0,-1.0
237.58,SYN.ETH-28FEB20,1582714743175,open,0.18,522.0,0.1445,0.2175,0.178816,98.52,0.093,0.0,ETH-28FEB20-280-P,237.29,0.0,0.1485,13.0,0.2085,13.0,300.65,0.00492,-0.12933,-0.01426,0.00172,-0.98902
237.42,SYN.ETH-27FEB20,1582714743174,open,0.06,0.0,0.024,0.0895,0.057477,116.51,None,0.0,ETH-27FEB20-225-C,237.29,0.0,0.0,0.0,0.0,0.0,0.0,0.02898,-1.68842,0.00442,0.01839,0.83398
238.69,SYN.ETH-6MAR20,1582714743175,open,0.51,0.0,0.4645,0.5585,0.508886,112.2,None,0.0,ETH-6MAR20-360-P,237.29,0.0,0.0,0.0,0.0,0.0,0.0,0.01152,-0.07282,-0.08689,0.00074,-0.98812
238.69,SYN.ETH-6MAR20,1582714743178,open,0.25,0.0,0.223,0.2745,0.248422,105.63,None,0.0,ETH-6MAR20-180-C,237.29,0.0,0.0,0.0,0.0,0.0,0.0,0.02961,-0.17621,0.04152,0.00202,0.96373
238.69,SYN.ETH-6MAR20,1582714743175,open,0.22,0.0,0.182,0.268,0.222703,96.91,None,0.0,ETH-6MAR20-290-P,237.29,0.0,0.0,0.0,1.0185,25.0,500.0,0.07118,-0.3886,-0.06443,0.0053,-0.88738
237.58,SYN.ETH-28FEB20,1582714743178,open,0.12,1414.0,0.089,0.1485,0.118625,117.83,0.193,0.0,ETH-28FEB20-210-C,237.29,0.0,0.0955,18.0,0.1425,18.0,259.04,0.02196,-0.68977,0.00995,0.00642,0.93358
237.42,SYN.ETH-27FEB20,1582714743174,open,0.12,1.0,0.0835,0.153,0.116452,103.37,0.038,0.0,ETH-27FEB20-265-P,237.29,0.0,0.0,0.0,0.0,0.0,0.0,0.00465,-0.24015,-0.00627,0.00332,-0.98403
237.58,SYN.ETH-28FEB20,1582714743175,open,0.43,0.0,0.3895,0.475,0.430855,0.0,None,0.0,ETH-28FEB20-340-P,237.29,0.0,0.0,0.0,0.0,0.0,0.0,0.0,0.0,-0.01747,0.0,-1.0
259.38,SYN.ETH-25SEP20,1582714743175,open,0.94,0.0,0.853,1.039,0.94237,90.41,None,0.0,ETH-25SEP20-480-P,237.29,0.0,0.0,0.0,0.0,0.0,0.0,0.67805,-0.14466,-2.48576,0.00192,-0.70855
237.58,SYN.ETH-28FEB20,1582714743175,open,0.39,0.0,0.3485,0.432,0.388772,0.0,None,0.0,ETH-28FEB20-330-P,237.29,0.0,0.0,0.0,0.0,0.0,0.0,0.0,0.0,-0.01696,0.0,-1.0
259.38,SYN.ETH-25SEP20,1582714743177,open,0.54,0.0,0.4595,0.622,0.53931,86.97,None,0.0,ETH-25SEP20-360-P,237.29,18.65,0.3885,1.0,1.1,1.0,304.68,0.77795,-0.15966,-1.66259,0.00229,-0.5649
237.58,SYN.ETH-28FEB20,1582714743176,open,0.2,1758.0,0.176,0.2255,0.200493,129.98,0.263,0.0,ETH-28FEB20-190-C,237.29,0.0,0.182,18.0,0.221,18.0,337.66,0.00342,-0.1185,0.00967,0.00091,0.99276
237.42,SYN.ETH-27FEB20,1582714743174,open,0.18,0.0,0.145,0.216,0.179167,0.0,None,0.0,ETH-27FEB20-280-P,237.29,0.0,0.0,0.0,0.0,0.0,0.0,0.0,0.0,-0.00672,0.0,-1.0
237.42,SYN.ETH-27FEB20,1582714743174,open,0.08,0.0,0.045,0.1085,0.076539,126.76,None,0.0,ETH-27FEB20-220-C,237.29,0.0,0.0,0.0,0.0,0.0,0.0,0.02102,-1.33218,0.00467,0.01226,0.89587
259.38,SYN.ETH-25SEP20,1582714743175,open,0.42,275.0,0.343,0.4945,0.417636,85.99,0.36,0.0,ETH-25SEP20-320-P,237.29,76.23,0.388,250.0,0.435,250.0,91.7,0.78838,-0.15998,-1.37746,0.00235,-0.4972
237.42,SYN.ETH-27FEB20,1582714743174,open,0.08,112.0,0.043,0.112,0.075756,101.04,0.0695,0.0,ETH-27FEB20-255-P,237.29,0.0,0.001,1.0,0.0,0.0,0.0,0.01696,-0.85678,-0.00568,0.01241,-0.922
238.69,SYN.ETH-6MAR20,1582714743175,open,0.34,0.0,0.302,0.3905,0.343443,105.34,None,0.0,ETH-6MAR20-320-P,237.29,0.0,0.0,0.0,0.0,0.0,0.0,0.03486,-0.20689,-0.0754,0.00239,-0.95566
238.69,SYN.ETH-6MAR20,1582714743175,open,0.55,0.0,0.505,0.6,0.550436,109.18,None,0.0,ETH-6MAR20-370-P,237.29,0.0,0.0,0.0,0.0,0.0,0.0,0.0067,-0.0412,-0.08962,0.00044,-0.9936
237.58,SYN.ETH-28FEB20,1582714743176,open,0.47,0.0,0.4305,0.5185,0.472939,0.0,None,0.0,ETH-28FEB20-350-P,237.29,0.0,0.0,0.0,0.0,0.0,0.0,0.0,0.0,-0.01799,0.0,-1.0
237.42,SYN.ETH-27FEB20,1582714743174,open,0.2,0.0,0.1655,0.2375,0.200208,0.0,None,0.0,ETH-27FEB20-285-P,237.29,0.0,0.0,0.0,0.0,0.0,0.0,0.0,0.0,-0.00684,0.0,-1.0
238.69,SYN.ETH-6MAR20,1582714743175,open,0.01,62.0,0.0005,0.0265,0.007993,97.69,0.007,0.0,ETH-6MAR20-290-C,237.29,92.52,0.0065,600.0,0.0095,301.0,102.49,0.07212,-0.3969,0.00619,0.00533,0.11471
259.38,SYN.ETH-25SEP20,1582714743176,open,0.67,0.0,0.5835,0.7545,0.666985,87.52,None,0.0,ETH-25SEP20-400-P,237.29,0.0,0.0,0.0,0.0,0.0,0.0,0.74997,-0.1549,-1.9439,0.00219,-0.62406
237.42,SYN.ETH-27FEB20,1582714743174,open,0.04,250.0,0.0075,0.0755,0.040053,101.77,0.043,0.0,ETH-27FEB20-245-P,237.29,88.78,0.038,1.0,0.0415,30.0,110.53,0.03862,-1.96521,-0.00437,0.02806,-0.7276
237.58,SYN.ETH-28FEB20,1582714743175,open,0.08,1046.0,0.047,0.1115,0.079708,104.54,0.0815,0.0,ETH-28FEB20-220-C,237.29,96.79,0.0785,60.0,0.0845,60.0,131.02,0.03861,-1.07584,0.00948,0.01273,0.85617
237.58,SYN.ETH-28FEB20,1582714743179,open,0.14,961.0,0.1035,0.176,0.137826,103.48,0.1055,0.0,ETH-28FEB20-270-P,237.29,0.0,0.1075,13.0,0.15,88.0,189.95,0.01636,-0.45141,-0.01333,0.00545,-0.95423
259.38,SYN.ETH-25SEP20,1582714743177,open,0.45,168.0,0.4085,0.486,0.447627,84.59,0.546,0.0,ETH-25SEP20-160-C,237.29,34.92,0.386,1.0,0.0,0.0,0.0,0.44386,-0.0886,0.61807,0.00134,0.85812
238.69,SYN.ETH-6MAR20,1582714743175,open,0.26,0.0,0.2215,0.307,0.261815,97.64,None,0.0,ETH-6MAR20-300-P,237.29,0.0,0.0,0.0,1.058,25.0,500.0,0.05378,-0.29581,-0.06877,0.00398,-0.92296
237.42,SYN.ETH-27FEB20,1582714743174,open,0.02,658.0,0.001,0.057,0.024302,93.45,0.026,0.0,ETH-27FEB20-240-P,237.29,81.35,0.022,1.0,0.0255,1.0,99.71,0.04535,-2.11891,-0.00347,0.03589,-0.58445
237.42,SYN.ETH-27FEB20,1582714743175,open,0.16,0.0,0.1245,0.1945,0.158154,0.0,None,0.0,ETH-27FEB20-275-P,237.29,0.0,0.0,0.0,0.0,0.0,0.0,0.0,0.0,-0.0066,0.0,-1.0
237.42,SYN.ETH-27FEB20,1582714743174,open,0.22,0.0,0.186,0.259,0.22126,0.0,None,0.0,ETH-27FEB20-290-P,237.29,0.0,0.0,0.0,0.0,0.0,0.0,0.0,0.0,-0.00696,0.0,-1.0
238.69,SYN.ETH-6MAR20,1582714743175,open,0.47,0.0,0.4235,0.516,0.467216,109.65,None,0.0,ETH-6MAR20-350-P,237.29,0.0,0.0,0.0,0.0,0.0,0.0,0.01463,-0.09037,-0.08425,0.00096,-0.98434
238.69,SYN.ETH-6MAR20,1582714743175,open,0.21,0.0,0.1805,0.2365,0.208263,99.14,None,0.0,ETH-6MAR20-190-C,237.29,0.0,0.0,0.0,0.0,0.0,0.0,0.04445,-0.24824,0.04246,0.00324,0.93981
237.58,SYN.ETH-28FEB20,1582714743179,open,0.16,2296.0,0.1325,0.186,0.158872,120.86,0.24,0.0,ETH-28FEB20-200-C,237.29,0.0,0.1385,18.0,0.1815,18.0,298.49,0.00864,-0.27845,0.01001,0.00247,0.97886
259.38,SYN.ETH-25SEP20,1582714743175,open,1.08,0.0,0.9905,1.181,1.081516,90.39,None,0.0,ETH-25SEP20-520-P,237.29,0.0,0.0,0.0,0.0,0.0,0.0,0.63176,-0.13476,-2.7534,0.00179,-0.74716
237.58,SYN.ETH-28FEB20,1582714743178,open,0.1,1047.0,0.063,0.137,0.098378,102.0,0.0815,0.0,ETH-28FEB20-260-P,237.29,0.0,0.068,15.0,0.128,15.0,237.75,0.0332,-0.90276,-0.012,0.01122,-0.8843
238.69,SYN.ETH-6MAR20,1582714743175,open,0.42,0.0,0.383,0.4745,0.425972,111.01,None,0.0,ETH-6MAR20-340-P,237.29,0.0,0.0,0.0,0.0,0.0,0.0,0.02188,-0.13684,-0.08131,0.00142,-0.97483
237.58,SYN.ETH-28FEB20,1582714743198,open,0.02,2750.0,0.002,0.0535,0.023598,98.83,0.022,0.0,ETH-28FEB20-240-C,237.29,93.21,0.022,196.0,0.0255,99.0,105.52,0.06755,-1.77968,0.00529,0.02356,0.45712
237.42,SYN.ETH-27FEB20,1582714743201,open,0.02,658.0,0.001,0.0565,0.024302,93.45,0.026,0.0,ETH-27FEB20-240-P,237.29,81.35,0.022,1.0,0.026,1.0,102.32,0.04535,-2.11891,-0.00347,0.03589,-0.58445
237.58,SYN.ETH-28FEB20,1582714743202,open,0.01,831.0,0.0005,0.0425,0.014597,98.35,0.012,0.0,ETH-28FEB20-230-P,237.29,87.96,0.012,290.0,0.0155,1.0,101.91,0.06011,-1.5759,-0.00397,0.02107,-0.31027
259.38,SYN.ETH-25SEP20,1582714743217,open,0.63,3.0,0.6095,0.65,0.628964,88.78,0.642,0.0,ETH-25SEP20-100-C,237.29,82.32,0.625,1.0,0.6635,3.0,128.14,0.17129,-0.03589,0.498,0.00049,0.95971
9343.42,BTC-27MAR20,1582714743909,open,0.04,1607.8,0.0215,0.067,0.04082352,59.73,0.0415,0.0,BTC-27MAR20-10000-C,9165.14,58.51,0.0395,24.8,0.042,46.7,60.81,10.15763,-10.15376,2.575,0.00024,0.37753
9343.42,BTC-27MAR20,1582714743910,open,0.12,873.0,0.083,0.1445,0.11108398,59.72,0.112,0.0,BTC-27MAR20-10000-P,9165.14,56.87,0.108,4.0,0.114,17.8,62.39,10.15736,-10.15171,-5.61028,0.00024,-0.62251
9218.37,SYN.BTC-6MAR20,1582714743910,open,0.01,296.7,0.0005,0.02,0.00598808,62.94,0.0053,0.0,BTC-6MAR20-8250-P,9165.14,61.34,0.0055,50.0,0.0065,0.2,64.56,2.8591,-10.13732,-0.28023,0.00022,-0.11903
9859.02,SYN.BTC-25SEP20,1582714743909,open,0.19,282.2,0.148,0.2375,0.18879451,64.63,0.191,0.0,BTC-25SEP20-10000-C,9165.14,63.86,0.1865,12.4,0.1925,12.4,65.88,29.26699,-4.46369,22.73421,8e-05,0.58604
9176.66,SYN.BTC-28FEB20,1582714743910,open,0.01,1200.5,0.0005,0.0285,0.00916601,60.36,0.01,0.0,BTC-28FEB20-9000-P,9165.14,55.77,0.008,30.1,0.0095,0.2,61.66,2.34901,-37.79709,-0.15469,0.0009,-0.31887
9218.37,SYN.BTC-6MAR20,1582714743910,open,0.05,19.2,0.0275,0.075,0.04782553,56.47,0.0465,0.0,BTC-6MAR20-9000-C,9165.14,55.92,0.0475,18.0,0.0505,28.7,60.98,5.45504,-17.35373,1.2918,0.00047,0.6241
9218.37,SYN.BTC-6MAR20,1582714743911,open,0.02,314.7,0.0045,0.037,0.01487155,56.91,0.017,0.0,BTC-6MAR20-8750-P,9165.14,55.19,0.014,0.5,0.0155,20.0,58.14,4.6967,-15.0569,-0.62446,0.0004,-0.2637
9170.7,SYN.BTC-27FEB20,1582714743909,open,0.01,53.3,0.0005,0.028,0.00839904,54.93,0.0105,0.0,BTC-27FEB20-9125-P,9165.14,47.61,0.007,45.5,0.0095,24.0,60.67,1.75684,-48.25139,-0.09449,0.00159,-0.42108
9859.02,SYN.BTC-25SEP20,1582714743909,open,0.09,489.5,0.0565,0.141,0.09233759,68.83,0.092,0.0,BTC-25SEP20-14000-C,9165.14,68.35,0.091,4.0,0.094,16.5,69.42,27.59052,-4.48158,14.29931,7e-05,0.3422
9218.37,SYN.BTC-6MAR20,1582714743911,open,0.01,144.0,0.004,0.0365,0.01484876,57.37,0.015,0.0,BTC-6MAR20-9750-C,9165.14,55.75,0.014,24.4,0.0155,20.2,58.61,4.84145,-15.64771,0.59503,0.00041,0.2803
9170.7,SYN.BTC-27FEB20,1582714743909,open,0.01,25.5,0.0005,0.027,0.00804966,60.52,0.0055,0.0,BTC-27FEB20-9250-C,9165.14,54.91,0.007,20.0,0.009,1.0,65.55,1.72521,-52.20084,0.08435,0.00141,0.39141
9218.37,SYN.BTC-6MAR20,1582714743910,open,0.04,295.4,0.018,0.0655,0.03621189,55.33,0.039,0.0,BTC-6MAR20-9250-P,9165.14,50.97,0.0335,18.0,0.036,4.0,54.99,5.73478,-17.87487,-1.19891,0.0005,-0.49863
9218.37,SYN.BTC-6MAR20,1582714743910,open,0.01,87.8,0.0005,0.021,0.00651992,60.56,0.007,0.0,BTC-6MAR20-10250-C,9165.14,59.05,0.006,42.0,0.007,0.1,61.92,3.21431,-10.96594,0.30135,0.00026,0.14095
9218.37,SYN.BTC-6MAR20,1582714743912,open,0.01,294.1,0.0005,0.028,0.01001514,59.28,0.0095,0.0,BTC-6MAR20-10000-C,9165.14,56.93,0.009,35.0,0.0105,20.3,60.38,4.0496,-13.52355,0.43055,0.00033,0.20209
9859.02,SYN.BTC-25SEP20,1582714743910,open,0.07,383.5,0.0365,0.112,0.06703485,70.5,0.067,0.0,BTC-25SEP20-16000-C,9165.14,69.88,0.0655,4.0,0.069,21.8,71.28,24.52722,-4.08046,11.23732,6e-05,0.26339
238.69,SYN.ETH-6MAR20,1582714744261,open,0.01,404.0,0.001,0.0325,0.011462,94.92,0.013,0.0,ETH-6MAR20-280-C,237.29,90.93,0.01,538.0,0.013,251.0,98.92,0.08968,-0.47957,0.00848,0.00682,0.15763
242.05,ETH-27MAR20,1582714744264,open,0.0,12884.0,0.0005,0.011,0.001387,130.0,0.0015,0.0,ETH-27MAR20-600-C,237.29,125.17,0.001,640.0,0.003,77.0,143.44,0.02174,-0.04729,0.00212,0.00035,0.01207
238.69,SYN.ETH-6MAR20,1582714744265,open,0.0,37.0,0.0005,0.013,0.002372,110.65,0.006,0.0,ETH-6MAR20-330-C,237.29,102.69,0.0015,300.0,0.0035,322.0,118.64,0.02986,-0.18614,0.00199,0.00195,0.03664
238.69,SYN.ETH-6MAR20,1582714744272,open,0.01,184.0,0.0015,0.0335,0.012411,88.72,0.014,0.0,ETH-6MAR20-210-P,237.29,84.93,0.011,534.0,0.014,253.0,92.83,0.09052,-0.45244,-0.01,0.00736,-0.15989
238.69,SYN.ETH-6MAR20,1582714744274,open,0.02,100.0,0.0025,0.041,0.016651,92.37,0.017,0.0,ETH-6MAR20-270-C,237.29,88.7,0.015,531.0,0.018,115.0,95.28,0.10924,-0.56841,0.01161,0.00854,0.21664
237.58,SYN.ETH-28FEB20,1582714744276,open,0.02,2750.0,0.002,0.0535,0.023598,98.83,0.022,0.0,ETH-28FEB20-240-C,237.29,93.21,0.022,193.0,0.0255,99.0,105.52,0.06755,-1.77968,0.00529,0.02356,0.45712
238.69,SYN.ETH-6MAR20,1582714744278,open,0.0,88.0,0.0005,0.0175,0.004143,103.87,0.0045,0.0,ETH-6MAR20-310-C,237.29,97.4,0.003,600.0,0.0055,330.0,110.4,0.04587,-0.26842,0.0034,0.00319,0.06267
238.69,SYN.ETH-6MAR20,1582714744279,open,0.0,291.0,0.0005,0.015,0.003073,107.06,0.003,0.0,ETH-6MAR20-320-C,237.29,99.19,0.002,600.0,0.0045,332.0,115.36,0.03668,-0.2212,0.00256,0.00247,0.04723
242.05,ETH-27MAR20,1582714744281,open,0.2,3396.0,0.1695,0.239,0.20499,90.31,0.2025,0.0,ETH-27MAR20-200-C,237.29,79.74,0.197,213.0,0.213,225.0,100.27,0.18959,-0.28653,0.11932,0.00438,0.80724
237.58,SYN.ETH-28FEB20,1582714744282,open,0.14,961.0,0.1035,0.176,0.137826,103.48,0.1055,0.0,ETH-28FEB20-270-P,237.29,0.0,0.1075,38.0,0.15,88.0,189.95,0.01636,-0.45141,-0.01333,0.00545,-0.95423
242.05,ETH-27MAR20,1582714744284,open,0.21,1468.0,0.1595,0.2575,0.207403,91.4,0.205,0.0,ETH-27MAR20-280-P,237.29,83.22,0.199,400.0,0.2505,17.0,131.02,0.25228,-0.38591,-0.17285,0.00576,-0.66503
237.58,SYN.ETH-28FEB20,1582714744287,open,0.03,1213.0,0.0055,0.068,0.033613,98.22,0.036,0.0,ETH-28FEB20-240-P,237.29,85.49,0.03,180.0,0.0345,2.0,101.33,0.06754,-1.76836,-0.00704,0.02371,-0.54332
242.05,ETH-27MAR20,1582714744291,open,0.59,1116.0,0.5745,0.6,0.587201,119.72,0.6285,0.0,ETH-27MAR20-100-C,237.29,0.0,0.1875,25.0,0.7475,25.0,500.0,0.00626,-0.01255,0.0812,0.00011,0.99704
242.05,ETH-27MAR20,1582714744294,open,0.27,2566.0,0.242,0.3025,0.272273,94.27,0.3205,0.0,ETH-27MAR20-180-C,237.29,47.95,0.257,47.0,0.2985,22.0,135.25,0.12917,-0.20379,0.12263,0.00286,0.89122
242.05,ETH-27MAR20,1582714744298,open,0.43,662.0,0.405,0.4475,0.425757,111.13,0.479,0.0,ETH-27MAR20-140-C,237.29,0.0,0.4215,1.0,0.4425,25.0,163.68,0.0471,-0.08759,0.10783,0.00088,0.97002
237.58,SYN.ETH-28FEB20,1582714744300,open,0.1,1047.0,0.063,0.137,0.098378,102.0,0.0815,0.0,ETH-28FEB20-260-P,237.29,0.0,0.068,40.0,0.128,15.0,237.75,0.0332,-0.90276,-0.012,0.01122,-0.8843
237.58,SYN.ETH-28FEB20,1582714744302,open,0.18,522.0,0.1445,0.2165,0.178816,98.52,0.093,0.0,ETH-28FEB20-280-P,237.29,0.0,0.1485,38.0,0.2085,13.0,300.65,0.00492,-0.12933,-0.01426,0.00172,-0.98902
237.58,SYN.ETH-28FEB20,1582714744303,open,0.22,119.0,0.1855,0.258,0.220555,0.0,0.14,0.0,ETH-28FEB20-290-P,237.29,0.0,0.1895,37.0,0.2505,12.0,333.89,0.0,0.0,-0.0149,0.0,-1.0
238.69,SYN.ETH-6MAR20,1582714744304,open,0.15,233.0,0.1065,0.191,0.147589,91.89,0.174,0.0,ETH-6MAR20-270-P,237.29,0.0,0.113,35.0,0.1845,10.0,160.98,0.10883,-0.56334,-0.05412,0.00855,-0.78477
242.05,ETH-27MAR20,1582714744306,open,0.35,1712.0,0.2975,0.403,0.348364,97.26,0.271,0.0,ETH-27MAR20-320-P,237.29,0.0,0.3045,37.0,0.3895,12.0,142.04,0.19017,-0.30953,-0.22876,0.00408,-0.80627
237.58,SYN.ETH-28FEB20,1582714744307,open,0.26,105.0,0.226,0.3015,0.262547,0.0,0.1335,0.0,ETH-28FEB20-300-P,237.29,0.0,0.234,36.0,0.2925,11.0,364.67,0.0,0.0,-0.01542,0.0,-1.0
237.58,SYN.ETH-28FEB20,1582714744310,open,0.14,961.0,0.1035,0.176,0.137826,103.48,0.1055,0.0,ETH-28FEB20-270-P,237.29,0.0,0.1075,13.0,0.15,88.0,189.95,0.01636,-0.45141,-0.01333,0.00545,-0.95423
242.05,ETH-27MAR20,1582714744312,open,0.27,2566.0,0.242,0.3025,0.272273,94.27,0.3205,0.0,ETH-27MAR20-180-C,237.29,47.95,0.257,22.0,0.2985,22.0,135.25,0.12917,-0.20379,0.12263,0.00286,0.89122
237.58,SYN.ETH-28FEB20,1582714744315,open,0.1,1047.0,0.063,0.137,0.098378,102.0,0.0815,0.0,ETH-28FEB20-260-P,237.29,0.0,0.068,15.0,0.128,15.0,237.75,0.0332,-0.90276,-0.012,0.01122,-0.8843
237.58,SYN.ETH-28FEB20,1582714744316,open,0.18,522.0,0.1445,0.2165,0.178816,98.52,0.093,0.0,ETH-28FEB20-280-P,237.29,0.0,0.1485,13.0,0.2085,13.0,300.65,0.00492,-0.12933,-0.01426,0.00172,-0.98902
237.58,SYN.ETH-28FEB20,1582714744318,open,0.22,119.0,0.1855,0.258,0.220555,0.0,0.14,0.0,ETH-28FEB20-290-P,237.29,0.0,0.1895,12.0,0.2505,12.0,333.89,0.0,0.0,-0.0149,0.0,-1.0
238.69,SYN.ETH-6MAR20,1582714744319,open,0.15,233.0,0.1065,0.191,0.147589,91.89,0.174,0.0,ETH-6MAR20-270-P,237.29,0.0,0.113,10.0,0.1845,10.0,160.98,0.10883,-0.56334,-0.05412,0.00855,-0.78477
242.05,ETH-27MAR20,1582714744321,open,0.35,1712.0,0.2975,0.403,0.348364,97.26,0.271,0.0,ETH-27MAR20-320-P,237.29,0.0,0.3045,12.0,0.3895,12.0,142.04,0.19017,-0.30953,-0.22876,0.00408,-0.80627
237.58,SYN.ETH-28FEB20,1582714744322,open,0.26,105.0,0.226,0.3015,0.262547,0.0,0.1335,0.0,ETH-28FEB20-300-P,237.29,0.0,0.234,11.0,0.2925,11.0,364.67,0.0,0.0,-0.01542,0.0,-1.0
9176.66,SYN.BTC-28FEB20,1582714744910,open,0.02,191.8,0.004,0.0445,0.02142478,59.67,0.022,0.0,BTC-28FEB20-9250-P,9165.14,49.27,0.0185,38.2,0.021,6.6,58.17,2.58904,-41.18455,-0.27674,0.001,-0.56541
9343.49,BTC-27MAR20,1582714744917,open,0.01,1105.8,0.0005,0.023,0.00921701,64.09,0.0095,0.0,BTC-27MAR20-7500-P,9165.02,62.62,0.0085,64.0,0.01,24.0,65.64,4.63898,-4.97591,-0.82362,0.0001,-0.09848
9176.66,SYN.BTC-28FEB20,1582714744916,open,0.0,435.4,0.0005,0.015,0.00242719,66.88,0.0015,0.0,BTC-28FEB20-9750-C,9165.02,63.52,0.002,32.0,0.003,42.0,71.01,1.21651,-21.6887,0.04954,0.00042,0.10748
9176.66,SYN.BTC-28FEB20,1582714744917,open,0.0,386.0,0.0005,0.022,0.00549399,61.33,0.0045,0.0,BTC-28FEB20-9500-C,9165.02,58.98,0.005,24.0,0.006,9.0,63.67,1.95758,-32.00228,0.10207,0.00074,0.22193
242.04,ETH-27MAR20,1582714745188,open,0.27,0.0,0.2255,0.327,0.27486,93.44,None,0.0,ETH-27MAR20-300-P,237.28,0.0,0.0,0.0,0.286,1.0,105.23,0.2208,-0.34529,-0.20272,0.00493,-0.74838
242.04,ETH-27MAR20,1582714745188,open,0.66,5.0,0.6075,0.724,0.662465,111.09,0.42,0.0,ETH-27MAR20-400-P,237.28,0.0,0.0,0.0,0.891,1.0,350.04,0.10055,-0.18694,-0.31399,0.00189,-0.92245
242.04,ETH-27MAR20,1582714745188,open,0.05,12616.0,0.0225,0.0835,0.050581,91.38,0.046,0.0,ETH-27MAR20-280-C,237.28,88.89,0.048,400.0,0.054,497.0,94.64,0.25223,-0.38574,0.05632,0.00576,0.33485
242.04,ETH-27MAR20,1582714745188,open,0.02,10.0,0.005,0.0435,0.019782,100.62,0.0195,0.0,ETH-27MAR20-340-C,237.28,98.67,0.0185,10.0,0.021,263.0,102.43,0.16143,-0.27186,0.02579,0.00335,0.14997
251.87,ETH-26JUN20,1582714745188,open,0.79,0.0,0.7245,0.8805,0.798987,92.39,None,0.0,ETH-26JUN20-440-P,237.28,0.0,0.01,50.0,0.0,0.0,0.0,0.42542,-0.16258,-1.31982,0.00219,-0.78332
242.03,ETH-27MAR20,1582714745188,open,0.14,66.0,0.1025,0.193,0.146592,89.26,0.1435,0.0,ETH-27MAR20-260-P,237.28,85.19,0.142,144.0,0.151,169.0,93.16,0.27304,-0.40789,-0.14012,0.00638,-0.56071
237.42,SYN.ETH-27FEB20,1582714745188,open,0.0,125.0,0.0005,0.0105,0.000475,111.54,0.0005,0.0,ETH-27FEB20-265-C,237.28,112.44,0.0005,2.0,0.0015,150.0,136.89,0.00648,-0.11274,0.00013,0.00429,0.02361
251.87,ETH-26JUN20,1582714745188,open,0.11,1908.0,0.068,0.1625,0.114063,87.18,0.134,0.0,ETH-26JUN20-320-C,237.28,85.36,0.11,277.0,0.118,320.0,88.93,0.56362,-0.20325,0.24723,0.00308,0.41046
242.03,ETH-27MAR20,1582714745189,open,0.1,4577.0,0.0665,0.141,0.104076,88.06,0.1065,0.0,ETH-27MAR20-240-C,237.28,84.45,0.1,399.0,0.1085,280.0,91.99,0.27276,-0.402,0.09098,0.00646,0.56332
242.03,ETH-27MAR20,1582714745189,open,0.51,188.0,0.4895,0.5235,0.506032,120.34,0.5445,0.0,ETH-27MAR20-120-C,237.28,95.39,0.5045,1.0,0.666,25.0,470.81,0.02404,-0.04841,0.09517,0.00042,0.98644
242.03,ETH-27MAR20,1582714745188,open,0.03,2776.0,0.012,0.058,0.031299,90.33,0.0305,0.0,ETH-27MAR20-200-P,237.28,88.01,0.0295,192.0,0.033,704.0,92.48,0.18964,-0.28668,-0.04441,0.00438,-0.19288
242.03,ETH-27MAR20,1582714745190,open,0.07,12.0,0.039,0.108,0.072434,89.34,0.0685,0.0,ETH-27MAR20-260-C,237.28,85.85,0.0685,144.0,0.0765,169.0,92.94,0.27305,-0.40827,0.0727,0.00637,0.43944
251.87,ETH-26JUN20,1582714745191,open,0.38,240.0,0.318,0.454,0.384649,87.22,0.337,0.0,ETH-26JUN20-320-P,237.28,80.63,0.37,320.0,0.412,320.0,99.33,0.56366,-0.20335,-0.81247,0.00308,-0.58941
242.03,ETH-27MAR20,1582714745191,open,0.0,1405.0,0.0005,0.0115,0.001817,120.13,0.0025,0.0,ETH-27MAR20-120-P,237.28,110.21,0.001,30.0,0.003,83.0,130.3,0.02386,-0.04798,-0.00302,0.00041,-0.01344
242.03,ETH-27MAR20,1582714745191,open,0.82,0.0,0.7665,0.8905,0.824796,117.74,None,0.0,ETH-27MAR20-440-P,237.28,0.0,0.003,50.0,1.0885,1.0,399.54,0.07607,-0.14991,-0.35077,0.00135,-0.94586
242.03,ETH-27MAR20,1582714745191,open,0.06,1339.0,0.028,0.0915,0.057021,88.17,0.06,0.0,ETH-27MAR20-220-P,237.28,85.16,0.054,192.0,0.059,400.0,90.14,0.24324,-0.35892,-0.07211,0.00575,-0.30697
251.86,ETH-26JUN20,1582714745192,open,0.51,1.0,0.448,0.594,0.51895,90.59,1.827,0.0,ETH-26JUN20-360-P,237.28,0.0,0.015,2.0,1.3,1.0,500.0,0.52839,-0.19801,-0.98702,0.00278,-0.66442
242.03,ETH-27MAR20,1582714745192,open,0.99,0.0,0.9265,1.0575,0.988035,123.04,None,0.0,ETH-27MAR20-480-P,237.28,0.0,0.004,50.0,0.0,0.0,0.0,0.05776,-0.11893,-0.38623,0.00098,-0.96157
242.03,ETH-27MAR20,1582714745192,open,0.15,2534.0,0.11,0.1845,0.148096,88.22,0.154,0.0,ETH-27MAR20-220-C,237.28,84.13,0.144,144.0,0.151,213.0,91.11,0.24326,-0.35916,0.10794,0.00575,0.69298
259.38,SYN.ETH-25SEP20,1582714745188,open,1.96,0.0,1.859,2.085,1.965107,94.55,None,0.0,ETH-25SEP20-760-P,237.28,0.0,0.0,0.0,0.0,0.0,0.0,0.41537,-0.09268,-4.27058,0.00112,-0.87121
237.58,SYN.ETH-28FEB20,1582714745188,open,0.0,1276.0,0.0005,0.0105,0.00012,106.56,0.0005,0.0,ETH-28FEB20-290-C,237.28,0.0,0.0,0.0,0.0015,365.0,150.42,0.00249,-0.02841,6e-05,0.00081,0.00506
237.42,SYN.ETH-27FEB20,1582714745188,open,0.0,749.0,0.0005,0.024,0.0041,102.8,0.002,0.0,ETH-27FEB20-250-C,237.28,88.08,0.0025,120.0,0.005,121.0,110.14,0.02813,-0.97335,0.00088,0.02024,0.1586
237.58,SYN.ETH-28FEB20,1582714745191,open,0.0,4341.0,0.0005,0.0105,0.000551,116.54,0.0005,0.0,ETH-28FEB20-200-P,237.28,114.85,0.0005,300.0,0.002,291.0,145.96,0.00745,-0.13099,-0.00022,0.0022,-0.01774
259.38,SYN.ETH-25SEP20,1582714745188,open,1.52,0.0,1.4195,1.627,1.517539,92.47,None,0.0,ETH-25SEP20-640-P,237.28,0.0,0.0,0.0,0.0,0.0,0.0,0.51175,-0.11167,-3.52521,0.00142,-0.82374
237.42,SYN.ETH-27FEB20,1582714745188,open,0.0,8.0,0.0005,0.027,0.005005,115.18,0.0045,0.0,ETH-27FEB20-225-P,237.28,110.93,0.0045,96.0,0.0055,150.0,119.21,0.02869,-1.18824,-0.00096,0.01842,-0.1634
259.38,SYN.ETH-25SEP20,1582714745190,open,2.41,0.0,2.3035,2.5495,2.418913,96.82,None,0.0,ETH-25SEP20-880-P,237.28,0.0,0.0,0.0,0.0,0.0,0.0,0.3443,-0.07867,-4.99872,0.00091,-0.901
259.38,SYN.ETH-25SEP20,1582714745192,open,2.26,0.0,2.155,2.3945,2.267509,96.29,None,0.0,ETH-25SEP20-840-P,237.28,0.0,0.0,0.0,0.0,0.0,0.0,0.36776,-0.08356,-4.75658,0.00098,-0.89158
259.38,SYN.ETH-25SEP20,1582714745191,open,2.11,0.0,2.007,2.24,2.11652,95.72,None,0.0,ETH-25SEP20-800-P,237.28,0.0,0.0,0.0,0.0,0.0,0.0,0.39315,-0.08881,-4.51321,0.00105,-0.88094
238.69,SYN.ETH-6MAR20,1582714745191,open,0.04,81.0,0.0105,0.0655,0.035272,87.68,0.036,0.0,ETH-6MAR20-250-C,237.28,84.72,0.0335,271.0,0.0375,136.0,91.39,0.14317,-0.70718,0.02079,0.01179,0.39354
237.42,SYN.ETH-27FEB20,1582714745188,open,0.01,500.0,0.0005,0.033,0.0083,102.85,0.0105,0.0,ETH-27FEB20-245-C,237.28,85.0,0.0055,120.0,0.0095,120.0,110.1,0.03878,-1.97066,0.00152,0.02788,0.27469
259.38,SYN.ETH-25SEP20,1582714745191,open,0.31,540.0,0.239,0.3765,0.306948,85.48,0.307,0.0,ETH-25SEP20-280-P,237.28,80.64,0.2925,169.0,0.307,250.0,85.5,0.7715,-0.15563,-1.09084,0.00231,-0.41753
259.38,SYN.ETH-25SEP20,1582714745195,open,1.37,0.0,1.275,1.477,1.370852,91.94,None,0.0,ETH-25SEP20-600-P,237.28,0.0,0.0,0.0,0.0,0.0,0.0,0.55078,-0.1195,-3.27086,0.00153,-0.80149
237.42,SYN.ETH-27FEB20,1582714745188,open,0.04,0.0,0.0075,0.072,0.039934,107.41,None,0.0,ETH-27FEB20-230-C,237.28,88.38,0.037,30.0,0.043,30.0,126.03,0.03805,-2.04335,0.00396,0.02619,0.73558
237.58,SYN.ETH-28FEB20,1582714745191,open,0.05,1091.0,0.014,0.079,0.046665,99.02,0.0475,0.0,ETH-28FEB20-230-C,237.28,92.4,0.045,201.0,0.051,198.0,115.87,0.06019,-1.58877,0.00784,0.02096,0.68872
259.38,SYN.ETH-25SEP20,1582714745192,open,1.66,0.0,1.5655,1.7785,1.665751,93.13,None,0.0,ETH-25SEP20-680-P,237.28,0.0,0.0,0.0,0.0,0.0,0.0,0.47652,-0.10473,-3.77615,0.00131,-0.84219
238.69,SYN.ETH-6MAR20,1582714745192,open,0.06,784.0,0.0245,0.094,0.057259,87.4,0.055,0.0,ETH-6MAR20-240-P,237.28,79.75,0.0525,180.0,0.0585,217.0,89.4,0.14843,-0.73084,-0.03169,0.01226,-0.48878
237.42,SYN.ETH-27FEB20,1582714745188,open,0.0,4.0,0.0005,0.0215,0.00301,124.95,0.0025,0.0,ETH-27FEB20-220-P,237.28,118.82,0.0025,96.0,0.0035,150.0,130.42,0.02056,-0.71466,-0.00059,0.01217,-0.10104
259.38,SYN.ETH-25SEP20,1582714745194,open,1.81,0.0,1.712,1.931,1.814929,93.78,None,0.0,ETH-25SEP20-720-P,237.28,0.0,0.0,0.0,0.0,0.0,0.0,0.44399,-0.09826,-4.02466,0.00121,-0.85806
238.69,SYN.ETH-6MAR20,1582714745192,open,0.07,1.0,0.0395,0.1075,0.073742,87.79,0.0755,0.0,ETH-6MAR20-230-C,237.28,82.26,0.0705,191.0,0.077,217.0,93.33,0.14018,-0.69324,0.03245,0.01153,0.63288
237.58,SYN.ETH-28FEB20,1582714745191,open,0.33,534.0,0.306,0.346,0.326656,202.54,0.368,0.0,ETH-28FEB20-160-C,237.28,0.0,0.311,21.0,0.3415,21.0,458.95,0.00137,-0.07374,0.00819,0.00023,0.99741
237.58,SYN.ETH-28FEB20,1582714745189,open,0.06,2119.0,0.027,0.101,0.06311,102.26,0.068,0.0,ETH-28FEB20-250-P,237.28,80.94,0.0585,60.0,0.065,60.0,110.32,0.0547,-1.49109,-0.00986,0.01844,-0.7449
237.42,SYN.ETH-27FEB20,1582714745188,open,0.01,212.0,0.0005,0.0345,0.008518,106.37,0.0095,0.0,ETH-27FEB20-230-P,237.28,99.92,0.0075,100.0,0.01,401.0,115.52,0.03791,-2.01647,-0.00154,0.02635,-0.26258
238.69,SYN.ETH-6MAR20,1582714745193,open,0.08,80.0,0.045,0.122,0.082436,87.34,0.0855,0.0,ETH-6MAR20-250-P,237.28,79.91,0.078,180.0,0.0845,180.0,90.78,0.14311,-0.70417,-0.04002,0.01183,-0.60706
237.58,SYN.ETH-28FEB20,1582714745192,open,0.0,1197.0,0.0005,0.014,0.001559,106.24,0.001,0.0,ETH-28FEB20-270-C,237.28,87.23,0.0005,390.0,0.003,300.0,122.27,0.01766,-0.37037,0.0006,0.00573,0.05033
259.38,SYN.ETH-25SEP20,1582714745189,open,0.07,238.0,0.0345,0.1,0.064398,84.54,0.064,0.0,ETH-25SEP20-160-P,237.28,82.25,0.0605,290.0,0.068,250.0,86.64,0.44376,-0.08854,-0.31052,0.00134,-0.14183
