underlying_price,underlying_index,timestamp,state,settlement_price,open_interest,min_price,max_price,mark_price,mark_iv,last_price,interest_rate,instrument_name,index_price,bid_iv,best_bid_price,best_bid_amount,best_ask_price,best_ask_amount,ask_iv,vega,theta,rho,gamma,delta
170.93,SYN.ETH-24JAN20,1579258740015,open,0.23,0.0,0.194,0.276,0.232848,99.22,None,0.0,ETH-24JAN20-210-P,170.5,0.0,0.0,0.0,0.0,0.0,0.0,0.03303,-0.23833,-0.0373,0.00605,-0.92553
170.93,SYN.ETH-24JAN20,1579258740015,open,0.0,26.0,0.001,0.011,1.9e-05,120.04,0.001,0.0,ETH-24JAN20-100-P,170.5,0.0,0.0,0.0,0.001,99.0,180.02,0.00036,-0.00313,-1e-05,5e-05,-0.00042
170.93,SYN.ETH-24JAN20,1579258740019,open,0.18,0.0,0.139,0.22,0.177736,94.52,None,0.0,ETH-24JAN20-200-P,170.5,0.0,0.0,0.0,0.0,0.0,0.0,0.04855,-0.33373,-0.03387,0.00933,-0.87404
171.38,SYN.ETH-31JAN20,1579258740162,open,0.0,789.0,0.001,0.011,0.000151,120.03,0.001,0.0,ETH-31JAN20-90-P,170.5,0.0,0.0,0.0,0.001,25.0,149.58,0.00218,-0.00941,-0.00014,0.00016,-0.00206
171.38,SYN.ETH-31JAN20,1579258740162,open,0.02,345.0,0.003,0.037,0.015717,79.63,0.015,0.0,ETH-31JAN20-150-P,170.5,78.2,0.015,14.0,0.017,10.0,82.16,0.08605,-0.24692,-0.01241,0.00968,-0.17472
171.38,SYN.ETH-31JAN20,1579258740164,open,0.07,650.0,0.032,0.095,0.062979,76.07,0.065,0.0,ETH-31JAN20-170-C,170.5,73.5,0.061,1120.0,0.066,650.0,79.99,0.13221,-0.36239,0.0318,0.01557,0.55112
171.38,SYN.ETH-31JAN20,1579258740164,open,0.14,1221.0,0.107,0.172,0.140294,79.33,0.15,0.0,ETH-31JAN20-150-C,170.5,78.74,0.14,608.0,0.144,650.0,86.51,0.08581,-0.24528,0.04468,0.00969,0.82605
171.38,SYN.ETH-31JAN20,1579258740164,open,0.0,445.0,0.001,0.017,0.004808,95.03,0.003,0.0,ETH-31JAN20-130-P,170.5,91.21,0.004,418.0,0.006,950.0,100.1,0.03802,-0.13019,-0.004,0.00358,-0.0566
171.38,SYN.ETH-31JAN20,1579258740164,open,0.48,2.0,0.459,0.491,0.474897,110.03,0.473,0.0,ETH-31JAN20-90-C,170.5,0.0,0.467,43.0,0.483,43.0,215.6,0.00106,-0.0042,0.03415,9e-05,0.99906
171.38,SYN.ETH-31JAN20,1579258740164,open,0.0,1245.0,0.001,0.011,0.001991,119.04,0.001,0.0,ETH-31JAN20-110-P,170.5,106.94,0.001,681.0,0.003,325.0,127.93,0.01711,-0.07339,-0.00152,0.00129,-0.02137
173.14,SYN.ETH-28FEB20,1579258740176,open,0.01,154.0,0.001,0.023,0.009334,95.54,0.016,0.0,ETH-28FEB20-110-P,170.5,92.06,0.008,30.0,0.011,565.0,99.57,0.06891,-0.07861,-0.01357,0.0021,-0.05896
173.14,SYN.ETH-28FEB20,1579258740176,open,0.01,182.0,0.004,0.03,0.013352,88.69,0.014,0.0,ETH-28FEB20-120-P,170.5,86.08,0.012,584.0,0.015,953.0,91.74,0.09146,-0.09685,-0.01959,0.003,-0.08525
173.14,SYN.ETH-28FEB20,1579258740176,open,0.15,524.0,0.107,0.182,0.145518,79.63,0.15,0.0,ETH-28FEB20-160-C,170.5,77.59,0.143,583.0,0.148,20.0,81.64,0.21353,-0.20302,0.10329,0.0078,0.66551
173.14,SYN.ETH-28FEB20,1579258740176,open,0.01,433.0,0.001,0.016,0.006012,101.36,0.006,0.0,ETH-28FEB20-100-P,170.5,97.58,0.005,30.0,0.007,325.0,104.72,0.04879,-0.05905,-0.0088,0.0014,-0.03831
173.14,SYN.ETH-28FEB20,1579258740176,open,0.0,829.0,0.001,0.014,0.004007,108.93,0.003,0.0,ETH-28FEB20-90-P,170.5,103.43,0.003,20.0,0.005,395.0,113.61,0.03442,-0.04476,-0.00579,0.00092,-0.02512
173.14,SYN.ETH-28FEB20,1579258740179,open,0.43,21.0,0.407,0.451,0.428355,101.0,0.267,0.0,ETH-28FEB20-100-C,170.5,0.0,0.422,1.0,0.436,42.0,122.72,0.04836,-0.05832,0.10603,0.00139,0.96211
173.14,SYN.ETH-28FEB20,1579258740179,open,0.03,38.0,0.013,0.058,0.031837,82.11,0.032,0.0,ETH-28FEB20-140-P,170.5,80.05,0.03,605.0,0.034,463.0,84.49,0.15562,-0.15256,-0.04273,0.00551,-0.18325
173.14,SYN.ETH-28FEB20,1579258740179,open,0.05,304.0,0.023,0.079,0.047983,80.53,0.045,0.0,ETH-28FEB20-150-P,170.5,78.7,0.046,553.0,0.051,956.0,83.3,0.18788,-0.18066,-0.05996,0.00678,-0.25386
173.14,SYN.ETH-28FEB20,1579258740179,open,0.27,28.0,0.238,0.301,0.269828,84.75,0.249,0.0,ETH-28FEB20-130-C,170.5,40.76,0.25,58.0,0.29,58.0,110.32,0.1219,-0.12335,0.11987,0.00418,0.87325
173.14,SYN.ETH-28FEB20,1579258740179,open,0.12,542.0,0.078,0.153,0.115377,79.44,0.102,0.0,ETH-28FEB20-170-C,170.5,77.65,0.113,483.0,0.118,508.0,81.43,0.22921,-0.21742,0.09235,0.00839,0.58028
173.14,SYN.ETH-28FEB20,1579258740178,open,0.22,114.0,0.188,0.257,0.223116,81.95,0.185,0.0,ETH-28FEB20-140-C,170.5,74.96,0.217,440.0,0.232,220.0,91.56,0.15545,-0.15211,0.11798,0.00552,0.81707
173.14,SYN.ETH-28FEB20,1579258740178,open,0.02,482.0,0.007,0.042,0.020783,84.93,0.026,0.0,ETH-28FEB20-130-P,170.5,82.37,0.019,675.0,0.023,1197.0,88.02,0.12216,-0.12388,-0.02938,0.00418,-0.12714
173.14,SYN.ETH-28FEB20,1579258740178,open,0.37,5.0,0.349,0.399,0.373911,95.26,0.229,0.0,ETH-28FEB20-110-C,170.5,0.0,0.359,40.0,0.383,40.0,114.68,0.06852,-0.07794,0.11274,0.00209,0.94147
173.14,SYN.ETH-28FEB20,1579258740183,open,0.17,1.0,0.124,0.217,0.169353,80.85,0.169,0.0,ETH-28FEB20-190-P,170.5,75.27,0.162,164.0,0.174,164.0,84.35,0.22922,-0.22128,-0.14889,0.00824,-0.58018
173.14,SYN.ETH-28FEB20,1579258740183,open,0.09,1189.0,0.055,0.127,0.090502,79.47,0.096,0.0,ETH-28FEB20-180-C,170.5,77.61,0.088,778.0,0.094,670.0,82.05,0.23395,-0.22198,0.08057,0.00856,0.49612
173.14,SYN.ETH-28FEB20,1579258740183,open,0.18,214.0,0.144,0.217,0.181496,80.4,0.156,0.0,ETH-28FEB20-150-C,170.5,78.09,0.179,618.0,0.184,519.0,82.7,0.18779,-0.18027,0.1122,0.00679,0.74635
173.14,SYN.ETH-28FEB20,1579258740183,open,0.1,589.0,0.06,0.138,0.097396,79.57,0.094,0.0,ETH-28FEB20-170-P,170.5,77.76,0.095,511.0,0.1,488.0,81.54,0.22921,-0.21777,-0.10271,0.00837,-0.41967
173.14,SYN.ETH-28FEB20,1579258740183,open,0.13,1.0,0.088,0.175,0.130286,79.6,0.148,0.0,ETH-28FEB20-180-P,170.5,74.95,0.124,164.0,0.135,164.0,83.09,0.23395,-0.22235,-0.12594,0.00855,-0.50369
171.38,SYN.ETH-31JAN20,1579258740232,open,0.24,1.0,0.195,0.282,0.236787,89.03,0.23,0.0,ETH-31JAN20-210-P,170.5,0.0,0.2,1.0,0.0,0.0,0.0,0.07406,-0.23759,-0.07151,0.00745,-0.86085
171.38,SYN.ETH-31JAN20,1579258740232,open,0.13,5.0,0.094,0.177,0.134732,81.61,0.121,0.0,ETH-31JAN20-190-P,170.5,71.12,0.128,80.0,0.138,80.0,86.49,0.11339,-0.33346,-0.05538,0.01244,-0.71525
173.14,SYN.ETH-28FEB20,1579258740232,open,0.41,0.0,0.359,0.467,0.410853,88.68,None,0.0,ETH-28FEB20-240-P,170.5,0.0,0.0,0.0,0.0,0.0,0.0,0.15086,-0.15974,-0.24561,0.00495,-0.82558
173.14,SYN.ETH-28FEB20,1579258740232,open,0.26,0.0,0.21,0.312,0.259623,84.49,None,0.0,ETH-28FEB20-210-P,170.5,0.0,0.0,0.0,0.0,0.0,0.0,0.20317,-0.20496,-0.1911,0.00699,-0.70238
173.14,SYN.ETH-28FEB20,1579258740232,open,0.36,0.0,0.307,0.413,0.358339,86.84,None,0.0,ETH-28FEB20-230-P,170.5,0.0,0.0,0.0,0.0,0.0,0.0,0.1674,-0.17358,-0.22878,0.0056,-0.7934
173.14,SYN.ETH-28FEB20,1579258740232,open,0.05,9.0,0.02,0.078,0.046542,84.31,0.047,0.0,ETH-28FEB20-210-C,170.5,82.99,0.045,1.0,0.048,675.0,85.55,0.20298,-0.20434,0.04975,0.007,0.29701
173.14,SYN.ETH-28FEB20,1579258740232,open,0.31,0.0,0.257,0.361,0.307661,85.37,None,0.0,ETH-28FEB20-220-P,170.5,0.0,0.0,0.0,0.0,0.0,0.0,0.1852,-0.18878,-0.21068,0.00631,-0.75292
173.14,SYN.ETH-28FEB20,1579258740232,open,0.03,580.0,0.008,0.05,0.024474,88.41,0.025,0.0,ETH-28FEB20-240-C,170.5,86.69,0.023,454.0,0.027,946.0,91.26,0.15031,-0.15867,0.02959,0.00494,0.17343
173.14,SYN.ETH-28FEB20,1579258740232,open,0.04,3.0,0.014,0.066,0.036814,85.16,0.041,0.0,ETH-28FEB20-220-C,170.5,83.45,0.035,313.0,0.039,675.0,87.2,0.1849,-0.18802,0.04162,0.00631,0.24634
173.14,SYN.ETH-28FEB20,1579258740232,open,0.03,620.0,0.01,0.057,0.029726,86.61,0.024,0.0,ETH-28FEB20-230-C,170.5,84.8,0.028,787.0,0.032,675.0,88.94,0.16698,-0.17267,0.03496,0.00561,0.20573
171.38,SYN.ETH-31JAN20,1579258740232,open,0.01,1.0,0.002,0.03,0.011195,88.53,0.014,0.0,ETH-31JAN20-210-C,170.5,85.68,0.01,630.0,0.013,680.0,92.61,0.0735,-0.23445,0.00823,0.00744,0.13759
171.38,SYN.ETH-31JAN20,1579258740232,open,0.03,224.0,0.007,0.052,0.025862,81.32,0.028,0.0,ETH-31JAN20-190-C,170.5,76.93,0.023,1086.0,0.028,680.0,84.53,0.11322,-0.33176,0.01681,0.01247,0.28385
171.38,SYN.ETH-31JAN20,1579258740412,open,0.3,351.0,0.279,0.327,0.302721,104.98,0.291,0.0,ETH-31JAN20-120-C,170.5,0.0,0.288,35.0,0.313,35.0,150.31,0.02438,-0.09221,0.04331,0.00208,0.96736
171.38,SYN.ETH-31JAN20,1579258740430,open,0.3,351.0,0.279,0.327,0.302721,104.98,0.291,0.0,ETH-31JAN20-120-C,170.5,0.0,0.287,35.0,0.313,35.0,150.31,0.02438,-0.09221,0.04331,0.00208,0.96736
181.66,SYN.ETH-25SEP20,1579258740433,open,0.43,0.0,0.352,0.51,0.43019,87.71,None,0.0,ETH-25SEP20-220-P,170.5,0.0,0.0,0.0,0.471,1.0,100.15,0.59893,-0.10428,-1.11541,0.003,-0.4596
181.66,SYN.ETH-25SEP20,1579258740433,open,0.22,327.0,0.157,0.28,0.218915,87.64,0.22,0.0,ETH-25SEP20-220-C,170.5,88.28,0.221,382.0,0.233,489.0,91.92,0.59896,-0.10421,0.40278,0.003,0.54022
181.66,SYN.ETH-25SEP20,1579258740488,open,0.33,21.0,0.271,0.384,0.329118,87.09,0.318,0.0,ETH-25SEP20-160-C,170.5,87.05,0.329,383.0,0.341,589.0,91.24,0.52113,-0.09009,0.47049,0.00263,0.70444
181.66,SYN.ETH-25SEP20,1579258740488,open,0.03,317.0,0.018,0.063,0.037162,93.86,0.06,0.0,ETH-25SEP20-80-P,170.5,88.45,0.031,1042.0,0.045,300.0,100.35,0.21296,-0.03968,-0.14023,0.001,-0.0747
181.66,SYN.ETH-25SEP20,1579258740488,open,0.21,51.0,0.151,0.271,0.210045,87.14,0.202,0.0,ETH-25SEP20-160-P,170.5,84.69,0.203,519.0,0.215,254.0,88.87,0.5211,-0.09014,-0.63376,0.00263,-0.29553
181.66,SYN.ETH-25SEP20,1579258740488,open,0.29,350.0,0.224,0.342,0.284608,86.72,0.27,0.0,ETH-25SEP20-180-C,170.5,87.17,0.286,385.0,0.299,640.0,91.4,0.56158,-0.09668,0.45228,0.00284,0.6454
181.66,SYN.ETH-25SEP20,1579258740488,open,0.38,23.0,0.328,0.431,0.380516,87.31,0.327,0.0,ETH-25SEP20-140-C,170.5,83.97,0.372,261.0,0.393,261.0,92.2,0.46396,-0.08041,0.48171,0.00233,0.76479
181.66,SYN.ETH-25SEP20,1579258740488,open,0.51,0.0,0.475,0.551,0.513268,89.75,None,0.0,ETH-25SEP20-100-C,170.5,84.71,0.505,263.0,0.528,263.0,98.41,0.30241,-0.05388,0.45934,0.00148,0.87969
181.66,SYN.ETH-25SEP20,1579258740490,open,0.69,1.0,0.668,0.708,0.687117,97.67,0.645,0.0,ETH-25SEP20-60-C,170.5,84.22,0.679,276.0,0.696,276.0,109.41,0.12546,-0.02432,0.34424,0.00056,0.96172
181.66,SYN.ETH-25SEP20,1579258740490,open,0.44,0.0,0.395,0.486,0.44116,87.87,0.359,0.0,ETH-25SEP20-120-C,170.5,84.05,0.433,261.0,0.456,261.0,94.75,0.38957,-0.06796,0.48065,0.00195,0.82459
181.66,SYN.ETH-25SEP20,1579258740490,open,0.1,636.0,0.062,0.146,0.101856,87.93,0.156,0.0,ETH-25SEP20-120-P,170.5,85.66,0.097,170.0,0.106,282.0,89.86,0.38962,-0.068,-0.34761,0.00195,-0.17544
181.66,SYN.ETH-25SEP20,1579258740490,open,0.6,0.0,0.568,0.626,0.596699,93.8,None,0.0,ETH-25SEP20-80-C,170.5,87.89,0.59,268.0,0.605,268.0,100.66,0.21283,-0.03963,0.412,0.001,0.92536
181.66,SYN.ETH-25SEP20,1579258740490,open,0.25,63.0,0.187,0.309,0.249259,87.26,0.251,0.0,ETH-25SEP20-200-C,170.5,87.49,0.25,378.0,0.263,268.0,91.53,0.58634,-0.10156,0.42819,0.00295,0.59084
9159.84,BTC-27MAR20,1579258740520,open,0.02,50.0,0.0065,0.035,0.01632468,69.27,0.0195,0.0,BTC-27MAR20-6500-P,8913.03,68.19,0.0155,10.0,0.0175,52.9,70.79,7.01803,-3.47879,-2.03451,6e-05,-0.0997
9159.84,BTC-27MAR20,1579258740520,open,0.65,0.0,0.613,0.705,0.65432922,80.99,None,0.0,BTC-27MAR20-15000-P,8913.03,0.0,0.0,0.0,0.0,0.0,0.0,7.64679,-4.43181,-27.04108,6e-05,-0.88774
9159.84,BTC-27MAR20,1579258740520,open,0.08,12.0,0.0505,0.115,0.07869196,66.24,0.0815,0.0,BTC-27MAR20-8500-P,8913.03,64.87,0.0765,23.8,0.0805,25.2,67.36,14.74244,-6.98719,-7.40373,0.00014,-0.34352
9159.84,BTC-27MAR20,1579258740520,open,0.02,1.1,0.0055,0.04,0.01673709,80.98,0.0175,0.0,BTC-27MAR20-15000-C,8913.03,80.09,0.016,34.0,0.0175,44.3,81.89,7.64487,-4.43011,1.67443,6e-05,0.11222
9159.84,BTC-27MAR20,1579258740522,open,0.04,333.9,0.0195,0.0655,0.03815518,66.45,0.0375,0.0,BTC-27MAR20-7500-P,8913.03,65.51,0.037,19.3,0.0395,13.9,67.54,11.30146,-5.37365,-4.21862,0.00011,-0.20242
9060.94,SYN.BTC-28FEB20,1579258740520,open,0.03,239.6,0.012,0.0535,0.02834649,68.14,0.028,0.0,BTC-28FEB20-11000-C,8913.03,66.83,0.027,13.2,0.0295,15.0,69.24,9.41527,-7.66014,2.14074,0.00015,0.23428
9060.94,SYN.BTC-28FEB20,1579258740520,open,0.0,174.5,0.0005,0.0125,0.00251783,79.09,0.0025,0.0,BTC-28FEB20-5500-P,8913.03,76.08,0.002,39.0,0.003,39.1,81.58,1.66548,-1.57281,-0.2641,2e-05,-0.02289
9060.94,SYN.BTC-28FEB20,1579258740520,open,0.0,204.3,0.0005,0.014,0.00433187,74.33,0.0045,0.0,BTC-28FEB20-6000-P,8913.03,71.24,0.0035,80.1,0.005,61.0,76.58,2.58701,-2.29586,-0.44972,4e-05,-0.03893
8962.03,SYN.BTC-31JAN20,1579258740521,open,0.06,3.3,0.036,0.085,0.05800259,58.83,0.061,0.0,BTC-31JAN20-8750-C,8913.03,57.49,0.057,18.0,0.0605,28.2,62.15,6.72856,-14.26346,1.86332,0.00037,0.60492
8962.03,SYN.BTC-31JAN20,1579258740521,open,0.03,120.5,0.015,0.058,0.03336857,60.42,0.0325,0.0,BTC-31JAN20-9250-C,8913.03,58.62,0.032,43.0,0.0335,0.2,60.6,6.81966,-14.84848,1.30706,0.00037,0.41701
9472.02,SYN.BTC-25SEP20,1579258740520,open,0.03,137.2,0.017,0.0585,0.03289758,73.57,0.0365,0.0,BTC-25SEP20-5000-P,8913.03,72.51,0.0315,100.0,0.034,16.9,74.39,12.60232,-1.84042,-7.92483,3e-05,-0.08834
9060.94,SYN.BTC-28FEB20,1579258740521,open,0.01,396.7,0.0025,0.0285,0.01245026,66.66,0.012,0.0,BTC-28FEB20-7000-P,8913.03,65.09,0.0115,36.0,0.0135,51.4,68.35,5.56515,-4.42968,-1.21675,9e-05,-0.1046
8962.03,SYN.BTC-31JAN20,1579258740521,open,0.01,77.1,0.0005,0.0225,0.00712858,72.21,0.007,0.0,BTC-31JAN20-10750-C,8913.03,71.86,0.007,35.0,0.0075,30.0,73.21,3.30556,-8.60143,0.35364,0.00015,0.11093
9060.94,SYN.BTC-28FEB20,1579258740520,open,0.11,8.4,0.0835,0.15,0.11383662,63.34,0.1145,0.0,BTC-28FEB20-9500-P,8913.03,48.1,0.0935,5.8,0.1445,4.2,86.09,12.16553,-9.20078,-6.84989,0.0002,-0.5451
8962.03,SYN.BTC-31JAN20,1579258740521,open,0.01,28.0,0.0005,0.0195,0.0064161,62.41,0.0065,0.0,BTC-31JAN20-7750-P,8913.03,61.21,0.006,54.0,0.007,1.4,64.03,3.17156,-7.13205,-0.37869,0.00017,-0.10474
8962.03,SYN.BTC-31JAN20,1579258740521,open,0.03,1.1,0.016,0.061,0.0343534,58.84,0.035,0.0,BTC-31JAN20-8750-P,8913.03,55.7,0.032,29.8,0.0355,51.9,60.37,6.72862,-14.26676,-1.46312,0.00037,-0.3951
9060.94,SYN.BTC-28FEB20,1579258740523,open,0.29,11.5,0.2715,0.3115,0.28993818,69.98,0.2235,0.0,BTC-28FEB20-6500-C,8913.03,58.95,0.286,10.1,0.3065,5.0,98.98,3.85751,-3.22325,6.71326,6e-05,0.93573
8962.03,SYN.BTC-31JAN20,1579258740521,open,0.0,218.1,0.0005,0.0125,0.00285646,68.42,0.0025,0.0,BTC-31JAN20-7250-P,8913.03,66.55,0.0025,30.1,0.003,0.1,69.14,1.76986,-4.36362,-0.17626,8e-05,-0.04888
8962.03,SYN.BTC-31JAN20,1579258740521,open,0.07,0.1,0.0405,0.095,0.06551085,60.44,0.0655,0.0,BTC-31JAN20-9250-P,8913.03,57.13,0.063,0.4,0.0655,0.4,60.42,6.81976,-14.85205,-2.20932,0.00037,-0.58296
9060.94,SYN.BTC-28FEB20,1579258740520,open,0.03,193.7,0.017,0.06,0.03459538,62.97,0.0345,0.0,BTC-28FEB20-8000-P,8913.03,61.94,0.0335,12.1,0.0355,15.0,63.82,9.64681,-7.25318,-2.90588,0.00016,-0.24494
8962.03,SYN.BTC-31JAN20,1579258740524,open,0.02,137.3,0.0045,0.0355,0.01524449,59.01,0.016,0.0,BTC-31JAN20-8250-P,8913.03,57.71,0.0145,34.0,0.016,0.1,60.32,5.15457,-10.96093,-0.79661,0.00029,-0.21857
8962.03,SYN.BTC-31JAN20,1579258740521,open,0.11,0.0,0.0795,0.1385,0.10687776,63.36,None,0.0,BTC-31JAN20-9750-P,8913.03,0.0,0.083,2.8,0.1535,1.4,128.06,5.75086,-13.1305,-2.85969,0.0003,-0.73249
9060.94,SYN.BTC-28FEB20,1579258740521,open,0.07,138.7,0.0405,0.096,0.06537175,63.34,0.0695,0.0,BTC-28FEB20-9500-C,8913.03,62.31,0.064,11.3,0.0665,14.4,64.18,12.16549,-9.19987,4.04922,0.0002,0.45489
9060.94,SYN.BTC-28FEB20,1579258740522,open,0.09,285.0,0.061,0.119,0.08767845,62.69,0.0925,0.0,BTC-28FEB20-9000-C,8913.03,61.44,0.086,7.0,0.0895,36.7,64.05,12.12789,-9.07857,4.85656,0.00021,0.55486
173.14,SYN.ETH-28FEB20,1579258740635,open,0.0,1339.0,0.001,0.012,0.002058,112.83,0.001,0.0,ETH-28FEB20-80-P,170.5,101.64,0.001,910.0,0.003,300.0,119.94,0.02029,-0.02733,-0.00309,0.00052,-0.0135
173.14,SYN.ETH-28FEB20,1579258740635,open,0.21,0.0,0.165,0.263,0.212634,82.4,None,0.0,ETH-28FEB20-200-P,170.5,0.0,0.001,5.0,0.0,0.0,0.0,0.21791,-0.2144,-0.17075,0.00769,-0.64695
173.14,SYN.ETH-28FEB20,1579258740635,open,0.06,1738.0,0.028,0.091,0.057519,82.4,0.058,0.0,ETH-28FEB20-200-C,170.5,80.39,0.055,301.0,0.059,517.0,83.58,0.21791,-0.2144,0.05871,0.00769,0.35305
181.66,SYN.ETH-25SEP20,1579258740793,open,0.05,1.0,0.017,0.093,0.046927,102.97,0.05,0.0,ETH-25SEP20-640-C,170.5,101.96,0.045,483.0,0.05,2.0,104.55,0.34887,-0.07131,0.12684,0.00149,0.14811
181.66,SYN.ETH-25SEP20,1579258740793,open,2.56,0.0,2.44,2.717,2.570043,102.97,None,0.0,ETH-25SEP20-640-P,170.5,0.0,0.0,0.0,0.0,0.0,0.0,0.34887,-0.07131,-4.28961,0.00149,-0.85189
181.66,SYN.ETH-25SEP20,1579258741081,open,1.92,0.0,1.812,2.059,1.928554,100.52,None,0.0,ETH-25SEP20-520-P,170.5,0.0,0.0,0.0,0.0,0.0,0.0,0.42236,-0.08428,-3.42053,0.00185,-0.80009
181.66,SYN.ETH-25SEP20,1579258741081,open,0.06,1.0,0.028,0.118,0.066022,100.52,0.054,0.0,ETH-25SEP20-520-C,170.5,98.77,0.062,454.0,0.07,297.0,102.21,0.42236,-0.08428,0.16784,0.00185,0.19991
174.91,ETH-27MAR20,1579258741347,open,0.5,0.0,0.473,0.517,0.494262,100.39,None,0.0,ETH-27MAR20-90-C,170.5,63.48,0.486,252.0,0.499,252.0,111.28,0.06808,-0.0489,0.15542,0.00116,0.9584
174.91,ETH-27MAR20,1579258741347,open,0.01,1.0,0.001,0.021,0.008812,100.39,0.008,0.0,ETH-27MAR20-90-P,170.5,95.46,0.007,860.0,0.011,325.0,105.7,0.06808,-0.0489,-0.01688,0.00116,-0.0416
174.91,ETH-27MAR20,1579258741347,open,0.0,275.0,0.001,0.013,0.003585,111.76,0.003,0.0,ETH-27MAR20-70-P,170.5,101.67,0.002,1050.0,0.005,300.0,118.65,0.03245,-0.02595,-0.00693,0.0005,-0.01712
174.91,ETH-27MAR20,1579258741347,open,0.3,112.0,0.261,0.333,0.297093,86.88,0.194,0.0,ETH-27MAR20-130-C,170.5,78.27,0.288,241.0,0.304,241.0,93.1,0.19061,-0.1185,0.17983,0.00375,0.83414
174.91,ETH-27MAR20,1579258741347,open,0.6,0.0,0.589,0.619,0.603379,111.76,None,0.0,ETH-27MAR20-70-C,170.5,0.0,0.599,264.0,0.607,264.0,127.45,0.03245,-0.02595,0.12708,0.0005,0.98288
174.91,ETH-27MAR20,1579258741347,open,0.04,40.0,0.018,0.069,0.040333,86.88,0.046,0.0,ETH-27MAR20-130-P,170.5,84.73,0.038,317.0,0.043,918.0,89.31,0.19061,-0.1185,-0.06904,0.00375,-0.16586
174.91,ETH-27MAR20,1579258741347,open,0.02,141.0,0.007,0.039,0.01933,91.79,0.019,0.0,ETH-27MAR20-110-P,170.5,88.36,0.017,1225.0,0.022,325.0,95.53,0.12182,-0.08001,-0.03581,0.00227,-0.08761
174.91,ETH-27MAR20,1579258741347,open,0.39,20.0,0.362,0.419,0.390435,91.79,0.272,0.0,ETH-27MAR20-110-C,170.5,78.28,0.382,228.0,0.397,228.0,100.69,0.12182,-0.08001,0.17477,0.00227,0.91239
181.66,SYN.ETH-25SEP20,1579258741376,open,0.05,0.0,0.02,0.101,0.052878,102.52,None,0.0,ETH-25SEP20-600-C,170.5,100.6,0.049,527.0,0.057,300.0,104.49,0.37346,-0.076,0.13959,0.0016,0.16423
173.14,SYN.ETH-28FEB20,1579258741733,open,0.02,500.0,0.006,0.043,0.019776,89.48,0.02,0.0,ETH-28FEB20-250-C,170.5,88.46,0.019,564.0,0.021,100.0,91.05,0.13333,-0.14244,0.02477,0.00433,0.14445
173.14,SYN.ETH-28FEB20,1579258741733,open,0.46,0.0,0.411,0.521,0.463671,89.48,None,0.0,ETH-28FEB20-250-P,170.5,0.0,0.0,0.0,0.0,0.0,0.0,0.13333,-0.14244,-0.26205,0.00433,-0.85555
181.65,SYN.ETH-25SEP20,1579258741761,open,1.29,0.0,1.196,1.415,1.301002,97.19,None,0.0,ETH-25SEP20-400-P,170.5,0.0,0.0,0.0,0.0,0.0,0.0,0.51054,-0.0985,-2.52959,0.00231,-0.71703
181.65,SYN.ETH-25SEP20,1579258741761,open,0.89,0.0,0.801,0.998,0.896273,93.61,None,0.0,ETH-25SEP20-320-P,170.5,0.0,0.0,0.0,0.0,0.0,0.0,0.56829,-0.1056,-1.91675,0.00267,-0.63286
181.65,SYN.ETH-25SEP20,1579258741761,open,0.12,31.0,0.061,0.174,0.113774,95.23,0.112,0.0,ETH-25SEP20-360-C,170.5,93.27,0.108,287.0,0.118,555.0,96.65,0.53925,-0.10194,0.25785,0.00249,0.31948
181.65,SYN.ETH-25SEP20,1579258741761,open,0.07,67.0,0.033,0.129,0.074718,99.45,0.068,0.0,ETH-25SEP20-480-C,170.5,97.52,0.07,1.0,0.078,295.0,100.77,0.44991,-0.08882,0.18549,0.00199,0.2227
181.65,SYN.ETH-25SEP20,1579258741761,open,0.7,0.0,0.614,0.799,0.704732,92.2,None,0.0,ETH-25SEP20-280-P,170.5,0.0,0.0,0.0,0.731,1.0,100.2,0.59209,-0.10836,-1.60067,0.00282,-0.57224
181.65,SYN.ETH-25SEP20,1579258741761,open,1.5,0.0,1.399,1.627,1.507234,98.15,None,0.0,ETH-25SEP20-440-P,170.5,0.0,0.0,0.0,0.0,0.0,0.0,0.47856,-0.09324,-2.8306,0.00214,-0.75094
181.65,SYN.ETH-25SEP20,1579258741761,open,0.1,116.0,0.05,0.158,0.099054,97.24,0.106,0.0,ETH-25SEP20-400-C,170.5,95.78,0.095,1.0,0.102,548.0,98.28,0.51072,-0.09858,0.2308,0.00231,0.28318
181.65,SYN.ETH-25SEP20,1579258741761,open,0.08,44.0,0.04,0.141,0.085091,98.2,0.064,0.0,ETH-25SEP20-440-C,170.5,96.25,0.08,294.0,0.089,842.0,99.67,0.47881,-0.09334,0.20585,0.00214,0.24931
181.65,SYN.ETH-25SEP20,1579258741761,open,0.14,62.0,0.078,0.196,0.134714,93.64,0.146,0.0,ETH-25SEP20-320-C,170.5,91.8,0.129,284.0,0.139,544.0,95.0,0.56836,-0.10565,0.29153,0.00267,0.36729
181.65,SYN.ETH-25SEP20,1579258741763,open,1.09,0.0,0.995,1.203,1.095527,95.19,None,0.0,ETH-25SEP20-360-P,170.5,0.0,0.0,0.0,0.0,0.0,0.0,0.53912,-0.10188,-2.22649,0.00249,-0.6807
181.65,SYN.ETH-25SEP20,1579258741763,open,1.71,0.0,1.604,1.842,1.717056,99.39,None,0.0,ETH-25SEP20-480-P,170.5,0.0,0.0,0.0,0.0,0.0,0.0,0.44959,-0.08871,-3.12702,0.00199,-0.77759
181.65,SYN.ETH-25SEP20,1579258741763,open,0.2,3.0,0.136,0.26,0.19758,89.38,0.165,0.0,ETH-25SEP20-240-C,170.5,89.21,0.197,275.0,0.207,555.0,92.22,0.60198,-0.10681,0.37712,0.00296,0.49843
9471.94,SYN.BTC-25SEP20,1579258741808,open,0.08,41.7,0.0435,0.1335,0.07970925,80.4,0.0805,0.0,BTC-25SEP20-18000-C,8913.21,79.22,0.0765,16.5,0.083,16.0,81.6,25.78343,-4.1152,12.12578,5e-05,0.26522
9471.94,SYN.BTC-25SEP20,1579258741818,open,0.03,30.4,0.011,0.0695,0.0300173,91.08,0.028,0.0,BTC-25SEP20-32000-C,8913.21,90.09,0.0285,14.0,0.0315,1.9,92.02,14.72019,-2.66153,5.17709,3e-05,0.10922
9471.94,SYN.BTC-25SEP20,1579258741820,open,0.06,102.6,0.0365,0.097,0.06132657,72.99,0.0645,0.0,BTC-25SEP20-6000-P,8913.21,70.69,0.057,14.0,0.0605,0.3,72.56,17.97106,-2.60398,-13.51539,4e-05,-0.14545
9332.52,BTC-26JUN20,1579258741822,open,0.2,284.0,0.162,0.251,0.20281985,71.58,0.2075,0.0,BTC-26JUN20-9000-C,8913.21,70.47,0.2,15.2,0.2055,13.9,72.65,23.52899,-5.23475,17.29275,9e-05,0.62322
170.93,SYN.ETH-24JAN20,1579258741884,open,0.0,743.0,0.001,0.016,0.003842,98.97,0.003,0.0,ETH-24JAN20-140-P,170.5,93.57,0.003,672.0,0.005,1280.0,105.37,0.0287,-0.20655,-0.00212,0.00527,-0.06207
170.93,SYN.ETH-24JAN20,1579258741892,open,0.03,1362.0,0.005,0.052,0.024511,82.39,0.023,0.0,ETH-24JAN20-180-C,170.5,79.39,0.023,326.0,0.027,675.0,87.29,0.08638,-0.51757,0.0103,0.01905,0.34441
170.93,SYN.ETH-24JAN20,1579258741892,open,0.04,344.0,0.013,0.073,0.04061,79.31,0.036,0.0,ETH-24JAN20-170-P,170.5,74.52,0.038,432.0,0.043,918.0,83.7,0.09308,-0.53686,-0.01606,0.02132,-0.45828
170.93,SYN.ETH-24JAN20,1579258741895,open,0.05,1222.0,0.017,0.077,0.046074,79.31,0.043,0.0,ETH-24JAN20-170-C,170.5,77.34,0.045,461.0,0.049,640.0,84.69,0.09308,-0.53686,0.01596,0.02132,0.54172
170.93,SYN.ETH-24JAN20,1579258741895,open,0.3,0.0,0.277,0.32,0.298473,112.92,None,0.0,ETH-24JAN20-120-C,170.5,0.0,0.287,34.0,0.31,34.0,206.75,0.00578,-0.04743,0.02229,0.00093,0.99087
170.93,SYN.ETH-24JAN20,1579258741895,open,0.08,740.0,0.049,0.114,0.082236,80.96,0.082,0.0,ETH-24JAN20-160-C,170.5,80.43,0.082,583.0,0.086,650.0,89.32,0.07575,-0.44599,0.02125,0.017,0.74229
170.93,SYN.ETH-24JAN20,1579258741897,open,0.02,758.0,0.003,0.043,0.018271,80.96,0.021,0.0,ETH-24JAN20-160-P,170.5,78.08,0.017,446.0,0.02,927.0,84.84,0.07575,-0.44599,-0.00889,0.017,-0.25771
170.93,SYN.ETH-24JAN20,1579258741897,open,0.13,929.0,0.099,0.161,0.130451,87.8,0.13,0.0,ETH-24JAN20-150-C,170.5,86.2,0.13,650.0,0.134,650.0,99.44,0.04863,-0.31049,0.02393,0.01006,0.87376
170.93,SYN.ETH-24JAN20,1579258741899,open,0.01,578.0,0.001,0.026,0.007983,87.8,0.007,0.0,ETH-24JAN20-150-P,170.5,84.26,0.007,510.0,0.009,300.0,91.3,0.04863,-0.31049,-0.00432,0.01006,-0.12624
181.65,SYN.ETH-25SEP20,1579258742144,open,0.06,306.0,0.023,0.108,0.05825,101.27,0.055,0.0,ETH-25SEP20-560-C,170.5,99.76,0.055,481.0,0.063,301.0,103.42,0.3951,-0.07943,0.15184,0.00171,0.17938
181.65,SYN.ETH-25SEP20,1579258742144,open,2.13,0.0,2.02,2.277,2.140977,101.19,None,0.0,ETH-25SEP20-560-P,170.5,0.0,0.0,0.0,0.0,0.0,0.0,0.3946,-0.07926,-3.71279,0.00171,-0.82098
9060.91,SYN.BTC-28FEB20,1579258742156,open,0.08,102.8,0.054,0.1145,0.08095824,62.7,0.0825,0.0,BTC-28FEB20-9000-P,8913.21,61.23,0.079,5.5,0.0825,13.5,63.85,12.12787,-9.07879,-5.46902,0.00021,-0.44514
171.38,SYN.ETH-31JAN20,1579258742156,open,0.03,790.0,0.01,0.058,0.030408,76.72,0.03,0.0,ETH-31JAN20-160-P,170.5,73.13,0.028,889.0,0.033,650.0,80.54,0.11559,-0.31954,-0.02131,0.0135,-0.29668
171.38,SYN.ETH-31JAN20,1579258742156,open,0.0,2011.0,0.001,0.013,0.002779,111.25,0.002,0.0,ETH-31JAN20-260-C,170.5,105.54,0.002,525.0,0.004,980.0,118.5,0.02576,-0.10327,0.00209,0.00207,0.0349
8937.31,SYN.BTC-24JAN20,1579258742158,open,0.01,222.9,0.0025,0.0325,0.01280586,63.47,0.0135,0.0,BTC-24JAN20-9500-C,8913.21,61.63,0.012,13.0,0.014,44.6,66.15,3.94273,-18.19755,0.40855,0.00041,0.25548
9060.91,SYN.BTC-28FEB20,1579258742160,open,0.08,102.8,0.054,0.1145,0.08095824,62.7,0.0825,0.0,BTC-28FEB20-9000-P,8913.21,61.23,0.079,0.5,0.0825,13.5,63.85,12.12787,-9.07879,-5.46902,0.00021,-0.44514
174.91,ETH-27MAR20,1579258742162,open,0.02,2205.0,0.006,0.047,0.020857,98.39,0.019,0.0,ETH-27MAR20-320-C,170.5,96.19,0.019,567.0,0.023,975.0,100.82,0.15076,-0.10614,0.03234,0.00262,0.11743
174.91,ETH-27MAR20,1579258742162,open,0.13,3739.0,0.091,0.176,0.133635,83.89,0.138,0.0,ETH-27MAR20-180-C,170.5,82.38,0.131,923.0,0.138,20.0,86.41,0.30362,-0.18226,0.13673,0.00618,0.54197
9060.91,SYN.BTC-28FEB20,1579258742165,open,0.05,226.5,0.027,0.0785,0.04913137,64.77,0.049,0.0,BTC-28FEB20-10000-C,8913.21,63.49,0.0475,36.3,0.0505,17.2,65.84,11.55683,-8.93726,3.30426,0.00019,0.36699
8962.03,SYN.BTC-31JAN20,1579258742166,open,0.05,120.6,0.026,0.0755,0.04798619,58.84,0.0485,0.0,BTC-31JAN20-9000-P,8913.21,55.64,0.0455,23.8,0.049,53.0,60.14,6.96957,-14.77618,-1.83911,0.00039,-0.49182
174.91,ETH-27MAR20,1579258742177,open,0.24,1148.0,0.187,0.298,0.241232,85.81,0.243,0.0,ETH-27MAR20-200-P,170.5,78.67,0.229,144.0,0.248,144.0,89.73,0.30096,-0.18479,-0.27071,0.00599,-0.56723
174.91,ETH-27MAR20,1579258742179,open,0.07,1679.0,0.037,0.111,0.071561,87.34,0.074,0.0,ETH-27MAR20-220-C,170.5,85.11,0.068,304.0,0.074,25.0,88.85,0.2808,-0.17549,0.0903,0.00549,0.34123
178.97,ETH-26JUN20,1579258742193,open,0.04,719.0,0.018,0.066,0.038624,90.53,0.042,0.0,ETH-26JUN20-100-P,170.47,88.29,0.036,894.0,0.041,100.0,92.52,0.2119,-0.05962,-0.11111,0.00166,-0.10223
174.91,ETH-27MAR20,1579258742193,open,0.0,5092.0,0.001,0.012,0.002142,120.0,0.001,0.0,ETH-27MAR20-640-C,170.47,119.05,0.002,635.0,0.004,950.0,129.66,0.02667,-0.0229,0.00384,0.00038,0.01362
174.91,ETH-27MAR20,1579258742193,open,0.05,4672.0,0.024,0.09,0.053789,89.52,0.048,0.0,ETH-27MAR20-240-C,170.47,88.28,0.052,287.0,0.056,25.0,91.04,0.25318,-0.16218,0.0725,0.00483,0.2703
174.91,ETH-27MAR20,1579258742193,open,0.19,3324.0,0.144,0.23,0.188053,85.14,0.189,0.0,ETH-27MAR20-160-C,170.47,82.59,0.184,20.0,0.192,888.0,87.61,0.27889,-0.1699,0.15962,0.00559,0.66474
178.97,ETH-26JUN20,1579258742193,open,2.37,0.0,2.263,2.505,2.376114,107.99,None,0.0,ETH-26JUN20-600-P,170.47,0.0,0.01,50.0,0.0,0.0,0.0,0.19604,-0.0658,-2.59061,0.00129,-0.90805
174.91,ETH-27MAR20,1579258742193,open,0.01,1623.0,0.003,0.034,0.013318,100.92,0.013,0.0,ETH-27MAR20-360-C,170.47,100.42,0.013,554.0,0.014,5.0,101.97,0.11237,-0.08115,0.02189,0.0019,0.0787
174.88,ETH-27MAR20,1579258742193,open,0.1,4776.0,0.063,0.146,0.102809,85.09,0.121,0.0,ETH-27MAR20-160-P,170.47,83.95,0.101,20.0,0.107,1123.0,87.71,0.2789,-0.16981,-0.14671,0.0056,-0.33542
178.94,ETH-26JUN20,1579258742193,open,0.03,285.0,0.008,0.06,0.026822,106.45,0.018,0.0,ETH-26JUN20-560-C,170.47,104.02,0.024,770.0,0.029,300.0,108.23,0.21401,-0.0708,0.0606,0.00142,0.10365
174.88,ETH-27MAR20,1579258742193,open,0.01,1561.0,0.001,0.029,0.010659,106.84,0.01,0.0,ETH-27MAR20-400-C,170.47,103.59,0.009,888.0,0.012,650.0,109.25,0.09381,-0.07171,0.01727,0.0015,0.06225
178.94,ETH-26JUN20,1579258742193,open,0.33,679.0,0.286,0.382,0.335301,90.19,0.325,0.0,ETH-26JUN20-140-C,170.47,84.68,0.324,435.0,0.337,255.0,91.01,0.36854,-0.1033,0.33567,0.0029,0.76091
174.88,ETH-27MAR20,1579258742194,open,0.03,2392.0,0.011,0.063,0.032619,94.35,0.03,0.0,ETH-27MAR20-280-C,170.47,91.99,0.03,936.0,0.035,514.0,96.43,0.19738,-0.13325,0.04773,0.00357,0.1752
174.88,ETH-27MAR20,1579258742194,open,0.03,1648.0,0.011,0.052,0.027939,88.64,0.033,0.0,ETH-27MAR20-120-P,170.47,86.42,0.026,1212.0,0.03,25.0,90.94,0.15486,-0.09822,-0.0502,0.00298,-0.12201
171.38,SYN.ETH-31JAN20,1579258742192,open,0.25,133.0,0.22,0.273,0.246231,94.98,0.235,0.0,ETH-31JAN20-130-C,170.47,0.0,0.227,34.0,0.258,34.0,133.2,0.03798,-0.12998,0.04543,0.00358,0.94348
178.94,ETH-26JUN20,1579258742194,open,0.28,649.0,0.226,0.331,0.279554,90.18,0.28,0.0,ETH-26JUN20-160-C,170.47,86.12,0.27,593.0,0.28,258.0,90.37,0.4211,-0.11802,0.32103,0.00331,0.68659
173.14,SYN.ETH-28FEB20,1579258742192,open,0.54,0.0,0.525,0.557,0.540012,112.83,None,0.0,ETH-28FEB20-80-C,170.47,0.0,0.537,1.0,0.547,47.0,148.53,0.02029,-0.02733,0.08869,0.00052,0.9865
170.93,SYN.ETH-24JAN20,1579258742192,open,0.12,0.0,0.086,0.165,0.124495,86.97,None,0.0,ETH-24JAN20-190-P,170.47,65.09,0.117,60.0,0.126,60.0,90.77,0.06653,-0.42075,-0.02963,0.0139,-0.79567
178.94,ETH-26JUN20,1579258742195,open,0.04,733.0,0.015,0.083,0.042593,101.32,0.047,0.0,ETH-26JUN20-440-C,170.47,99.68,0.04,120.0,0.045,300.0,102.8,0.28708,-0.0904,0.09129,0.00201,0.15834
173.14,SYN.ETH-28FEB20,1579258742192,open,0.07,254.0,0.038,0.106,0.069701,79.7,0.072,0.0,ETH-28FEB20-160-P,170.47,77.51,0.067,650.0,0.073,687.0,82.37,0.21354,-0.20322,-0.0803,0.00779,-0.33454
173.14,SYN.ETH-28FEB20,1579258742192,open,0.07,583.0,0.039,0.107,0.071863,80.75,0.077,0.0,ETH-28FEB20-190-C,170.47,79.34,0.07,269.0,0.074,482.0,82.36,0.2292,-0.22098,0.06907,0.00825,0.4196
181.65,SYN.ETH-25SEP20,1579258742192,open,0.15,369.0,0.102,0.205,0.151261,87.32,0.15,0.0,ETH-25SEP20-140-P,170.47,84.87,0.145,689.0,0.155,269.0,88.79,0.46396,-0.08043,-0.48447,0.00233,-0.23524
181.65,SYN.ETH-25SEP20,1579258742192,open,0.02,812.0,0.007,0.034,0.017456,97.73,0.028,0.0,ETH-25SEP20-60-P,170.47,92.49,0.014,750.0,0.022,300.0,103.97,0.1256,-0.02437,-0.06993,0.00056,-0.03833
181.65,SYN.ETH-25SEP20,1579258742192,open,0.52,0.0,0.436,0.604,0.518748,89.36,None,0.0,ETH-25SEP20-240-P,170.47,0.0,0.0,0.0,0.555,1.0,100.31,0.60198,-0.10678,-1.27905,0.00296,-0.50164
170.93,SYN.ETH-24JAN20,1579258742193,open,0.19,701.0,0.157,0.213,0.184812,98.9,0.146,0.0,ETH-24JAN20-140-C,170.47,0.0,0.168,52.0,0.198,52.0,152.08,0.02866,-0.20611,0.02425,0.00526,0.93804
173.14,SYN.ETH-28FEB20,1579258742193,open,0.32,60.0,0.292,0.348,0.320265,88.66,0.262,0.0,ETH-28FEB20-120-C,170.47,58.52,0.309,20.0,0.329,20.0,103.53,0.09141,-0.09677,0.1181,0.003,0.91481
171.38,SYN.ETH-31JAN20,1579258742195,open,0.04,3629.0,0.015,0.07,0.040762,78.77,0.045,0.0,ETH-31JAN20-180-C,170.47,76.43,0.039,367.0,0.043,675.0,81.73,0.12943,-0.36738,0.02367,0.01472,0.40405
170.93,SYN.ETH-24JAN20,1579258742193,open,0.08,37.0,0.042,0.116,0.077549,82.39,0.1,0.0,ETH-24JAN20-180-P,170.47,67.1,0.07,180.0,0.08,200.0,87.21,0.08638,-0.51757,-0.02361,0.01905,-0.65559
170.93,SYN.ETH-24JAN20,1579258742192,open,0.24,10.0,0.217,0.266,0.240974,106.41,0.21,0.0,ETH-24JAN20-130-C,170.47,0.0,0.227,53.0,0.253,53.0,176.25,0.01405,-0.10873,0.02361,0.0024,0.97426
170.93,SYN.ETH-24JAN20,1579258742192,open,0.01,1050.0,0.001,0.025,0.007508,93.86,0.008,0.0,ETH-24JAN20-200-C,170.47,88.24,0.006,950.0,0.009,980.0,98.97,0.04806,-0.32805,0.00376,0.0093,0.12413
170.93,SYN.ETH-24JAN20,1579258742193,open,0.42,2.0,0.397,0.432,0.414998,120.0,0.39,0.0,ETH-24JAN20-100-C,170.47,0.0,0.408,219.0,0.422,219.0,253.49,0.00036,-0.00312,0.01882,5e-05,0.99958
181.65,SYN.ETH-25SEP20,1579258742192,open,0.06,188.0,0.035,0.099,0.063815,89.78,0.116,0.0,ETH-25SEP20-100-P,170.47,86.86,0.059,667.0,0.067,294.0,91.68,0.30247,-0.05391,-0.23085,0.00148,-0.12035
170.93,SYN.ETH-24JAN20,1579258742193,open,0.36,1.0,0.337,0.376,0.356627,120.0,0.329,0.0,ETH-24JAN20-110-C,170.47,0.0,0.347,37.0,0.367,37.0,237.38,0.00208,-0.01818,0.02062,0.00032,0.9971
170.93,SYN.ETH-24JAN20,1579258742193,open,0.0,87.0,0.001,0.011,0.000499,112.92,0.001,0.0,ETH-24JAN20-120-P,170.47,0.0,0.0,0.0,0.001,21.0,124.47,0.00578,-0.04743,-0.00031,0.00093,-0.00913
181.65,SYN.ETH-25SEP20,1579258742192,open,0.28,0.0,0.209,0.344,0.275543,86.73,0.58,0.0,ETH-25SEP20-180-P,170.47,0.0,0.0,0.0,0.347,1.0,110.29,0.56156,-0.09668,-0.7899,0.00284,-0.35462
173.14,SYN.ETH-28FEB20,1579258742193,open,0.49,20.0,0.466,0.504,0.4842,108.9,0.328,0.0,ETH-28FEB20-90-C,170.47,0.0,0.48,1.0,0.491,44.0,134.18,0.03439,-0.04472,0.09747,0.00092,0.9749
181.65,SYN.ETH-25SEP20,1579258742193,open,0.35,40.0,0.278,0.425,0.350289,87.26,0.5,0.0,ETH-25SEP20-200-P,170.47,0.0,0.0,0.0,0.392,1.0,100.3,0.58632,-0.10156,-0.95199,0.00295,-0.40918
170.93,SYN.ETH-24JAN20,1579258742193,open,0.01,583.0,0.002,0.035,0.012954,86.97,0.011,0.0,ETH-24JAN20-190-C,170.47,84.49,0.012,477.0,0.015,897.0,92.11,0.06653,-0.42075,0.00616,0.0139,0.20433
170.93,SYN.ETH-24JAN20,1579258742192,open,0.0,59.0,0.001,0.018,0.0041,98.16,0.005,0.0,ETH-24JAN20-210-C,170.47,97.63,0.004,292.0,0.005,75.0,102.7,0.03222,-0.22998,0.00219,0.00596,0.07209
170.93,SYN.ETH-24JAN20,1579258742193,open,0.0,211.0,0.001,0.011,0.000151,120.0,0.001,0.0,ETH-24JAN20-110-P,170.47,0.0,0.0,0.0,0.001,26.0,151.14,0.00208,-0.01818,-0.0001,0.00032,-0.0029
171.38,SYN.ETH-31JAN20,1579258742193,open,0.36,2.0,0.339,0.382,0.360122,119.0,0.331,0.0,ETH-31JAN20-110-C,170.47,0.0,0.348,37.0,0.369,37.0,169.27,0.01709,-0.07327,0.0403,0.00129,0.97867
181.65,SYN.ETH-25SEP20,1579258742193,open,0.16,310.0,0.103,0.226,0.163369,92.22,0.143,0.0,ETH-25SEP20-280-C,170.47,90.57,0.158,280.0,0.167,487.0,93.33,0.59212,-0.1084,0.33155,0.00282,0.42787
170.93,SYN.ETH-24JAN20,1579258742193,open,0.0,710.0,0.001,0.011,0.001501,106.41,0.002,0.0,ETH-24JAN20-130-P,170.47,99.54,0.001,651.0,0.002,29.0,111.96,0.01405,-0.10873,-0.00088,0.0024,-0.02574
181.65,SYN.ETH-25SEP20,1579258742192,open,2.34,0.0,2.231,2.497,2.3558,102.43,None,0.0,ETH-25SEP20-600-P,170.47,0.0,0.0,0.0,0.0,0.0,0.0,0.37285,-0.07581,-4.00111,0.0016,-0.83617
181.65,SYN.ETH-25SEP20,1579258742202,open,0.52,0.0,0.436,0.604,0.518748,89.36,None,0.0,ETH-25SEP20-240-P,170.47,0.0,0.0,0.0,0.554,1.0,100.01,0.60198,-0.10678,-1.27905,0.00296,-0.50164
9159.79,BTC-27MAR20,1579258742275,open,0.08,1690.7,0.053,0.119,0.08242621,67.6,0.0845,0.0,BTC-27MAR20-10000-C,8913.21,66.48,0.0805,16.0,0.0825,0.8,67.64,15.81258,-7.6489,6.28505,0.00015,0.44085
9159.91,BTC-27MAR20,1579258742278,open,0.06,0.5,0.031,0.0905,0.05622982,69.85,0.0585,0.0,BTC-27MAR20-11000-C,8913.21,68.43,0.054,47.2,0.058,9.0,70.97,14.47398,-7.23412,4.76103,0.00013,0.32773
173.14,SYN.ETH-28FEB20,1579258742280,open,0.07,254.0,0.038,0.106,0.069701,79.7,0.072,0.0,ETH-28FEB20-160-P,170.47,77.51,0.067,650.0,0.073,495.0,82.37,0.21354,-0.20322,-0.0803,0.00779,-0.33454
170.93,SYN.ETH-24JAN20,1579258742285,open,0.12,0.0,0.086,0.165,0.124495,86.97,None,0.0,ETH-24JAN20-190-P,170.47,65.09,0.117,60.0,0.127,60.0,93.24,0.06653,-0.42075,-0.02963,0.0139,-0.79567
9159.97,BTC-27MAR20,1579258742289,open,0.0,117.2,0.0005,0.0145,0.00325625,106.06,0.003,0.0,BTC-27MAR20-26000-C,8913.21,102.45,0.0025,72.6,0.004,45.0,109.09,2.09469,-1.58965,0.32677,1e-05,0.02189
9159.79,BTC-27MAR20,1579258742294,open,0.0,311.3,0.0005,0.014,0.00427343,79.73,0.0055,0.0,BTC-27MAR20-5000-P,8913.21,78.74,0.004,1.5,0.0045,41.8,80.53,2.5813,-1.4727,-0.56737,2e-05,-0.02808
9159.91,BTC-27MAR20,1579258742297,open,0.01,13.3,0.0005,0.0175,0.00628721,74.43,0.0065,0.0,BTC-27MAR20-5500-P,8913.21,72.35,0.0055,63.0,0.007,38.1,76.2,3.58602,-1.90998,-0.84496,3e-05,-0.0419
9159.79,BTC-27MAR20,1579258742300,open,0.01,749.5,0.0005,0.025,0.01048723,71.98,0.011,0.0,BTC-27MAR20-6000-P,8913.21,71.11,0.01,5.0,0.011,37.2,72.88,5.18503,-2.6707,-1.35372,4e-05,-0.06671
9159.91,BTC-27MAR20,1579258742304,open,0.02,50.0,0.0065,0.035,0.01632488,69.28,0.0195,0.0,BTC-27MAR20-6500-P,8913.21,68.19,0.0155,10.0,0.017,11.8,70.15,7.01803,-3.47885,-2.03452,6e-05,-0.0997
9159.79,BTC-27MAR20,1579258742309,open,0.03,1080.5,0.0115,0.048,0.0251797,67.42,0.0235,0.0,BTC-27MAR20-7000-P,8913.21,66.22,0.024,37.2,0.0265,47.2,68.73,9.12463,-4.40167,-2.98005,8e-05,-0.14477
9159.91,BTC-27MAR20,1579258742313,open,0.04,333.9,0.0195,0.0655,0.03815529,66.45,0.0375,0.0,BTC-27MAR20-7500-P,8913.21,65.51,0.037,19.3,0.0395,26.5,67.54,11.30142,-5.37375,-4.21859,0.00011,-0.20242
9159.97,BTC-27MAR20,1579258742315,open,0.06,534.9,0.0325,0.088,0.05606441,66.24,0.0545,0.0,BTC-27MAR20-8000-P,8913.21,64.8,0.054,23.2,0.0575,25.4,67.22,13.25746,-6.28354,-5.72197,0.00012,-0.27023
9159.79,BTC-27MAR20,1579258742322,open,0.13,1567.9,0.0915,0.16,0.12313651,66.24,0.1185,0.0,BTC-27MAR20-9000-C,8913.21,64.98,0.121,13.3,0.125,15.2,67.32,15.65419,-7.41933,8.03689,0.00015,0.58146
8962.03,SYN.BTC-31JAN20,1579258742333,open,0.01,669.8,0.0005,0.026,0.01004009,60.69,0.0105,0.0,BTC-31JAN20-8000-P,8913.21,58.4,0.009,35.0,0.011,25.2,62.73,4.14838,-9.07157,-0.55933,0.00022,-0.15413
8962.03,SYN.BTC-31JAN20,1579258742335,open,0.01,669.8,0.0005,0.026,0.01004009,60.69,0.0105,0.0,BTC-31JAN20-8000-P,8913.21,58.4,0.009,41.5,0.011,25.2,62.73,4.14838,-9.07157,-0.55933,0.00022,-0.15413
8962.03,SYN.BTC-31JAN20,1579258742335,open,0.01,669.8,0.0005,0.026,0.01004009,60.69,0.0105,0.0,BTC-31JAN20-8000-P,8913.21,58.4,0.009,56.5,0.011,25.2,62.73,4.14838,-9.07157,-0.55933,0.00022,-0.15413
9060.91,SYN.BTC-28FEB20,1579258742354,open,0.08,102.8,0.054,0.1145,0.08095824,62.7,0.0825,0.0,BTC-28FEB20-9000-P,8913.21,61.23,0.079,0.5,0.0825,28.5,63.85,12.12787,-9.07879,-5.46902,0.00021,-0.44514
8937.31,SYN.BTC-24JAN20,1579258742356,open,0.01,222.9,0.0025,0.0325,0.01280586,63.47,0.0135,0.0,BTC-24JAN20-9500-C,8913.21,61.63,0.012,28.0,0.014,44.6,66.15,3.94273,-18.19755,0.40855,0.00041,0.25548
9159.91,BTC-27MAR20,1579258742442,open,0.41,0.0,0.39,0.425,0.40583676,74.41,None,0.0,BTC-27MAR20-5500-C,8913.21,65.98,0.403,6.1,0.408,6.0,79.52,3.58367,-1.90821,9.68498,3e-05,0.95814
9332.52,BTC-26JUN20,1579258742565,open,0.11,162.8,0.077,0.1575,0.1119209,71.59,0.1215,0.0,BTC-26JUN20-8000-P,8913.21,69.63,0.1075,43.8,0.1145,26.7,72.72,21.10925,-4.69662,-16.41443,8e-05,-0.28713
9159.97,BTC-27MAR20,1579258742578,open,0.01,727.5,0.0005,0.0245,0.00746241,95.92,0.007,0.0,BTC-27MAR20-20000-C,8913.21,94.87,0.007,9.0,0.008,61.3,97.1,4.09351,-2.80969,0.73532,3e-05,0.04939
9159.91,BTC-27MAR20,1579258742579,open,0.26,263.5,0.236,0.2895,0.26097004,67.41,0.2645,0.0,BTC-27MAR20-7000-C,8913.21,45.7,0.243,11.0,0.2755,11.0,81.03,9.12357,-4.40071,10.42137,8e-05,0.85526
9332.42,BTC-26JUN20,1579258742579,open,1.18,0.1,1.117,1.2505,1.17640666,85.36,1.85,0.0,BTC-26JUN20-20000-P,8913.21,0.0,0.0025,5.0,1.88,0.1,399.93,14.06683,-3.73171,-83.59236,4e-05,-0.85583
9159.91,BTC-27MAR20,1579258742579,open,2.06,0.0,1.9975,2.1305,2.05952523,109.51,None,0.0,BTC-27MAR20-28000-P,8913.21,0.0,0.0,0.0,0.0,0.0,0.0,1.79083,-1.40327,-53.33197,1e-05,-0.9818
9159.91,BTC-27MAR20,1579258742581,open,0.55,67.9,0.509,0.6,0.5498717,78.03,0.622,0.0,BTC-27MAR20-14000-P,8913.21,0.0,0.5,0.1,0.6795,1.5,166.61,9.00226,-5.02643,-24.68991,7e-05,-0.8581
9332.42,BTC-26JUN20,1579258742581,open,0.26,219.1,0.2165,0.2995,0.25470334,71.59,0.248,0.0,BTC-26JUN20-8000-C,8913.21,68.62,0.248,20.0,0.262,20.0,74.81,21.10929,-4.69666,18.84562,8e-05,0.71286
9159.91,BTC-27MAR20,1579258742581,open,1.84,0.0,1.7835,1.909,1.84169349,105.98,None,0.0,BTC-27MAR20-26000-P,8913.21,0.0,0.0,0.0,0.0,0.0,0.0,2.08673,-1.58242,-49.4491,1e-05,-0.97821
9159.91,BTC-27MAR20,1579258742581,open,2.28,0.0,2.2115,2.3505,2.27708286,110.29,None,0.0,BTC-27MAR20-30000-P,8913.21,0.0,0.0,0.0,0.0,0.0,0.0,1.36869,-1.08014,-57.23283,1e-05,-0.9867
8962.2,SYN.BTC-31JAN20,1579258742581,open,0.12,814.4,0.095,0.1415,0.11738527,60.66,0.115,0.0,BTC-31JAN20-8000-C,8913.21,0.0,0.1025,5.0,0.1215,0.1,69.06,4.14596,-9.06191,2.48244,0.00022,0.84601
8962.2,SYN.BTC-31JAN20,1579258742581,open,0.33,51.3,0.317,0.346,0.33100748,88.68,0.2615,0.0,BTC-31JAN20-6000-C,8913.21,0.0,0.329,5.1,0.3415,5.0,156.72,0.3847,-1.22932,2.25189,1e-05,0.99196
8962.2,SYN.BTC-31JAN20,1579258742581,open,0.0,301.9,0.0005,0.016,0.00393587,79.27,0.0035,0.0,BTC-31JAN20-11500-C,8913.21,77.39,0.0035,65.0,0.0045,30.1,81.55,2.14322,-6.12207,0.19879,9e-05,0.06228
9159.91,BTC-27MAR20,1579258742583,open,0.36,24.1,0.3365,0.378,0.35546173,71.99,0.35,0.0,BTC-27MAR20-6000-C,8913.21,41.89,0.3455,11.0,0.371,13.9,94.16,5.18573,-2.67133,10.13244,4e-05,0.93328
9159.91,BTC-27MAR20,1579258742583,open,0.0,83.5,0.0005,0.013,0.00274666,109.61,0.002,0.0,BTC-27MAR20-28000-C,8913.21,105.39,0.002,74.0,0.0035,84.0,113.13,1.79983,-1.41164,0.27284,1e-05,0.01831
9332.42,BTC-26JUN20,1579258742583,open,0.58,12.5,0.5205,0.643,0.57552331,77.29,0.619,0.0,BTC-26JUN20-14000-P,8913.21,0.0,0.1,2.0,0.69,1.0,122.7,21.43567,-5.14947,-52.59986,7e-05,-0.70325
8962.2,SYN.BTC-31JAN20,1579258742589,open,0.0,573.2,0.0005,0.0105,0.00015781,110.0,0.0005,0.0,BTC-31JAN20-5000-P,8913.21,0.0,0.0,0.0,0.001,35.0,136.79,0.12779,-0.50653,-0.00851,0.0,-0.00234
9332.42,BTC-26JUN20,1579258742591,open,2.23,0.0,2.1565,2.3185,2.22962274,96.66,None,0.0,BTC-26JUN20-30000-P,8913.21,0.0,0.0005,1.0,0.0,0.0,0.0,8.03796,-2.41463,-130.0906,2e-05,-0.93305
8962.2,SYN.BTC-31JAN20,1579258742591,open,0.23,0.0,0.2055,0.2655,0.2329992,74.08,None,0.0,BTC-31JAN20-11000-P,8913.21,0.0,0.0025,2.0,0.0,0.0,0.0,2.8166,-7.5184,-3.89729,0.00012,-0.9109
8962.2,SYN.BTC-31JAN20,1579258742591,open,0.29,0.0,0.259,0.32,0.28712718,79.37,None,0.0,BTC-31JAN20-11500-P,8913.21,0.0,0.0,0.0,0.0,0.0,0.0,2.15027,-6.14998,-4.17219,9e-05,-0.93745
8962.2,SYN.BTC-31JAN20,1579258742591,open,0.44,18.4,0.431,0.454,0.44224855,109.25,0.43,0.0,BTC-31JAN20-5000-C,8913.21,0.0,0.438,6.0,0.45,6.0,196.78,0.12142,-0.47801,1.89274,0.0,0.99779
9332.42,BTC-26JUN20,1579258742593,open,0.02,87.1,0.006,0.049,0.01930095,92.28,0.016,0.0,BTC-26JUN20-26000-C,8913.21,91.0,0.018,20.0,0.0205,27.2,93.41,9.72052,-2.78775,2.74091,3e-05,0.08594
9332.42,BTC-26JUN20,1579258742593,open,0.77,1.5,0.7135,0.8395,0.76972102,80.11,0.809,0.0,BTC-26JUN20-16000-P,8913.21,0.0,0.0,0.0,0.89,1.0,130.56,18.68938,-4.65321,-63.44418,6e-05,-0.77269
9332.42,BTC-26JUN20,1579258742594,open,0.17,149.9,0.1255,0.219,0.16719365,71.58,0.1635,0.0,BTC-26JUN20-9000-P,8913.21,70.32,0.164,26.0,0.1705,9.8,72.89,23.52891,-5.23468,-22.37553,9e-05,-0.37678
9332.42,BTC-26JUN20,1579258742596,open,0.02,112.7,0.004,0.042,0.0150569,96.7,0.014,0.0,BTC-26JUN20-30000-C,8913.21,95.44,0.014,11.4,0.016,26.4,97.77,8.04863,-2.41884,2.13931,2e-05,0.06707
9159.91,BTC-27MAR20,1579258742596,open,0.0,168.5,0.0005,0.0165,0.00404537,102.56,0.0045,0.0,BTC-27MAR20-24000-C,8913.21,100.48,0.0035,39.0,0.0045,8.4,104.15,2.52061,-1.84976,0.40764,2e-05,0.02729
9332.42,BTC-26JUN20,1579258742596,open,0.04,320.3,0.0185,0.0635,0.03588777,71.79,0.0365,0.0,BTC-26JUN20-6000-P,8913.21,70.75,0.0345,22.2,0.037,0.1,72.61,12.53708,-2.79713,-6.49334,5e-05,-0.12197
9159.91,BTC-27MAR20,1579258742600,open,1.41,5.6,1.356,1.4675,1.40713637,99.3,1.545,0.0,BTC-27MAR20-22000-P,8913.21,0.0,0.0,0.0,0.0,0.0,0.0,3.16741,-2.25062,-41.5801,2e-05,-0.96402
8962.2,SYN.BTC-31JAN20,1579258742600,open,0.34,0.0,0.3135,0.3755,0.34192448,84.78,None,0.0,BTC-31JAN20-12000-P,8913.21,0.0,0.0,0.0,0.0,0.0,0.0,1.69108,-5.16641,-4.41465,7e-05,-0.95382
9159.91,BTC-27MAR20,1579258742602,open,0.01,463.6,0.0005,0.028,0.00938677,89.65,0.01,0.0,BTC-27MAR20-18000-C,8913.21,88.93,0.009,24.0,0.01,11.2,90.75,4.98986,-3.20092,0.94879,3e-05,0.06349
9159.91,BTC-27MAR20,1579258742602,open,0.57,23.4,0.5545,0.5755,0.56433646,84.22,0.559,0.0,BTC-27MAR20-4000-C,8913.21,0.0,0.563,0.1,0.5715,7.0,119.71,0.82954,-0.49994,7.50825,1e-05,0.9925
9159.91,BTC-27MAR20,1579258742602,open,0.0,306.9,0.0005,0.0105,0.00061105,110.0,0.0015,0.0,BTC-27MAR20-36000-C,8913.21,107.97,0.0005,69.6,0.0015,16.4,120.45,0.53995,-0.425,0.07028,0.0,0.00462
9332.42,BTC-26JUN20,1579258742603,open,0.39,22.9,0.367,0.4245,0.3929746,71.79,0.389,0.0,BTC-26JUN20-6000-C,8913.21,56.47,0.3745,14.6,0.4175,5.0,88.72,12.5378,-2.79749,19.95128,5e-05,0.87802
8962.2,SYN.BTC-31JAN20,1579258742602,open,0.0,840.7,0.0005,0.011,0.00100607,80.59,0.0015,0.0,BTC-31JAN20-6500-P,8913.21,72.96,0.0005,65.0,0.0015,30.0,85.89,0.73251,-2.12725,-0.06096,3e-05,-0.01689
8962.2,SYN.BTC-31JAN20,1579258742602,open,0.0,1105.4,0.0005,0.0105,0.0004986,88.97,0.0005,0.0,BTC-31JAN20-6000-P,8913.21,0.0,0.0,0.0,0.001,75.4,97.89,0.39149,-1.25511,-0.02964,1e-05,-0.0082
9332.42,BTC-26JUN20,1579258742604,open,0.0,197.9,0.0005,0.0125,0.00275339,86.01,0.003,0.0,BTC-26JUN20-3000-P,8913.21,81.86,0.002,36.0,0.0035,32.6,89.47,1.86704,-0.4991,-0.58689,1e-05,-0.01151
9159.91,BTC-27MAR20,1579258742604,open,0.0,163.2,0.0005,0.0115,0.0018986,110.0,0.0015,0.0,BTC-27MAR20-30000-C,8913.21,110.68,0.002,1.0,0.003,84.0,116.33,1.34727,-1.06044,0.19578,1e-05,0.01306
9159.79,BTC-27MAR20,1579258742604,open,0.13,1567.9,0.0915,0.16,0.12313651,66.24,0.1185,0.0,BTC-27MAR20-9000-C,8913.21,64.98,0.121,13.5,0.125,15.2,67.32,15.65419,-7.41933,8.03689,0.00015,0.58146
8962.2,SYN.BTC-31JAN20,1579258742604,open,0.18,0.0,0.1525,0.2125,0.18021304,69.18,None,0.0,BTC-31JAN20-10500-P,8913.21,0.0,0.0,0.0,0.0,0.0,0.0,3.77953,-9.42245,-3.56362,0.00018,-0.86575
8962.2,SYN.BTC-31JAN20,1579258742604,open,0.01,609.7,0.0005,0.025,0.00860359,69.13,0.009,0.0,BTC-31JAN20-10500-C,8913.21,67.68,0.008,20.0,0.0095,30.0,71.22,3.77561,-9.40559,0.4274,0.00018,0.13405
8962.2,SYN.BTC-31JAN20,1579258742604,open,0.17,474.2,0.148,0.189,0.16751777,65.64,0.173,0.0,BTC-31JAN20-7500-C,8913.21,0.0,0.1535,6.6,0.1715,0.1,78.24,2.41642,-5.71559,2.58846,0.00012,0.92726
9332.42,BTC-26JUN20,1579258742606,open,2.02,0.0,1.9475,2.1025,2.01704187,94.36,None,0.0,BTC-26JUN20-28000-P,8913.21,0.0,0.0005,1.0,0.0,0.0,0.0,8.75617,-2.5679,-121.02198,2e-05,-0.92516
9332.42,BTC-26JUN20,1579258742606,open,0.17,530.2,0.121,0.2115,0.16184219,71.98,0.1585,0.0,BTC-26JUN20-10000-C,8913.21,71.28,0.16,17.2,0.166,11.4,73.56,24.60759,-5.5053,15.45584,9e-05,0.53759
9159.91,BTC-27MAR20,1579258742606,open,0.01,309.0,0.0005,0.0195,0.00533459,99.21,0.0055,0.0,BTC-27MAR20-22000-C,8913.21,96.66,0.0045,68.8,0.006,19.8,101.07,3.15572,-2.24025,0.53446,2e-05,0.03581
9332.42,BTC-26JUN20,1579258742606,open,2.45,0.0,2.366,2.535,2.44246316,98.73,None,0.0,BTC-26JUN20-32000-P,8913.21,0.0,0.0005,1.0,0.0,0.0,0.0,7.40929,-2.27351,-139.11904,2e-05,-0.9397
9332.42,BTC-26JUN20,1579258742608,open,0.97,1.1,0.913,1.042,0.97031411,82.43,1.35,0.0,BTC-26JUN20-18000-P,8913.21,0.0,0.9,0.1,2.1,0.1,500.0,16.08932,-4.12206,-73.76255,5e-05,-0.82295
9332.42,BTC-26JUN20,1579258742608,open,0.32,133.1,0.2845,0.357,0.31774089,71.59,0.2985,0.0,BTC-26JUN20-7000-C,8913.21,68.47,0.312,15.0,0.318,0.1,71.73,17.32947,-3.85571,19.84963,6e-05,0.80031
9159.91,BTC-27MAR20,1579258742608,open,0.0,875.2,0.0005,0.0105,0.00029982,110.0,0.001,0.0,BTC-27MAR20-40000-C,8913.21,114.99,0.0005,42.7,0.0015,68.5,128.03,0.29817,-0.23469,0.03658,0.0,0.00239
9332.42,BTC-26JUN20,1579258742608,open,0.48,0.0,0.4625,0.506,0.48162877,74.38,None,0.0,BTC-26JUN20-5000-C,8913.21,55.1,0.469,5.0,0.485,5.1,78.21,7.89618,-1.82531,18.63087,3e-05,0.93457
9332.42,BTC-26JUN20,1579258742610,open,0.03,1039.8,0.0135,0.0705,0.03336276,85.37,0.0325,0.0,BTC-26JUN20-20000-C,8913.21,84.8,0.0325,1.3,0.0345,31.8,86.12,14.07116,-3.73353,4.56047,4e-05,0.14423
9159.91,BTC-27MAR20,1579258742610,open,0.0,177.3,0.0005,0.011,0.00128924,110.0,0.002,0.0,BTC-27MAR20-32000-C,8913.21,107.07,0.001,174.4,0.0025,74.0,118.68,0.99095,-0.77999,0.13832,1e-05,0.00918
9159.91,BTC-27MAR20,1579258742610,open,0.35,55.3,0.3095,0.398,0.34950024,72.44,0.3565,0.0,BTC-27MAR20-12000-P,8913.21,0.0,0.059,0.1,0.6795,0.1,269.01,12.57017,-6.51553,-19.38658,0.00011,-0.75605
9159.91,BTC-27MAR20,1579258742610,open,0.18,1266.9,0.1525,0.217,0.18268835,66.23,0.185,0.0,BTC-27MAR20-8000-C,8913.21,61.92,0.1765,21.0,0.1855,21.0,68.17,13.25725,-6.28269,9.59354,0.00012,0.72977
9332.42,BTC-26JUN20,1579258742610,open,0.02,43.9,0.0075,0.054,0.02237678,89.86,0.024,0.0,BTC-26JUN20-24000-C,8913.21,88.65,0.021,23.2,0.0235,15.0,90.81,10.82379,-3.02275,3.16721,3e-05,0.09938
9332.42,BTC-26JUN20,1579258742610,open,0.11,469.5,0.0705,0.158,0.10848231,74.76,0.1095,0.0,BTC-26JUN20-12000-C,8913.21,73.6,0.1055,28.4,0.111,11.6,75.75,23.90626,-5.55506,11.91186,8e-05,0.39808
9332.42,BTC-26JUN20,1579258742612,open,0.06,252.4,0.0275,0.0985,0.0552859,80.12,0.0515,0.0,BTC-26JUN20-16000-C,8913.21,79.22,0.0535,21.0,0.0575,22.2,81.22,18.69143,-4.65425,7.07773,6e-05,0.22735
9159.91,BTC-27MAR20,1579258742612,open,0.0,1425.6,0.0005,0.011,0.0010277,84.29,0.001,0.0,BTC-27MAR20-4000-P,8913.21,77.0,0.0005,71.0,0.0015,3.0,88.84,0.83266,-0.50219,-0.15002,1e-05,-0.00753
9332.42,BTC-26JUN20,1579258742612,open,1.81,0.0,1.7385,1.8875,1.80525802,92.25,None,0.0,BTC-26JUN20-26000-P,8913.21,0.0,0.0005,1.0,0.0,0.0,0.0,9.71235,-2.78455,-111.85822,3e-05,-0.91416
9332.42,BTC-26JUN20,1579258742612,open,1.6,0.0,1.5305,1.673,1.59402946,89.83,None,0.0,BTC-26JUN20-24000-P,8913.21,0.0,0.0005,1.0,0.0,0.0,0.0,10.81686,-3.02001,-102.61651,3e-05,-0.90071
9332.42,BTC-26JUN20,1579258742612,open,0.02,352.9,0.007,0.036,0.01738974,74.37,0.02,0.0,BTC-26JUN20-5000-P,8913.21,72.7,0.016,39.6,0.0185,9.8,75.67,7.89508,-1.82488,-3.40617,3e-05,-0.06542
9332.42,BTC-26JUN20,1579258742612,open,0.01,228.9,0.0035,0.0395,0.01359202,98.77,0.012,0.0,BTC-26JUN20-32000-C,8913.21,98.02,0.013,1.0,0.014,15.0,99.28,7.42089,-2.27811,1.92615,2e-05,0.06042
9159.91,BTC-27MAR20,1579258742612,open,0.18,159.2,0.137,0.2185,0.17413988,67.6,0.186,0.0,BTC-27MAR20-10000-P,8913.21,60.24,0.1615,15.0,0.186,15.0,74.45,15.81283,-7.64854,-12.85874,0.00015,-0.55915
9332.42,BTC-26JUN20,1579258742612,open,1.39,0.0,1.323,1.461,1.38429627,87.62,None,0.0,BTC-26JUN20-22000-P,8913.21,0.0,0.11,1.0,2.22,0.1,500.0,12.27243,-3.34206,-93.20605,4e-05,-0.88166
8962.2,SYN.BTC-31JAN20,1579258742612,open,0.08,1168.7,0.0515,0.101,0.07500987,58.84,0.0765,0.0,BTC-31JAN20-8500-C,8913.21,29.53,0.057,11.8,0.0775,25.2,62.48,6.09317,-12.91999,2.1228,0.00034,0.69807
9332.42,BTC-26JUN20,1579258742614,open,0.07,342.1,0.041,0.105,0.06780625,71.58,0.0695,0.0,BTC-26JUN20-7000-P,8913.21,70.34,0.0655,14.2,0.0675,0.1,71.42,17.32915,-3.85541,-11.00266,6e-05,-0.19968
9159.91,BTC-27MAR20,1579258742614,open,1.62,0.0,1.57,1.6875,1.62419232,102.68,None,0.0,BTC-27MAR20-24000-P,8913.21,0.0,0.0005,5.0,0.0,0.0,0.0,2.53437,-1.86209,-45.53549,2e-05,-0.97253
9159.91,BTC-27MAR20,1579258742614,open,0.46,1.6,0.4445,0.4755,0.45841948,79.74,0.459,0.0,BTC-27MAR20-5000-C,8913.21,55.35,0.4545,6.0,0.46,6.0,84.86,2.58235,-1.47354,9.00435,2e-05,0.9719
9159.91,BTC-27MAR20,1579258742614,open,0.0,150.6,0.0005,0.0105,0.00088353,110.0,0.001,0.0,BTC-27MAR20-34000-C,8913.21,111.39,0.001,45.0,0.002,50.0,120.12,0.73039,-0.57489,0.09829,0.0,0.00649
9332.42,BTC-26JUN20,1579258742616,open,0.4,6.7,0.3415,0.458,0.39430864,74.76,0.423,0.0,BTC-26JUN20-12000-P,8913.21,0.0,0.001,0.5,0.54,0.1,130.16,23.90593,-5.55459,-40.97907,8e-05,-0.60195
9332.42,BTC-26JUN20,1579258742616,open,0.04,354.4,0.0185,0.0815,0.0415746,82.44,0.044,0.0,BTC-26JUN20-18000-C,8913.21,81.23,0.0395,16.0,0.0435,24.7,83.55,16.09251,-4.12348,5.57484,5e-05,0.17711
9159.91,BTC-27MAR20,1579258742618,open,1.19,5.2,1.143,1.249,1.19087568,95.89,2.035,0.0,BTC-27MAR20-20000-P,8913.21,0.0,0.0,0.0,0.0,0.0,0.0,4.089,-2.80572,-37.55368,3e-05,-0.95067
8962.2,SYN.BTC-31JAN20,1579258742618,open,0.0,782.3,0.0005,0.0105,0.0005029,106.32,0.0005,0.0,BTC-31JAN20-5500-P,8913.21,0.0,0.0,0.0,0.001,35.0,116.54,0.33913,-1.29931,-0.02545,1e-05,-0.00697
9332.42,BTC-26JUN20,1579258742620,open,0.01,413.7,0.0005,0.019,0.00755743,79.12,0.0095,0.0,BTC-26JUN20-4000-P,8913.21,77.87,0.007,41.0,0.008,9.7,80.07,4.25752,-1.04692,-1.55964,1e-05,-0.03036
9159.91,BTC-27MAR20,1579258742620,open,0.76,1.2,0.718,0.8125,0.76039762,84.2,0.95,0.0,BTC-27MAR20-16000-P,8913.21,0.0,0.0035,5.0,0.95,0.1,216.88,6.60533,-3.97988,-29.25989,5e-05,-0.90819
8962.2,SYN.BTC-31JAN20,1579258742620,open,0.0,648.5,0.0005,0.0135,0.00294225,84.65,0.003,0.0,BTC-31JAN20-12000-C,8913.21,82.18,0.0025,90.0,0.0035,50.1,87.47,1.6828,-5.13304,0.14635,7e-05,0.0459
9159.91,BTC-27MAR20,1579258742622,open,0.01,1592.4,0.004,0.035,0.01363268,84.17,0.0135,0.0,BTC-27MAR20-16000-C,8913.21,83.28,0.013,24.0,0.0145,56.8,85.36,6.59971,-3.975,1.3691,5e-05,0.09171
9159.91,BTC-27MAR20,1579258742622,open,0.97,0.0,0.9295,1.029,0.97445871,89.62,1.23,0.0,BTC-27MAR20-18000-P,8913.21,0.0,0.0125,1.0,0.0,0.0,0.0,4.98601,-3.19761,-33.51133,3e-05,-0.93657
8962.2,SYN.BTC-31JAN20,1579258742622,open,0.0,660.5,0.0005,0.0155,0.00438167,65.7,0.0045,0.0,BTC-31JAN20-7500-P,8913.21,64.25,0.004,16.4,0.0045,0.1,66.13,2.42056,-5.73045,-0.26331,0.00012,-0.0729
8962.2,SYN.BTC-31JAN20,1579258742622,open,0.28,51.2,0.2605,0.293,0.27572402,80.42,0.24,0.0,BTC-31JAN20-6500-C,8913.21,0.0,0.2685,5.0,0.288,5.0,139.01,0.72618,-2.10449,2.41068,3e-05,0.98328
8962.2,SYN.BTC-31JAN20,1579258742622,open,0.39,27.4,0.374,0.401,0.3868027,106.02,0.291,0.0,BTC-31JAN20-5500-C,8913.21,0.0,0.382,6.0,0.3955,6.0,175.61,0.33373,-1.27495,2.06587,1e-05,0.99316
9332.42,BTC-26JUN20,1579258742627,open,0.24,134.5,0.1865,0.29,0.23336413,71.98,0.215,0.0,BTC-26JUN20-10000-P,8913.21,66.35,0.2185,15.8,0.2475,14.2,77.35,24.60765,-5.50498,-28.6196,9e-05,-0.46242
9332.42,BTC-26JUN20,1579258742627,open,0.02,49.9,0.005,0.045,0.01678042,94.39,0.0135,0.0,BTC-26JUN20-28000-C,8913.21,93.0,0.0155,20.0,0.018,27.5,95.67,8.76562,-2.5716,2.39255,2e-05,0.07495
9332.42,BTC-26JUN20,1579258742629,open,0.68,26.7,0.6715,0.6925,0.68129681,86.03,0.68,0.0,BTC-26JUN20-3000-C,8913.21,67.66,0.679,7.0,0.6835,7.0,95.13,1.86848,-0.49959,12.63521,1e-05,0.98848
9159.91,BTC-27MAR20,1579258742758,open,0.03,1080.5,0.0115,0.048,0.0251797,67.42,0.0235,0.0,BTC-27MAR20-7000-P,8913.21,66.23,0.024,27.2,0.0265,47.2,68.73,9.12467,-4.4019,-2.98008,8e-05,-0.14476
8937.48,SYN.BTC-24JAN20,1579258742796,open,0.0,246.7,0.0005,0.0105,0.00053004,82.05,0.0005,0.0,BTC-24JAN20-7000-P,8913.21,0.0,0.0,0.0,0.001,56.6,90.25,0.41082,-2.45129,-0.02279,3e-05,-0.01301
8937.48,SYN.BTC-24JAN20,1579258742796,open,0.0,156.0,0.0005,0.0105,0.00050269,92.04,0.0005,0.0,BTC-24JAN20-6750-P,8913.21,0.0,0.0,0.0,0.001,65.3,101.73,0.35931,-2.40483,-0.01961,3e-05,-0.01114
8937.48,SYN.BTC-24JAN20,1579258742796,open,0.19,7.1,0.1725,0.208,0.18955213,75.36,0.192,0.0,BTC-24JAN20-7250-C,8913.21,0.0,0.183,5.0,0.2035,5.0,149.21,0.56853,-3.11552,1.33249,5e-05,0.981
8937.48,SYN.BTC-24JAN20,1579258742796,open,0.25,0.1,0.2295,0.2625,0.24524195,91.67,0.13,0.0,BTC-24JAN20-6750-C,8913.21,0.0,0.239,5.0,0.2565,5.0,172.14,0.35222,-2.34791,1.25237,3e-05,0.98911
8937.48,SYN.BTC-24JAN20,1579258742796,open,0.27,0.1,0.258,0.2895,0.27304591,97.15,0.16,0.0,BTC-24JAN20-6500-C,8913.21,0.0,0.2665,5.0,0.284,5.0,187.23,0.2404,-1.69838,1.21204,2e-05,0.99295
8937.48,SYN.BTC-24JAN20,1579258742796,open,0.0,85.1,0.0005,0.0105,0.0002509,104.81,0.0005,0.0,BTC-24JAN20-6250-P,8913.21,0.0,0.0,0.0,0.0005,22.1,114.06,0.18552,-1.41403,-0.00928,1e-05,-0.00526
8937.48,SYN.BTC-24JAN20,1579258742796,open,0.3,0.1,0.2865,0.3165,0.30093541,104.14,0.292,0.0,BTC-24JAN20-6250-C,8913.21,0.0,0.2945,5.0,0.311,5.0,199.92,0.17828,-1.35015,1.16848,1e-05,0.99497
8937.48,SYN.BTC-24JAN20,1579258742798,open,0.0,223.5,0.0005,0.0105,0.00033402,97.67,0.0005,0.0,BTC-24JAN20-6500-P,8913.21,0.0,0.0,0.0,0.0005,20.0,102.85,0.24777,-1.75977,-0.01284,2e-05,-0.00729
8937.48,SYN.BTC-24JAN20,1579258742798,open,0.16,22.0,0.144,0.1825,0.16233671,73.15,0.1615,0.0,BTC-24JAN20-7500-C,8913.21,0.0,0.1605,4.1,0.168,5.4,105.08,0.97418,-5.18219,1.34936,9e-05,0.96381
8937.48,SYN.BTC-24JAN20,1579258742800,open,0.0,198.1,0.0005,0.0115,0.00151531,73.3,0.001,0.0,BTC-24JAN20-7500-P,8913.21,68.03,0.001,44.0,0.002,51.7,77.38,0.98024,-5.22512,-0.06394,9e-05,-0.03647
8937.48,SYN.BTC-24JAN20,1579258742800,open,0.0,247.2,0.0005,0.0125,0.00250001,68.69,0.002,0.0,BTC-24JAN20-7750-P,8913.21,65.43,0.002,44.0,0.003,51.9,71.63,1.45088,-7.2471,-0.10431,0.00014,-0.05946
8937.48,SYN.BTC-24JAN20,1579258742800,open,0.14,21.2,0.116,0.1565,0.1353488,68.58,0.1355,0.0,BTC-24JAN20-7750-C,8913.21,0.0,0.13,6.9,0.146,5.4,110.45,1.44585,-7.21102,1.35607,0.00014,0.94081
8937.48,SYN.BTC-24JAN20,1579258742800,open,0.0,193.8,0.0005,0.0105,0.0007581,75.6,0.0005,0.0,BTC-24JAN20-7250-P,8913.21,71.06,0.0005,45.0,0.001,0.7,79.03,0.57616,-3.16765,-0.03377,5e-05,-0.0193
8937.48,SYN.BTC-24JAN20,1579258742802,open,0.06,251.6,0.0395,0.087,0.06172659,58.74,0.0635,0.0,BTC-24JAN20-8500-C,8913.21,59.36,0.062,0.6,0.064,0.6,63.83,3.92859,-16.78144,1.15251,0.00044,0.74628
8937.48,SYN.BTC-24JAN20,1579258742802,open,0.22,0.2,0.201,0.235,0.21729668,81.72,0.216,0.0,BTC-24JAN20-7000-C,8913.21,0.0,0.2165,0.1,0.2285,5.0,155.14,0.40295,-2.39455,1.29635,3e-05,0.98728
8937.48,SYN.BTC-24JAN20,1579258742802,open,0.01,285.1,0.0005,0.023,0.00733206,61.16,0.008,0.0,BTC-24JAN20-8250-P,8913.21,60.16,0.007,10.0,0.0075,1.4,61.66,2.98164,-13.26149,-0.28131,0.00032,-0.15976
8937.48,SYN.BTC-24JAN20,1579258742802,open,0.11,53.7,0.088,0.1315,0.10895665,63.84,0.11,0.0,BTC-24JAN20-8000-C,8913.21,64.02,0.109,0.6,0.112,0.6,75.39,2.07877,-9.65009,1.33964,0.00022,0.90466
8937.48,SYN.BTC-24JAN20,1579258742804,open,0.05,26.3,0.0305,0.0825,0.05448829,61.41,0.053,0.0,BTC-24JAN20-9250-P,8913.21,55.52,0.0515,0.6,0.054,0.6,60.45,4.57727,-20.44044,-1.17376,0.0005,-0.64268
8937.48,SYN.BTC-24JAN20,1579258742804,open,0.01,199.2,0.0005,0.026,0.00864427,66.43,0.009,0.0,BTC-24JAN20-9750-C,8913.21,64.63,0.008,28.9,0.0095,44.5,68.76,3.23843,-15.64531,0.29145,0.00032,0.18176
8937.48,SYN.BTC-24JAN20,1579258742804,open,0.0,391.0,0.0005,0.0165,0.00408049,63.91,0.0045,0.0,BTC-24JAN20-8000-P,8913.21,61.34,0.0035,74.0,0.0045,1.9,65.67,2.08267,-9.67952,-0.16779,0.00022,-0.09558
8937.48,SYN.BTC-24JAN20,1579258742804,open,0.1,0.0,0.074,0.129,0.09957645,66.49,None,0.0,BTC-24JAN20-9750-P,8913.21,0.0,0.0,0.0,0.0,0.0,0.0,3.24102,-15.67164,-1.54485,0.00032,-0.81801
8937.48,SYN.BTC-24JAN20,1579258742804,open,0.02,201.7,0.005,0.0415,0.01950135,61.37,0.0195,0.0,BTC-24JAN20-9250-C,8913.21,59.41,0.0185,25.0,0.0205,0.7,63.31,4.57678,-20.42519,0.56856,0.0005,0.35721
8937.48,SYN.BTC-24JAN20,1579258742806,open,0.01,235.1,0.0025,0.033,0.01279567,58.78,0.0145,0.0,BTC-24JAN20-8500-P,8913.21,56.96,0.012,9.5,0.013,1.7,59.25,3.92967,-16.79813,-0.44893,0.00044,-0.25386
8937.48,SYN.BTC-24JAN20,1579258742806,open,0.03,515.9,0.011,0.053,0.02889788,58.75,0.028,0.0,BTC-24JAN20-9000-C,8913.21,58.94,0.029,14.6,0.0305,0.6,61.68,4.8885,-20.88679,0.76218,0.00055,0.48161
8937.48,SYN.BTC-24JAN20,1579258742806,open,0.07,1.0,0.0505,0.1045,0.07576542,63.51,0.102,0.0,BTC-24JAN20-9500-P,8913.21,53.39,0.0715,0.2,0.0795,0.2,71.73,3.9445,-18.21623,-1.38068,0.00041,-0.74431
9471.94,SYN.BTC-25SEP20,1579258742836,open,0.22,70.8,0.171,0.2745,0.21796431,72.99,0.2195,0.0,BTC-25SEP20-10000-C,8913.21,72.39,0.216,8.3,0.224,15.3,74.86,30.68157,-4.44583,23.96529,7e-05,0.58462
9159.91,BTC-27MAR20,1579258742868,open,0.03,108.4,0.012,0.0575,0.02874808,75.32,0.0295,0.0,BTC-27MAR20-13000-C,8913.21,74.24,0.0275,29.3,0.03,28.7,76.38,10.68657,-5.75931,2.73442,9e-05,0.18468
8962.2,SYN.BTC-31JAN20,1579258743021,open,0.0,0.2,0.0005,0.017,0.00448007,75.97,0.0045,0.0,BTC-31JAN20-11250-C,8913.21,74.12,0.004,63.0,0.005,0.1,77.86,2.39816,-6.56479,0.23013,0.0001,0.07202
8937.48,SYN.BTC-24JAN20,1579258743021,open,0.0,257.6,0.0005,0.013,0.00229513,79.97,0.002,0.0,BTC-24JAN20-10750-C,8913.21,77.86,0.002,81.7,0.0025,0.1,81.34,1.30159,-7.56916,0.08337,0.00011,0.05182
8937.48,SYN.BTC-24JAN20,1579258743041,open,0.0,200.1,0.0005,0.0175,0.00415477,72.72,0.0055,0.0,BTC-24JAN20-10250-C,8913.21,69.73,0.0035,92.1,0.005,30.0,76.26,2.03951,-10.78467,0.14943,0.00019,0.09291
9332.42,BTC-26JUN20,1579258743045,open,0.17,149.9,0.1255,0.219,0.16719365,71.58,0.1635,0.0,BTC-26JUN20-9000-P,8913.21,70.32,0.164,16.0,0.1705,9.8,72.89,23.52891,-5.23468,-22.37553,9e-05,-0.37678
8937.48,SYN.BTC-24JAN20,1579258743048,open,0.0,94.2,0.0005,0.015,0.00308796,76.55,0.003,0.0,BTC-24JAN20-10500-C,8913.21,73.16,0.0025,107.5,0.004,50.9,81.21,1.63454,-9.09945,0.11149,0.00014,0.06931
9471.99,SYN.BTC-25SEP20,1579258743158,open,0.15,61.5,0.109,0.203,0.15022488,72.99,0.1455,0.0,BTC-25SEP20-8000-P,8913.21,71.48,0.146,6.9,0.1505,8.2,73.09,26.50421,-3.84052,-28.14556,6e-05,-0.28038
9471.99,SYN.BTC-25SEP20,1579258743387,open,0.04,62.2,0.015,0.0805,0.03736108,88.47,0.038,0.0,BTC-25SEP20-28000-C,8913.21,87.14,0.035,14.0,0.0395,18.2,89.65,17.0045,-2.98647,6.3224,3e-05,0.13409
171.35,SYN.ETH-31JAN20,1579258743391,open,0.25,133.0,0.22,0.273,0.246231,95.53,0.235,0.0,ETH-31JAN20-130-C,170.47,0.0,0.229,34.0,0.258,34.0,133.48,0.03851,-0.13257,0.04535,0.00361,0.94246
9160.01,BTC-27MAR20,1579258743540,open,0.22,0.0,0.1915,0.251,0.21936686,66.44,None,0.0,BTC-27MAR20-7500-C,8913.35,48.5,0.199,11.0,0.2385,11.0,81.33,11.3006,-5.37275,10.14009,0.00011,0.79761
9160.01,BTC-27MAR20,1579258743540,open,0.45,0.0,0.4075,0.4975,0.447976,75.33,None,0.0,BTC-27MAR20-13000-P,8913.35,0.0,0.0,0.0,0.0,0.0,0.0,10.68902,-5.76161,-22.15194,9e-05,-0.81525
9160.01,BTC-27MAR20,1579258743540,open,0.31,0.0,0.285,0.3325,0.30670936,69.26,None,0.0,BTC-27MAR20-6500-C,8913.35,35.37,0.291,11.0,0.321,11.0,85.77,7.01645,-3.47754,10.40981,6e-05,0.90034
9160.01,BTC-27MAR20,1579258743540,open,0.15,33.4,0.1195,0.187,0.15072998,66.23,0.149,0.0,BTC-27MAR20-8500-C,8913.35,63.91,0.147,17.5,0.1515,15.0,66.71,14.74228,-6.98662,8.86929,0.00014,0.65651
9160.01,BTC-27MAR20,1579258743540,open,0.0,14.2,0.0005,0.012,0.00225529,82.22,0.002,0.0,BTC-27MAR20-4500-P,8913.35,77.23,0.0015,64.0,0.003,59.0,86.2,1.56602,-0.92134,-0.31234,1e-05,-0.01556
9160.01,BTC-27MAR20,1579258743540,open,0.51,2.0,0.4995,0.525,0.51098409,82.19,0.512,0.0,BTC-27MAR20-4500-C,8913.35,0.0,0.508,7.2,0.513,7.0,91.78,1.56371,-0.91963,8.30303,1e-05,0.98447
9160.01,BTC-27MAR20,1579258743541,open,0.26,0.0,0.2175,0.304,0.25711486,69.86,None,0.0,BTC-27MAR20-11000-P,8913.35,0.0,0.0,0.0,0.0,0.0,0.0,14.4749,-7.23536,-16.29687,0.00013,-0.67223
9061.11,SYN.BTC-28FEB20,1579258743541,open,0.24,32.1,0.2185,0.264,0.23990047,66.64,0.234,0.0,BTC-28FEB20-7000-C,8913.35,51.09,0.232,5.0,0.26,5.0,93.72,5.56191,-4.42541,6.81527,9e-05,0.89549
9061.11,SYN.BTC-28FEB20,1579258743540,open,0.24,0.0,0.2085,0.2825,0.24233735,68.15,None,0.0,BTC-28FEB20-11000-P,8913.35,0.0,0.0,0.0,0.0,0.0,0.0,9.41677,-7.66223,-10.4788,0.00015,-0.76566
8962.22,SYN.BTC-31JAN20,1579258743541,open,0.14,0.0,0.1205,0.1645,0.14165579,62.36,None,0.0,BTC-31JAN20-7750-C,8913.35,42.55,0.1365,6.6,0.1565,7.2,95.04,3.16752,-7.11755,2.56821,0.00017,0.89545
9061.11,SYN.BTC-28FEB20,1579258743541,open,0.0,276.9,0.0005,0.011,0.00127849,82.93,0.001,0.0,BTC-28FEB20-5000-P,8913.35,73.18,0.0005,70.0,0.002,68.6,88.79,0.95855,-0.94911,-0.13803,1e-05,-0.012
9061.11,SYN.BTC-28FEB20,1579258743541,open,0.45,0.0,0.4375,0.463,0.44945756,82.81,None,0.0,BTC-28FEB20-5000-C,8913.35,0.0,0.4425,6.0,0.459,6.0,123.8,0.95248,-0.94176,5.59941,1e-05,0.98809
9061.11,SYN.BTC-28FEB20,1579258743541,open,0.01,416.5,0.0005,0.0195,0.00730844,70.0,0.008,0.0,BTC-28FEB20-6500-P,8913.35,68.04,0.0065,52.0,0.008,24.0,71.59,3.85874,-3.22498,-0.74438,6e-05,-0.0643
9061.11,SYN.BTC-28FEB20,1579258743541,open,0.12,404.0,0.089,0.1475,0.11656304,62.69,0.119,0.0,BTC-28FEB20-8500-C,8913.35,59.41,0.1125,33.3,0.1195,18.9,65.04,11.26976,-8.43523,5.62943,0.00019,0.65808
9061.11,SYN.BTC-28FEB20,1579258743541,open,0.15,0.0,0.1205,0.191,0.15277315,64.78,None,0.0,BTC-28FEB20-10000-P,8913.35,42.72,0.126,2.2,0.1935,1.6,95.78,11.55793,-8.93991,-8.16787,0.00019,-0.63293
9061.11,SYN.BTC-28FEB20,1579258743541,open,0.15,223.1,0.1255,0.181,0.15168038,62.96,0.138,0.0,BTC-28FEB20-8000-C,8913.35,43.57,0.1325,11.0,0.1715,11.0,80.91,9.64563,-7.25057,6.27319,0.00016,0.75513
8962.22,SYN.BTC-31JAN20,1579258743541,open,0.1,0.0,0.072,0.1205,0.09469192,58.98,None,0.0,BTC-31JAN20-8250-C,8913.35,22.89,0.08,5.0,0.1115,5.0,85.94,5.15265,-10.95143,2.34024,0.00029,0.78158
9061.11,SYN.BTC-28FEB20,1579258743541,open,0.4,0.3,0.3815,0.412,0.39551466,79.02,0.3935,0.0,BTC-28FEB20-5500-C,8913.35,0.0,0.3895,6.0,0.407,6.0,114.59,1.65999,-1.56619,6.04701,2e-05,0.9772
9061.11,SYN.BTC-28FEB20,1579258743541,open,0.05,168.7,0.032,0.0845,0.05465862,62.7,0.0555,0.0,BTC-28FEB20-8500-P,8913.35,60.97,0.0525,13.0,0.056,25.0,63.78,11.27,-8.43769,-4.12286,0.00019,-0.34194
8962.22,SYN.BTC-31JAN20,1579258743541,open,0.02,11.6,0.006,0.0405,0.01894611,63.34,0.0185,0.0,BTC-31JAN20-9750-C,8913.35,62.64,0.0185,6.0,0.019,0.2,63.42,5.75066,-13.12553,0.84678,0.0003,0.26749
8962.22,SYN.BTC-31JAN20,1579258743541,open,0.15,0.0,0.127,0.1865,0.1545067,66.58,None,0.0,BTC-31JAN20-10250-P,8913.35,0.0,0.0,0.0,0.0,0.0,0.0,4.35778,-10.45484,-3.36725,0.00021,-0.83382
9061.11,SYN.BTC-28FEB20,1579258743541,open,0.19,84.8,0.169,0.22,0.19317917,64.16,0.1785,0.0,BTC-28FEB20-7500-C,8913.35,35.51,0.175,5.0,0.2145,5.0,87.23,7.58396,-5.8097,6.68415,0.00013,0.83616
8962.22,SYN.BTC-31JAN20,1579258743541,open,0.01,11.6,0.001,0.0285,0.01079271,66.53,0.011,0.0,BTC-31JAN20-10250-C,8913.35,65.92,0.0105,19.8,0.011,0.1,66.95,4.35434,-10.43885,0.52874,0.00021,0.16598
9061.11,SYN.BTC-28FEB20,1579258743541,open,0.02,323.7,0.0085,0.0415,0.02091057,64.18,0.02,0.0,BTC-28FEB20-7500-P,8913.35,63.09,0.02,30.3,0.022,28.1,65.47,7.58592,-5.81321,-1.92132,0.00013,-0.16391
8962.22,SYN.BTC-31JAN20,1579258743542,open,0.21,0.0,0.179,0.2395,0.20663471,72.28,None,0.0,BTC-31JAN20-10750-P,8913.35,0.0,0.0,0.0,0.0,0.0,0.0,3.31122,-8.62397,-3.73222,0.00015,-0.88881
9061.11,SYN.BTC-28FEB20,1579258743541,open,0.34,0.4,0.326,0.361,0.34214641,74.28,0.3475,0.0,BTC-28FEB20-6000-C,8913.35,0.0,0.3305,6.1,0.356,6.0,106.27,2.58202,-2.28988,6.43507,4e-05,0.96116
8962.22,SYN.BTC-31JAN20,1579258743569,open,0.03,489.9,0.0095,0.0485,0.02535112,62.09,0.0245,0.0,BTC-31JAN20-9500-C,8913.35,61.59,0.025,16.6,0.0255,0.2,62.29,6.38033,-14.27412,1.06154,0.00034,0.33692
171.35,SYN.ETH-31JAN20,1579258743602,open,0.25,133.0,0.22,0.273,0.246109,95.53,0.235,0.0,ETH-31JAN20-130-C,170.47,0.0,0.228,34.0,0.258,34.0,133.48,0.03851,-0.13257,0.04535,0.00361,0.94246
9160.24,BTC-27MAR20,1579258744548,open,3.37,1.0,3.2815,3.4585,3.36710733,112.97,4.54,0.0,BTC-27MAR20-40000-P,8913.01,0.0,0.0005,2.0,0.0,0.0,0.0,0.37985,-0.30706,-76.52858,0.0,-0.99688
9160.24,BTC-27MAR20,1579258744548,open,2.93,0.0,2.8535,3.0145,2.93073786,111.58,None,0.0,BTC-27MAR20-36000-P,8913.01,0.0,0.0,0.0,0.0,0.0,0.0,0.60459,-0.48271,-68.83899,0.0,-0.99476
9160.24,BTC-27MAR20,1579258744548,open,2.71,0.0,2.639,2.793,2.71261336,110.45,None,0.0,BTC-27MAR20-34000-P,8913.01,0.0,0.0,0.0,0.0,0.0,0.0,0.75279,-0.59496,-64.98808,0.0,-0.99329
9332.16,BTC-26JUN20,1579258744549,open,0.08,672.6,0.0425,0.122,0.07538963,77.3,0.079,0.0,BTC-26JUN20-14000-C,8913.01,76.04,0.0725,19.3,0.0785,45.2,78.65,21.43575,-5.15005,9.10594,7e-05,0.29677
8937.64,SYN.BTC-24JAN20,1579258744548,open,0.18,0.0,0.1525,0.208,0.17791536,76.66,None,0.0,BTC-24JAN20-10500-P,8913.01,0.0,0.0,0.0,0.0,0.0,0.0,1.64043,-9.1452,-1.86593,0.00014,-0.93037
9332.16,BTC-26JUN20,1579258744549,open,0.03,27.1,0.01,0.061,0.0269465,87.64,0.0235,0.0,BTC-26JUN20-22000-C,8913.01,86.53,0.0255,24.4,0.028,24.1,88.43,12.27725,-3.34413,3.76193,4e-05,0.11841
9332.16,BTC-26JUN20,1579258744550,open,0.58,0.5,0.566,0.596,0.57894314,79.14,0.589,0.0,BTC-26JUN20-4000-C,8913.01,0.0,0.571,6.0,0.5815,6.1,84.32,4.2608,-1.04802,16.06896,1e-05,0.96961
9472.1,SYN.BTC-25SEP20,1579258744548,open,0.59,0.0,0.577,0.6145,0.59319405,75.77,None,0.0,BTC-25SEP20-4000-C,8913.01,59.81,0.583,5.0,0.6075,5.0,91.12,7.60012,-1.1432,23.57944,2e-05,0.95393
9159.9,BTC-27MAR20,1579258744550,open,2.49,0.0,2.4255,2.5715,2.49473524,109.61,None,0.0,BTC-27MAR20-32000-P,8913.01,0.0,0.001,1.0,0.0,0.0,0.0,0.96744,-0.75878,-61.12617,1e-05,-0.99107
9472.1,SYN.BTC-25SEP20,1579258744548,open,0.1,128.8,0.067,0.1455,0.10092098,73.0,0.1065,0.0,BTC-25SEP20-7000-P,8913.01,70.52,0.095,13.0,0.099,0.4,72.2,22.75876,-3.29783,-20.40737,5e-05,-0.21129
9472.1,SYN.BTC-25SEP20,1579258744548,open,0.21,33.2,0.1605,0.267,0.20819737,73.0,0.2195,0.0,BTC-25SEP20-9000-P,8913.01,71.63,0.204,8.0,0.208,0.3,72.93,29.12034,-4.21968,-36.43326,6e-05,-0.34919
9061.31,SYN.BTC-28FEB20,1579258744547,open,0.01,4.0,0.004,0.0335,0.01399686,74.28,0.0135,0.0,BTC-28FEB20-12500-C,8913.01,72.82,0.013,36.0,0.015,39.1,75.7,6.29925,-5.58668,1.14844,9e-05,0.12447
9472.1,SYN.BTC-25SEP20,1579258744547,open,0.61,0.2,0.5395,0.6805,0.60313522,76.92,0.63,0.0,BTC-25SEP20-14000-P,8913.01,0.0,0.0,0.0,0.659,0.1,94.13,30.08103,-4.59321,-79.61219,6e-05,-0.61484
9061.31,SYN.BTC-28FEB20,1579258744547,open,0.2,0.0,0.1625,0.2355,0.19595183,66.41,None,0.0,BTC-28FEB20-10500-P,8913.01,29.28,0.162,1.4,0.2685,0.6,123.12,10.56833,-8.38066,-9.37961,0.00017,-0.70629
9472.1,SYN.BTC-25SEP20,1579258744548,open,0.51,0.0,0.4815,0.5345,0.50502559,73.56,None,0.0,BTC-25SEP20-5000-C,8913.01,59.6,0.4885,5.0,0.5255,5.0,87.77,12.60153,-1.84021,26.57958,3e-05,0.91166
8962.38,SYN.BTC-31JAN20,1579258744548,open,0.13,0.0,0.102,0.1615,0.12970809,64.3,None,0.0,BTC-31JAN20-10000-P,8913.01,0.0,0.0945,1.4,0.201,0.6,165.31,5.01691,-11.62383,-3.13818,0.00026,-0.79136
9061.31,SYN.BTC-28FEB20,1579258744548,open,0.04,33.4,0.018,0.0645,0.03715396,66.39,0.037,0.0,BTC-28FEB20-10500-C,8913.01,64.97,0.0355,14.9,0.039,53.6,67.97,10.56693,-8.37686,2.6662,0.00017,0.29362
8962.38,SYN.BTC-31JAN20,1579258744548,open,0.22,334.9,0.2035,0.24,0.22096481,72.38,0.2225,0.0,BTC-31JAN20-7000-C,8913.01,43.9,0.219,5.0,0.2355,5.0,122.9,1.32642,-3.45948,2.53756,6e-05,0.96575
9472.1,SYN.BTC-25SEP20,1579258744547,open,0.43,0.0,0.3705,0.5025,0.43045647,75.24,0.452,0.0,BTC-25SEP20-12000-P,8913.01,0.0,0.0,0.0,0.4755,1.0,88.84,31.32259,-4.67815,-62.53808,7e-05,-0.52631
9472.1,SYN.BTC-25SEP20,1579258744547,open,0.31,32.9,0.263,0.356,0.30562743,72.99,0.2875,0.0,BTC-25SEP20-8000-C,8913.01,69.19,0.295,13.0,0.317,12.0,77.06,26.50423,-3.84039,27.06094,6e-05,0.71963
8962.38,SYN.BTC-31JAN20,1579258744549,open,0.08,7.9,0.059,0.116,0.08535713,62.1,0.1035,0.0,BTC-31JAN20-9500-P,8913.01,10.47,0.06,2.0,0.095,0.2,75.38,6.38128,-14.28071,-2.54959,0.00034,-0.66296
9061.31,SYN.BTC-28FEB20,1579258744547,open,0.01,67.9,0.0015,0.0295,0.0114884,76.5,0.0115,0.0,BTC-28FEB20-13000-C,8913.01,75.69,0.011,1.0,0.012,20.0,77.33,5.51195,-5.03453,0.95357,8e-05,0.10321
8962.38,SYN.BTC-31JAN20,1579258744548,open,0.26,0.0,0.232,0.2925,0.25975103,76.05,None,0.0,BTC-31JAN20-11250-P,8913.01,0.0,0.0,0.0,0.0,0.0,0.0,2.40482,-6.5902,-4.04582,0.0001,-0.92772
8962.38,SYN.BTC-31JAN20,1579258744549,open,0.01,713.0,0.0005,0.0195,0.00560073,74.0,0.006,0.0,BTC-31JAN20-11000-C,8913.01,72.04,0.005,69.1,0.0065,63.1,76.77,2.81164,-7.49783,0.28378,0.00012,0.08889
8962.38,SYN.BTC-31JAN20,1579258744548,open,0.0,65.0,0.0005,0.011,0.0014221,76.47,0.001,0.0,BTC-31JAN20-6750-P,8913.01,72.23,0.001,17.3,0.002,30.1,81.18,0.98967,-2.72706,-0.08689,4e-05,-0.02408
9472.1,SYN.BTC-25SEP20,1579258744547,open,0.26,97.9,0.212,0.312,0.25802768,72.99,0.2575,0.0,BTC-25SEP20-9000-C,8913.01,72.82,0.2575,0.5,0.2635,8.0,74.77,29.12046,-4.21949,25.67355,6e-05,0.6508
9472.1,SYN.BTC-25SEP20,1579258744547,open,0.43,1.0,0.3965,0.4655,0.42788106,72.99,0.425,0.0,BTC-25SEP20-6000-C,8913.01,59.7,0.404,4.0,0.454,4.0,86.29,17.97065,-2.60386,27.88959,4e-05,0.85456
9472.1,SYN.BTC-25SEP20,1579258744548,open,0.28,3.1,0.221,0.3375,0.2737107,73.0,0.285,0.0,BTC-25SEP20-10000-P,8913.01,60.66,0.2335,3.0,0.3045,3.0,82.56,30.68185,-4.44597,-45.04116,7e-05,-0.41537
9472.1,SYN.BTC-25SEP20,1579258744548,open,0.98,0.2,0.9125,1.064,0.9800481,80.41,1.02,0.0,BTC-25SEP20-18000-P,8913.01,0.0,0.0,0.0,1.17,0.5,140.64,25.78607,-4.11597,-112.0852,5e-05,-0.73473
9472.1,SYN.BTC-25SEP20,1579258744547,open,0.35,15.6,0.2935,0.419,0.3500529,74.32,0.3655,0.0,BTC-25SEP20-11000-P,8913.01,60.87,0.3055,3.0,0.394,3.0,87.68,31.32154,-4.62121,-53.83034,7e-05,-0.47349
9472.1,SYN.BTC-25SEP20,1579258744548,open,2.0,0.0,1.915,2.091,1.99344501,88.49,None,0.0,BTC-25SEP20-28000-P,8913.01,0.0,0.0,0.0,0.0,0.0,0.0,17.01246,-2.98851,-186.89372,3e-05,-0.86582
9061.31,SYN.BTC-28FEB20,1579258744547,open,0.02,68.8,0.006,0.038,0.01703416,71.69,0.017,0.0,BTC-28FEB20-12000-C,8913.01,70.36,0.016,49.9,0.018,0.2,72.9,7.16393,-6.13212,1.38485,0.00011,0.15025
9472.1,SYN.BTC-25SEP20,1579258744547,open,0.36,3.9,0.324,0.407,0.36190011,72.99,0.355,0.0,BTC-25SEP20-7000-C,8913.01,62.69,0.3375,12.0,0.3855,12.0,82.73,22.75858,-3.29764,27.89831,5e-05,0.78871
8937.64,SYN.BTC-24JAN20,1579258744548,open,0.08,166.9,0.062,0.108,0.08425107,61.11,0.084,0.0,BTC-24JAN20-8250-C,8913.01,61.86,0.0845,0.6,0.087,0.6,68.94,2.97895,-13.23919,1.27319,0.00032,0.84047
8962.38,SYN.BTC-31JAN20,1579258744549,open,0.02,238.4,0.0085,0.046,0.02344885,58.87,0.022,0.0,BTC-31JAN20-8500-P,8913.01,57.47,0.0225,20.0,0.0245,46.6,60.41,6.09331,-12.92592,-1.10859,0.00034,-0.30193
9472.1,SYN.BTC-25SEP20,1579258744547,open,0.13,228.0,0.081,0.1835,0.12509348,76.91,0.1305,0.0,BTC-25SEP20-14000-C,8913.01,75.94,0.122,15.0,0.1275,9.3,77.67,30.08045,-4.59279,16.99714,6e-05,0.38513
8962.38,SYN.BTC-31JAN20,1579258744548,open,0.01,930.9,0.0035,0.033,0.01391296,64.26,0.0135,0.0,BTC-31JAN20-10000-C,8913.01,63.52,0.0135,17.5,0.0145,4.0,65.31,5.01483,-11.61266,0.66295,0.00026,0.20849
8937.64,SYN.BTC-24JAN20,1579258744548,open,0.02,188.6,0.007,0.0465,0.02243692,58.78,0.022,0.0,BTC-24JAN20-8750-P,8913.01,56.03,0.021,0.5,0.0225,0.6,58.9,4.67374,-19.97891,-0.67893,0.00053,-0.38082
9472.1,SYN.BTC-25SEP20,1579258744548,open,0.79,0.4,0.722,0.869,0.78778803,78.69,0.845,0.0,BTC-25SEP20-16000-P,8913.01,0.0,0.0,0.0,0.8475,0.1,97.89,28.04013,-4.38007,-96.11446,6e-05,-0.68266
8937.64,SYN.BTC-24JAN20,1579258744548,open,0.15,0.0,0.1255,0.1805,0.15101052,72.8,None,0.0,BTC-24JAN20-10250-P,8913.01,0.0,0.0,0.0,0.0,0.0,0.0,2.04452,-10.82381,-1.78094,0.00019,-0.90678
9061.31,SYN.BTC-28FEB20,1579258744547,open,0.34,0.0,0.3075,0.382,0.34137458,71.72,None,0.0,BTC-28FEB20-12000-P,8913.01,0.0,0.0,0.0,0.0,0.0,0.0,7.16866,-6.13924,-12.38125,0.00011,-0.84961
8937.64,SYN.BTC-24JAN20,1579258744548,open,0.01,450.1,0.0005,0.0215,0.0060212,69.84,0.0055,0.0,BTC-24JAN20-10000-C,8913.01,68.01,0.0055,19.4,0.0065,30.0,71.46,2.60255,-13.21722,0.20965,0.00025,0.13055
9472.1,SYN.BTC-25SEP20,1579258744548,open,1.58,0.0,1.508,1.673,1.58139105,85.16,None,0.0,BTC-25SEP20-24000-P,8913.01,0.0,0.0,0.0,0.0,0.0,0.0,19.79228,-3.34601,-157.72213,4e-05,-0.83158
9061.31,SYN.BTC-28FEB20,1579258744548,open,0.29,0.0,0.257,0.3315,0.29101348,69.94,None,0.0,BTC-28FEB20-11500-P,8913.01,0.0,0.0,0.0,0.0,0.0,0.0,8.25751,-6.89569,-11.47331,0.00013,-0.81263
9061.31,SYN.BTC-28FEB20,1579258744547,open,0.45,0.0,0.4115,0.4875,0.44619053,76.55,None,0.0,BTC-28FEB20-13000-P,8913.01,0.0,0.0,0.0,0.0,0.0,0.0,5.51894,-5.04423,-13.9595,8e-05,-0.8966
8937.64,SYN.BTC-24JAN20,1579258744548,open,0.12,0.0,0.0995,0.1545,0.12490298,69.9,None,0.0,BTC-24JAN20-10000-P,8913.01,0.0,0.0,0.0,0.0,0.0,0.0,2.60581,-13.24589,-1.67373,0.00025,-0.86922
9472.1,SYN.BTC-25SEP20,1579258744548,open,0.07,168.3,0.0335,0.117,0.06586971,82.04,0.0605,0.0,BTC-25SEP20-20000-C,8913.01,81.69,0.065,2.0,0.067,1.0,82.5,23.59128,-3.84222,10.39328,5e-05,0.22488
9472.1,SYN.BTC-25SEP20,1579258744549,open,2.41,0.0,2.3245,2.512,2.40839813,91.11,None,0.0,BTC-25SEP20-32000-P,8913.01,0.0,0.0,0.0,0.0,0.0,0.0,14.73056,-2.66413,-215.64111,3e-05,-0.89067
8937.64,SYN.BTC-24JAN20,1579258744548,open,0.04,64.1,0.016,0.0625,0.03590045,58.79,0.035,0.0,BTC-24JAN20-9000-P,8913.01,54.4,0.0335,18.6,0.036,0.6,58.97,4.88865,-20.89895,-0.93303,0.00055,-0.51828
8962.38,SYN.BTC-31JAN20,1579258744548,open,0.25,0.0,0.232,0.2665,0.24826038,76.35,None,0.0,BTC-31JAN20-6750-C,8913.01,0.0,0.239,5.0,0.2615,5.0,130.48,0.98405,-2.70729,2.47976,4e-05,0.97608
9061.31,SYN.BTC-28FEB20,1579258744547,open,0.39,0.0,0.359,0.4345,0.39351814,74.32,None,0.0,BTC-28FEB20-12500-P,8913.01,0.0,0.0,0.0,0.0,0.0,0.0,6.30508,-5.59504,-13.19115,9e-05,-0.87537
9472.1,SYN.BTC-25SEP20,1579258744547,open,0.02,66.7,0.0055,0.0325,0.01549169,75.78,0.0195,0.0,BTC-25SEP20-4000-P,8913.01,74.53,0.0145,17.5,0.0165,13.7,77.02,7.60122,-1.14346,-4.02424,2e-05,-0.04607
9472.1,SYN.BTC-25SEP20,1579258744548,open,1.18,0.1,1.108,1.264,1.17735791,82.05,1.21,0.0,BTC-25SEP20-20000-P,8913.01,0.0,0.0,0.0,1.35,0.4,138.83,23.5944,-3.84319,-127.61899,5e-05,-0.77507
8937.64,SYN.BTC-24JAN20,1579258744548,open,0.2,0.0,0.18,0.235,0.205094,80.11,None,0.0,BTC-24JAN20-10750-P,8913.01,0.0,0.0,0.0,0.0,0.0,0.0,1.30829,-7.62125,-1.94113,0.00011,-0.94785
8962.38,SYN.BTC-31JAN20,1579258744548,open,0.04,867.8,0.023,0.069,0.04375927,58.83,0.045,0.0,BTC-31JAN20-9000-C,8913.01,57.85,0.043,37.4,0.046,20.0,61.71,6.9698,-14.77406,1.58276,0.00039,0.50831
9472.1,SYN.BTC-25SEP20,1579258744548,open,0.05,23.4,0.021,0.094,0.04760521,85.15,0.047,0.0,BTC-25SEP20-24000-C,8913.01,84.13,0.0455,13.0,0.0495,1.0,86.05,19.78696,-3.34454,7.89211,4e-05,0.16835
8962.38,SYN.BTC-31JAN20,1579258744581,open,0.08,7.9,0.059,0.116,0.08535713,62.1,0.1035,0.0,BTC-31JAN20-9500-P,8913.01,0.0,0.0595,2.0,0.095,0.2,75.38,6.38128,-14.28071,-2.54959,0.00034,-0.66296
174.88,ETH-27MAR20,1579258744603,open,0.24,1148.0,0.187,0.298,0.241369,85.73,0.243,0.0,ETH-27MAR20-200-P,170.47,79.17,0.23,144.0,0.248,144.0,89.65,0.30086,-0.18455,-0.27079,0.00599,-0.56761
174.88,ETH-27MAR20,1579258745145,open,1.74,0.0,1.667,1.846,1.751306,114.42,None,0.0,ETH-27MAR20-480-P,170.47,0.0,0.004,50.0,0.0,0.0,0.0,0.06413,-0.0525,-0.90817,0.00096,-0.96135
174.88,ETH-27MAR20,1579258745145,open,0.0,8174.0,0.001,0.012,0.002974,119.85,0.002,0.0,ETH-27MAR20-600-C,170.47,114.2,0.002,870.0,0.004,650.0,124.54,0.03445,-0.02954,0.00515,0.00049,0.01836
174.88,ETH-27MAR20,1579258745156,open,0.63,161.0,0.571,0.703,0.633692,94.32,1.397,0.0,ETH-27MAR20-280-P,170.47,0.0,0.002,50.0,0.0,0.0,0.0,0.19732,-0.13318,-0.48832,0.00357,-0.82488
174.88,ETH-27MAR20,1579258745156,open,0.01,1013.0,0.001,0.015,0.005531,104.97,0.006,0.0,ETH-27MAR20-80-P,170.47,98.77,0.004,860.0,0.007,325.0,110.06,0.04718,-0.03543,-0.01077,0.00077,-0.02665
174.88,ETH-27MAR20,1579258745156,open,0.55,20.0,0.53,0.567,0.548074,104.97,0.613,0.0,ETH-27MAR20-80-C,170.47,72.19,0.543,258.0,0.552,258.0,117.44,0.04718,-0.03543,0.14238,0.00077,0.97335
171.35,SYN.ETH-31JAN20,1579258745156,open,0.4,0.0,0.361,0.454,0.404742,100.67,None,0.0,ETH-31JAN20-240-P,170.47,0.0,0.011,3.0,0.0,0.0,0.0,0.03597,-0.1305,-0.08806,0.0032,-0.94722
171.35,SYN.ETH-31JAN20,1579258745156,open,0.01,863.0,0.001,0.025,0.008587,86.56,0.014,0.0,ETH-31JAN20-140-P,170.47,81.72,0.007,950.0,0.01,600.0,90.56,0.05863,-0.18286,-0.00707,0.00607,-0.1
174.88,ETH-27MAR20,1579258745157,open,1.07,7.0,1.003,1.149,1.071862,100.92,1.702,0.0,ETH-27MAR20-360-P,170.47,0.0,0.01,30.0,0.0,0.0,0.0,0.11229,-0.08109,-0.66731,0.0019,-0.92136
174.88,ETH-27MAR20,1579258745162,open,0.26,670.0,0.216,0.294,0.256194,85.75,0.241,0.0,ETH-27MAR20-140-C,170.47,78.5,0.247,246.0,0.26,20.0,88.69,0.2251,-0.13813,0.17619,0.00448,0.78245
178.94,ETH-26JUN20,1579258745162,open,0.23,3522.0,0.177,0.287,0.232971,90.14,0.231,0.0,ETH-26JUN20-180-C,170.47,87.01,0.225,180.0,0.233,263.0,90.15,0.4545,-0.12733,0.30039,0.00357,0.61384
178.94,ETH-26JUN20,1579258745162,open,0.14,963.0,0.087,0.194,0.139387,91.44,0.145,0.0,ETH-26JUN20-240-C,170.47,90.14,0.136,140.0,0.142,277.0,92.45,0.46631,-0.13253,0.22806,0.00361,0.42856
174.88,ETH-27MAR20,1579258745162,open,0.33,1200.0,0.272,0.39,0.329519,87.34,0.365,0.0,ETH-27MAR20-220-P,170.47,0.0,0.001,10.0,0.0,0.0,0.0,0.2807,-0.17542,-0.33093,0.00549,-0.65894
178.94,ETH-26JUN20,1579258745162,open,0.39,0.0,0.32,0.466,0.391739,90.08,None,0.0,ETH-26JUN20-220-P,170.47,0.0,0.001,10.0,0.418,1.0,100.0,0.47342,-0.13255,-0.71789,0.00372,-0.5185
178.94,ETH-26JUN20,1579258745162,open,2.15,0.0,2.049,2.279,2.156345,106.43,None,0.0,ETH-26JUN20-560-P,170.47,0.0,0.01,50.0,0.0,0.0,0.0,0.21393,-0.07077,-2.40766,0.00142,-0.8964
174.88,ETH-27MAR20,1579258745162,open,0.01,2448.0,0.001,0.018,0.005079,116.81,0.006,0.0,ETH-27MAR20-520-C,170.47,112.93,0.004,870.0,0.006,950.0,119.71,0.05247,-0.04385,0.00844,0.00077,0.03028
174.88,ETH-27MAR20,1579258745162,open,1.52,0.0,1.445,1.614,1.524533,111.44,None,0.0,ETH-27MAR20-440-P,170.47,0.0,0.003,50.0,0.0,0.0,0.0,0.07843,-0.06254,-0.82858,0.0012,-0.95038
178.94,ETH-26JUN20,1579258745162,open,2.59,0.0,2.48,2.732,2.597968,109.85,None,0.0,ETH-26JUN20-640-P,170.47,0.0,0.01,50.0,0.0,0.0,0.0,0.18219,-0.0622,-2.77192,0.00118,-0.91663
171.35,SYN.ETH-31JAN20,1579258745162,open,0.02,2586.0,0.003,0.039,0.016632,84.54,0.02,0.0,ETH-31JAN20-200-C,170.47,81.46,0.015,562.0,0.018,650.0,87.04,0.09242,-0.28151,0.01169,0.00979,0.19607
178.94,ETH-26JUN20,1579258745164,open,1.93,0.0,1.834,2.054,1.936832,104.81,None,0.0,ETH-26JUN20-520-P,170.47,0.0,0.01,50.0,0.0,0.0,0.0,0.23478,-0.07648,-2.22321,0.00159,-0.88204
178.94,ETH-26JUN20,1579258745164,open,0.16,1083.0,0.108,0.217,0.162429,90.14,0.172,0.0,ETH-26JUN20-220-C,170.47,88.84,0.159,140.0,0.166,273.0,91.49,0.47343,-0.13263,0.25178,0.00372,0.48166
178.94,ETH-26JUN20,1579258745164,open,0.02,1848.0,0.006,0.051,0.02135,109.85,0.012,0.0,ETH-26JUN20-640-C,170.47,107.47,0.019,539.0,0.023,300.0,111.44,0.18219,-0.0622,0.04891,0.00118,0.08337
178.94,ETH-26JUN20,1579258745164,open,0.48,4.0,0.405,0.559,0.480443,91.38,0.934,0.0,ETH-26JUN20-240-P,170.47,0.0,0.01,50.0,0.0,0.0,0.0,0.46626,-0.13242,-0.82979,0.00362,-0.57167
174.88,ETH-27MAR20,1579258745164,open,0.44,1148.0,0.417,0.468,0.441804,96.54,0.346,0.0,ETH-27MAR20-100-C,170.47,76.17,0.433,240.0,0.448,240.0,107.12,0.09406,-0.06497,0.16597,0.00166,0.93754
174.88,ETH-27MAR20,1579258745168,open,0.34,158.0,0.309,0.374,0.34178,88.67,0.211,0.0,ETH-27MAR20-120-C,170.47,78.13,0.333,222.0,0.349,222.0,96.52,0.15491,-0.09828,0.1795,0.00298,0.87794
178.94,ETH-26JUN20,1579258745168,open,1.71,0.0,1.62,1.83,1.718325,103.04,None,0.0,ETH-26JUN20-480-P,170.47,0.0,0.01,50.0,0.0,0.0,0.0,0.25868,-0.08284,-2.03698,0.00178,-0.86442
178.94,ETH-26JUN20,1579258745168,open,0.05,4039.0,0.021,0.095,0.052067,99.82,0.054,0.0,ETH-26JUN20-400-C,170.47,98.09,0.049,120.0,0.054,297.0,100.89,0.32109,-0.09962,0.10781,0.00228,0.18877
171.35,SYN.ETH-31JAN20,1579258745168,open,0.18,0.0,0.142,0.228,0.183659,84.16,None,0.0,ETH-31JAN20-200-P,170.47,0.0,0.033,21.0,1.187,20.0,500.0,0.09205,-0.27915,-0.06441,0.0098,-0.8052
178.94,ETH-26JUN20,1579258745170,open,1.07,1.0,0.988,1.172,1.075482,97.65,1.827,0.0,ETH-26JUN20-360-P,170.47,0.0,0.015,2.0,0.0,0.0,0.0,0.35661,-0.10822,-1.45917,0.00259,-0.77464
178.94,ETH-26JUN20,1579258745170,open,0.06,1386.0,0.028,0.11,0.063634,97.65,0.062,0.0,ETH-26JUN20-360-C,170.47,95.8,0.06,140.0,0.066,294.0,98.82,0.35661,-0.10822,0.12755,0.00259,0.22536
178.94,ETH-26JUN20,1579258745170,open,0.19,2643.0,0.138,0.25,0.194382,90.14,0.188,0.0,ETH-26JUN20-200-C,170.47,88.1,0.189,140.0,0.197,268.0,91.14,0.4709,-0.13192,0.27661,0.0037,0.5451
171.35,SYN.ETH-31JAN20,1579258745170,open,0.0,4160.0,0.001,0.011,0.000646,119.96,0.003,0.0,ETH-31JAN20-100-P,170.47,0.0,0.0,0.0,0.002,330.0,141.29,0.00714,-0.03088,-0.00055,0.00053,-0.00778
174.88,ETH-27MAR20,1579258745172,open,0.85,10.0,0.785,0.924,0.850369,98.04,1.59,0.0,ETH-27MAR20-320-P,170.47,0.0,0.011,5.0,0.0,0.0,0.0,0.14965,-0.10498,-0.58057,0.00261,-0.88377
178.94,ETH-26JUN20,1579258745175,open,0.07,2030.0,0.04,0.11,0.072119,90.14,0.074,0.0,ETH-26JUN20-120-P,170.47,86.42,0.066,624.0,0.074,813.0,91.27,0.29697,-0.0832,-0.18843,0.00233,-0.1668
178.94,ETH-26JUN20,1579258745175,open,0.04,633.0,0.012,0.073,0.035862,103.04,0.034,0.0,ETH-26JUN20-480-C,170.47,101.02,0.033,649.0,0.038,300.0,104.5,0.25868,-0.08284,0.07864,0.00178,0.13558
178.94,ETH-26JUN20,1579258745175,open,0.02,315.0,0.007,0.055,0.023768,108.16,0.023,0.0,ETH-26JUN20-600-C,170.47,105.56,0.021,770.0,0.026,805.0,110.14,0.19677,-0.06614,0.05415,0.00129,0.09243
174.88,ETH-27MAR20,1579258745175,open,0.01,1621.0,0.004,0.03,0.013625,96.54,0.015,0.0,ETH-27MAR20-100-P,170.47,91.42,0.011,620.0,0.017,325.0,102.51,0.09406,-0.06497,-0.02547,0.00166,-0.06246
178.94,ETH-26JUN20,1579258745177,open,1.28,0.0,1.196,1.389,1.287453,99.82,None,0.0,ETH-26JUN20-400-P,170.47,0.0,0.01,50.0,0.0,0.0,0.0,0.32109,-0.09962,-1.65521,0.00228,-0.81123
174.88,ETH-27MAR20,1579258745177,open,1.97,0.0,1.889,2.079,1.978542,116.79,None,0.0,ETH-27MAR20-520-P,170.47,0.0,0.006,50.0,0.0,0.0,0.0,0.05244,-0.04383,-0.98706,0.00077,-0.96974
174.88,ETH-27MAR20,1579258745177,open,2.2,0.0,2.11,2.313,2.206224,119.09,None,0.0,ETH-27MAR20-560-P,170.47,0.0,0.02,50.0,0.0,0.0,0.0,0.04359,-0.03715,-1.0653,0.00063,-0.97575
178.94,ETH-26JUN20,1579258745179,open,0.23,400.0,0.178,0.302,0.23879,90.1,0.294,0.0,ETH-26JUN20-180-P,170.47,80.77,0.215,180.0,0.269,200.0,102.07,0.45452,-0.12728,-0.49293,0.00357,-0.38621
178.94,ETH-26JUN20,1579258745232,open,0.66,0.0,0.588,0.754,0.668634,93.4,None,0.0,ETH-26JUN20-280-P,170.47,0.0,0.011,3.0,0.0,0.0,0.0,0.43536,-0.12638,-1.04775,0.0033,-0.65984
178.94,ETH-26JUN20,1579258745232,open,0.1,902.0,0.057,0.156,0.103863,93.4,0.109,0.0,ETH-26JUN20-280-C,170.47,91.81,0.1,140.0,0.107,284.0,94.69,0.43536,-0.12638,0.18637,0.0033,0.34016
174.88,ETH-27MAR20,1579258745232,open,0.42,118.0,0.366,0.49,0.426122,89.52,0.978,0.0,ETH-27MAR20-240-P,170.47,0.0,0.005,10.0,0.0,0.0,0.0,0.25307,-0.1621,-0.38701,0.00483,-0.72984
178.94,ETH-26JUN20,1579258745232,open,0.01,1447.0,0.001,0.019,0.008296,101.58,0.008,0.0,ETH-26JUN20-60-P,170.47,95.18,0.006,950.0,0.01,300.0,105.74,0.06977,-0.02203,-0.02638,0.00049,-0.02515
171.35,SYN.ETH-31JAN20,1579258745232,open,0.19,1401.0,0.162,0.221,0.191668,86.97,0.197,0.0,ETH-31JAN20-140-C,170.47,0.0,0.172,54.0,0.208,54.0,125.03,0.05903,-0.185,0.04608,0.00608,0.89907
171.35,SYN.ETH-31JAN20,1579258745232,open,0.29,1.0,0.249,0.338,0.291375,91.64,0.739,0.0,ETH-31JAN20-220-P,170.47,0.0,0.011,3.0,0.0,0.0,0.0,0.05654,-0.18671,-0.07792,0.00553,-0.90483
171.35,SYN.ETH-31JAN20,1579258745232,open,0.0,830.0,0.001,0.017,0.00431,101.82,0.005,0.0,ETH-31JAN20-240-C,170.47,95.16,0.003,1250.0,0.006,1009.0,108.91,0.03718,-0.13641,0.0033,0.00327,0.05502
174.88,ETH-27MAR20,1579258745234,open,0.06,588.0,0.029,0.091,0.056652,85.68,0.068,0.0,ETH-27MAR20-140-P,170.47,83.61,0.054,25.0,0.06,1084.0,88.27,0.22505,-0.13798,-0.09177,0.00449,-0.21745
178.94,ETH-26JUN20,1579258745234,open,0.08,657.0,0.039,0.129,0.079793,95.39,0.09,0.0,ETH-26JUN20-320-C,170.47,93.66,0.076,140.0,0.083,290.0,96.83,0.39556,-0.11727,0.15303,0.00294,0.27383
178.94,ETH-26JUN20,1579258745234,open,0.86,0.0,0.784,0.959,0.868102,95.39,1.06,0.0,ETH-26JUN20-320-P,170.47,0.0,0.015,2.0,0.0,0.0,0.0,0.39556,-0.11727,-1.25738,0.00294,-0.72617
171.35,SYN.ETH-31JAN20,1579258745234,open,0.09,30.0,0.054,0.13,0.091087,78.61,0.088,0.0,ETH-31JAN20-180-P,170.47,70.5,0.085,200.0,0.095,200.0,83.78,0.12934,-0.3664,-0.0448,0.01474,-0.59671
178.94,ETH-26JUN20,1579258745236,open,0.57,0.0,0.549,0.598,0.573042,95.82,None,0.0,ETH-26JUN20-80-C,170.47,82.31,0.564,263.0,0.578,263.0,102.08,0.13526,-0.04028,0.29206,0.001,0.94336
178.94,ETH-26JUN20,1579258745236,open,0.31,246.0,0.245,0.381,0.312075,90.14,0.312,0.0,ETH-26JUN20-200-P,170.47,0.0,0.001,10.0,0.338,1.0,100.02,0.4709,-0.13192,-0.6049,0.0037,-0.4549
174.88,ETH-27MAR20,1579258745236,open,0.1,3081.0,0.058,0.14,0.097728,85.8,0.102,0.0,ETH-27MAR20-200-C,170.47,83.64,0.094,271.0,0.1,20.0,87.12,0.30089,-0.18474,0.11211,0.00599,0.43259
178.94,ETH-26JUN20,1579258745236,open,0.67,3.0,0.658,0.69,0.672988,101.58,0.588,0.0,ETH-26JUN20-60-C,170.47,80.73,0.667,273.0,0.677,273.0,110.84,0.06977,-0.02203,0.23808,0.00049,0.97485
178.94,ETH-26JUN20,1579258745236,open,0.4,321.0,0.36,0.442,0.401503,90.14,0.37,0.0,ETH-26JUN20-120-C,170.47,83.1,0.39,254.0,0.406,254.0,92.84,0.29697,-0.0832,0.34047,0.00233,0.8332
174.88,ETH-27MAR20,1579258745236,open,1.29,5.0,1.224,1.381,1.297933,106.82,2.004,0.0,ETH-27MAR20-400-P,170.47,0.0,0.046,50.0,0.0,0.0,0.0,0.09376,-0.07167,-0.7485,0.0015,-0.93779
178.94,ETH-26JUN20,1579258745238,open,0.02,1009.0,0.008,0.039,0.02012,95.82,0.036,0.0,ETH-26JUN20-80-P,170.47,91.54,0.017,300.0,0.023,300.0,99.52,0.13526,-0.04028,-0.06054,0.001,-0.05664
174.88,ETH-27MAR20,1579258745238,open,0.16,1521.0,0.115,0.213,0.162841,83.89,0.191,0.0,ETH-27MAR20-180-P,170.47,78.23,0.153,164.0,0.17,164.0,88.02,0.30358,-0.18224,-0.20793,0.00618,-0.45822
174.88,ETH-27MAR20,1579258745238,open,0.0,1824.0,0.001,0.015,0.004029,119.09,0.006,0.0,ETH-27MAR20-560-C,170.47,114.55,0.003,870.0,0.005,950.0,122.72,0.04359,-0.03715,0.00677,0.00063,0.02425
174.88,ETH-27MAR20,1579258745238,open,0.01,1738.0,0.001,0.021,0.006567,114.42,0.005,0.0,ETH-27MAR20-480-C,170.47,109.77,0.005,869.0,0.008,950.0,118.09,0.06413,-0.0525,0.01074,0.00096,0.03865
171.35,SYN.ETH-31JAN20,1579258745238,open,0.01,2100.0,0.001,0.024,0.007646,92.31,0.007,0.0,ETH-31JAN20-220-C,170.47,87.11,0.006,1280.0,0.009,680.0,96.21,0.05735,-0.19078,0.00582,0.00557,0.09703
171.35,SYN.ETH-31JAN20,1579258745238,open,0.0,1542.0,0.001,0.012,0.002937,105.74,0.002,0.0,ETH-31JAN20-120-P,170.47,98.59,0.002,650.0,0.004,1250.0,112.42,0.02495,-0.09506,-0.00238,0.00211,-0.03357
171.35,SYN.ETH-31JAN20,1579258745238,open,0.52,0.0,0.474,0.572,0.519914,109.47,None,0.0,ETH-31JAN20-260-P,170.47,0.0,0.011,3.0,0.0,0.0,0.0,0.02421,-0.0955,-0.0969,0.00198,-0.96763
178.94,ETH-26JUN20,1579258745240,open,0.03,195.0,0.01,0.066,0.03083,104.81,0.026,0.0,ETH-26JUN20-520-C,170.47,102.6,0.028,685.0,0.033,300.0,106.43,0.23478,-0.07648,0.06872,0.00159,0.11796
178.94,ETH-26JUN20,1579258745240,open,0.17,613.0,0.12,0.23,0.173616,90.14,0.191,0.0,ETH-26JUN20-160-P,170.47,86.48,0.165,180.0,0.175,806.0,90.73,0.42111,-0.11797,-0.38412,0.00331,-0.31342
174.88,ETH-27MAR20,1579258745240,open,2.42,0.0,2.332,2.546,2.433898,119.85,None,0.0,ETH-27MAR20-600-P,170.47,0.0,0.03,50.0,0.0,0.0,0.0,0.03445,-0.02954,-1.14349,0.00049,-0.98164
171.35,SYN.ETH-31JAN20,1579258745240,open,0.42,4.0,0.399,0.436,0.417133,122.29,0.4,0.0,ETH-31JAN20-100-C,170.47,0.0,0.407,40.0,0.426,40.0,192.51,0.00789,-0.03478,0.0374,0.00058,0.99129
178.94,ETH-26JUN20,1579258745243,open,0.11,1310.0,0.074,0.165,0.11759,90.14,0.129,0.0,ETH-26JUN20-140-P,170.47,85.96,0.109,754.0,0.119,810.0,90.82,0.36853,-0.10324,-0.28129,0.0029,-0.23907
174.88,ETH-27MAR20,1579258745243,open,2.65,0.0,2.554,2.779,2.661792,120.0,None,0.0,ETH-27MAR20-640-P,170.47,0.0,0.01,50.0,0.0,0.0,0.0,0.02664,-0.02288,-1.22138,0.00038,-0.98639
178.94,ETH-26JUN20,1579258745245,open,0.48,1.0,0.447,0.513,0.479809,90.53,0.38,0.0,ETH-26JUN20-100-C,170.47,80.94,0.469,256.0,0.487,256.0,96.45,0.21195,-0.05964,0.3296,0.00166,0.89771
178.94,ETH-26JUN20,1579258745245,open,1.49,0.0,1.407,1.608,1.501492,101.3,None,0.0,ETH-26JUN20-440-P,170.47,0.0,0.01,50.0,0.0,0.0,0.0,0.287,-0.09036,-1.84807,0.00201,-0.84173
174.88,ETH-27MAR20,1579258745247,open,0.01,1192.0,0.001,0.025,0.008522,111.44,0.008,0.0,ETH-27MAR20-440-C,170.47,107.84,0.007,910.0,0.01,950.0,114.58,0.07843,-0.06254,0.01376,0.0012,0.04962
181.62,SYN.ETH-25SEP20,1579258745341,open,0.06,188.0,0.035,0.099,0.063855,89.77,0.116,0.0,ETH-25SEP20-100-P,170.47,86.85,0.059,673.0,0.067,294.0,91.66,0.30248,-0.0539,-0.23086,0.00148,-0.12038
181.62,SYN.ETH-25SEP20,1579258745347,open,0.15,369.0,0.102,0.205,0.151345,87.31,0.15,0.0,ETH-25SEP20-140-P,170.47,84.85,0.145,696.0,0.155,269.0,88.76,0.46396,-0.08041,-0.48451,0.00233,-0.23531
181.62,SYN.ETH-25SEP20,1579258745357,open,0.29,350.0,0.224,0.342,0.284584,86.76,0.27,0.0,ETH-25SEP20-180-C,170.47,87.2,0.286,385.0,0.299,641.0,91.42,0.56148,-0.0967,0.45205,0.00284,0.64534
171.35,SYN.ETH-31JAN20,1579258745368,open,0.3,351.0,0.279,0.327,0.302722,106.58,0.291,0.0,ETH-31JAN20-120-C,170.47,0.0,0.286,35.0,0.313,35.0,150.65,0.02553,-0.09805,0.04317,0.00215,0.96547
181.62,SYN.ETH-25SEP20,1579258745377,open,0.06,1.0,0.028,0.118,0.065992,100.53,0.054,0.0,ETH-25SEP20-520-C,170.47,98.78,0.062,455.0,0.07,297.0,102.23,0.42223,-0.08426,0.16777,0.00185,0.19988
181.62,SYN.ETH-25SEP20,1579258745379,open,0.06,306.0,0.023,0.108,0.058245,101.28,0.055,0.0,ETH-25SEP20-560-C,170.47,99.77,0.055,482.0,0.063,301.0,103.43,0.395,-0.07941,0.1518,0.00171,0.17936
181.62,SYN.ETH-25SEP20,1579258745382,open,0.02,812.0,0.007,0.034,0.017469,97.72,0.028,0.0,ETH-25SEP20-60-P,170.47,92.47,0.014,753.0,0.022,300.0,103.96,0.12561,-0.02437,-0.06994,0.00056,-0.03834
181.62,SYN.ETH-25SEP20,1579258745384,open,0.03,317.0,0.018,0.063,0.037171,93.83,0.06,0.0,ETH-25SEP20-80-P,170.47,88.43,0.031,1046.0,0.045,300.0,100.32,0.21294,-0.03966,-0.1402,0.001,-0.07471
178.94,ETH-26JUN20,1579258745386,open,0.04,719.0,0.018,0.066,0.038655,90.53,0.042,0.0,ETH-26JUN20-100-P,170.47,88.27,0.036,900.0,0.041,100.0,92.5,0.21195,-0.05964,-0.11116,0.00166,-0.10229
178.94,ETH-26JUN20,1579258745389,open,0.07,2030.0,0.04,0.11,0.072119,90.14,0.074,0.0,ETH-26JUN20-120-P,170.47,86.42,0.066,632.0,0.074,813.0,91.27,0.29697,-0.0832,-0.18843,0.00233,-0.1668
178.94,ETH-26JUN20,1579258745391,open,0.11,1310.0,0.074,0.165,0.11759,90.14,0.129,0.0,ETH-26JUN20-140-P,170.47,85.96,0.109,763.0,0.119,810.0,90.82,0.36853,-0.10324,-0.28129,0.0029,-0.23907
178.94,ETH-26JUN20,1579258745421,open,0.04,633.0,0.012,0.073,0.035862,103.04,0.034,0.0,ETH-26JUN20-480-C,170.47,101.02,0.033,650.0,0.038,300.0,104.5,0.25868,-0.08284,0.07864,0.00178,0.13558
178.94,ETH-26JUN20,1579258745431,open,0.03,195.0,0.01,0.066,0.03083,104.81,0.026,0.0,ETH-26JUN20-520-C,170.47,102.6,0.028,686.0,0.033,300.0,106.43,0.23478,-0.07648,0.06872,0.00159,0.11796
178.94,ETH-26JUN20,1579258745433,open,0.02,1848.0,0.006,0.051,0.02135,109.85,0.012,0.0,ETH-26JUN20-640-C,170.47,107.47,0.019,540.0,0.023,300.0,111.44,0.18219,-0.0622,0.04891,0.00118,0.08337
9332.15,BTC-26JUN20,1579258745623,open,0.11,162.8,0.077,0.1575,0.11193627,71.58,0.1215,0.0,BTC-26JUN20-8000-P,8913.01,69.62,0.1075,44.0,0.1145,26.7,72.72,21.10937,-4.69652,-16.41539,8e-05,-0.28715
9332.15,BTC-26JUN20,1579258745630,open,0.17,149.9,0.1255,0.219,0.1672146,71.58,0.1635,0.0,BTC-26JUN20-9000-P,8913.01,70.31,0.164,16.2,0.1705,9.8,72.89,23.52865,-5.23477,-22.37662,9e-05,-0.37681
174.88,ETH-27MAR20,1579258745730,open,0.02,141.0,0.007,0.039,0.019349,91.77,0.019,0.0,ETH-27MAR20-110-P,170.47,88.34,0.017,1240.0,0.022,325.0,95.5,0.12182,-0.07999,-0.03581,0.00227,-0.08764
174.88,ETH-27MAR20,1579258745732,open,0.03,1648.0,0.011,0.052,0.027965,88.67,0.033,0.0,ETH-27MAR20-120-P,170.47,86.42,0.026,1231.0,0.03,25.0,90.94,0.15491,-0.09828,-0.05023,0.00298,-0.12206
174.88,ETH-27MAR20,1579258745736,open,0.13,3739.0,0.09,0.176,0.133564,83.93,0.138,0.0,ETH-27MAR20-180-C,170.47,82.42,0.131,929.0,0.138,20.0,86.45,0.30358,-0.18233,0.13666,0.00618,0.54183
174.88,ETH-27MAR20,1579258745738,open,0.07,1679.0,0.037,0.111,0.071513,87.37,0.074,0.0,ETH-27MAR20-220-C,170.47,85.14,0.068,886.0,0.074,25.0,88.88,0.28073,-0.1755,0.09026,0.00549,0.34116
174.88,ETH-27MAR20,1579258745742,open,0.03,2392.0,0.011,0.063,0.032595,94.32,0.03,0.0,ETH-27MAR20-280-C,170.47,91.99,0.03,938.0,0.035,514.0,96.43,0.19732,-0.13318,0.04771,0.00357,0.17512
174.88,ETH-27MAR20,1579258745745,open,0.02,2205.0,0.006,0.046,0.02084,98.39,0.019,0.0,ETH-27MAR20-320-C,170.47,96.2,0.019,569.0,0.023,975.0,100.84,0.15067,-0.10607,0.03231,0.00262,0.11735
174.88,ETH-27MAR20,1579258745747,open,0.01,1623.0,0.003,0.034,0.013308,100.92,0.013,0.0,ETH-27MAR20-360-C,170.47,100.44,0.013,556.0,0.014,5.0,101.99,0.11229,-0.08109,0.02187,0.0019,0.07864
174.88,ETH-27MAR20,1579258745749,open,0.01,1561.0,0.001,0.029,0.01065,106.82,0.01,0.0,ETH-27MAR20-400-C,170.47,103.59,0.009,889.0,0.012,650.0,109.25,0.09376,-0.07167,0.01726,0.0015,0.06221
178.94,ETH-26JUN20,1579258745986,open,0.04,719.0,0.018,0.066,0.038655,90.53,0.042,0.0,ETH-26JUN20-100-P,170.47,88.27,0.036,906.0,0.041,100.0,92.5,0.21195,-0.05964,-0.11116,0.00166,-0.10229
178.94,ETH-26JUN20,1579258745989,open,0.07,2030.0,0.04,0.11,0.072118,90.14,0.074,0.0,ETH-26JUN20-120-P,170.47,86.42,0.066,639.0,0.074,813.0,91.27,0.29697,-0.0832,-0.18843,0.00233,-0.1668
178.94,ETH-26JUN20,1579258745991,open,0.11,1310.0,0.074,0.165,0.11759,90.14,0.129,0.0,ETH-26JUN20-140-P,170.47,85.96,0.109,773.0,0.119,810.0,90.82,0.36853,-0.10324,-0.28129,0.0029,-0.23907
178.94,ETH-26JUN20,1579258745993,open,0.28,649.0,0.226,0.331,0.279462,90.14,0.28,0.0,ETH-26JUN20-160-C,170.47,86.12,0.27,594.0,0.28,258.0,90.37,0.42111,-0.11797,0.32109,0.00331,0.68658
174.88,ETH-27MAR20,1579258746010,open,0.07,1679.0,0.037,0.111,0.071513,87.37,0.074,0.0,ETH-27MAR20-220-C,170.47,85.14,0.068,304.0,0.074,25.0,88.88,0.28073,-0.1755,0.09026,0.00549,0.34116
170.9,SYN.ETH-24JAN20,1579258746015,open,0.23,0.0,0.194,0.276,0.232849,98.16,None,0.0,ETH-24JAN20-210-P,170.47,0.0,0.0,0.0,0.0,0.0,0.0,0.03216,-0.22954,-0.03738,0.00595,-0.92808
170.9,SYN.ETH-24JAN20,1579258746015,open,0.0,26.0,0.001,0.011,1.9e-05,120.0,0.001,0.0,ETH-24JAN20-100-P,170.47,0.0,0.0,0.0,0.001,99.0,179.97,0.00036,-0.00313,-1e-05,5e-05,-0.00042
170.9,SYN.ETH-24JAN20,1579258746019,open,0.18,0.0,0.139,0.22,0.177736,93.86,None,0.0,ETH-24JAN20-200-P,170.47,0.0,0.0,0.0,0.0,0.0,0.0,0.04798,-0.32748,-0.03393,0.00929,-0.87614
9471.74,SYN.BTC-25SEP20,1579258746158,open,0.03,137.2,0.017,0.0585,0.03289605,73.56,0.0365,0.0,BTC-25SEP20-5000-P,8913.01,72.51,0.0315,100.0,0.034,16.9,74.39,12.6021,-1.84029,-7.92459,3e-05,-0.08835
171.35,SYN.ETH-31JAN20,1579258746162,open,0.0,789.0,0.001,0.011,0.000151,120.0,0.001,0.0,ETH-31JAN20-90-P,170.47,0.0,0.0,0.0,0.001,25.0,149.54,0.00218,-0.00941,-0.00014,0.00016,-0.00206
171.35,SYN.ETH-31JAN20,1579258746162,open,0.02,345.0,0.003,0.037,0.015718,79.57,0.015,0.0,ETH-31JAN20-150-P,170.47,78.13,0.015,14.0,0.017,10.0,82.09,0.08607,-0.24679,-0.01241,0.00969,-0.17485
171.35,SYN.ETH-31JAN20,1579258746164,open,0.0,1245.0,0.001,0.011,0.001991,119.0,0.001,0.0,ETH-31JAN20-110-P,170.47,106.91,0.001,681.0,0.003,325.0,127.88,0.01711,-0.07337,-0.00152,0.00129,-0.02137
171.35,SYN.ETH-31JAN20,1579258746164,open,0.07,650.0,0.032,0.095,0.062979,76.18,0.065,0.0,ETH-31JAN20-170-C,170.47,73.62,0.061,1120.0,0.066,650.0,80.1,0.1322,-0.36291,0.03177,0.01555,0.55067
171.35,SYN.ETH-31JAN20,1579258746164,open,0.48,2.0,0.459,0.491,0.474897,120.0,0.473,0.0,ETH-31JAN20-90-C,170.47,0.0,0.467,43.0,0.483,43.0,216.09,0.00218,-0.00941,0.03407,0.00016,0.99794
171.35,SYN.ETH-31JAN20,1579258746164,open,0.06,540.0,0.025,0.089,0.055125,76.18,0.084,0.0,ETH-31JAN20-170-P,170.47,72.13,0.052,701.0,0.057,675.0,78.61,0.1322,-0.36291,-0.03286,0.01555,-0.44933
171.35,SYN.ETH-31JAN20,1579258746164,open,0.14,1221.0,0.107,0.172,0.140295,79.57,0.15,0.0,ETH-31JAN20-150-C,170.47,78.98,0.14,608.0,0.144,650.0,86.73,0.08607,-0.24679,0.04461,0.00969,0.82515
171.35,SYN.ETH-31JAN20,1579258746164,open,0.0,445.0,0.001,0.017,0.004809,94.98,0.003,0.0,ETH-31JAN20-130-P,170.47,91.17,0.004,418.0,0.006,950.0,100.05,0.03803,-0.13016,-0.004,0.00359,-0.05663
173.11,SYN.ETH-28FEB20,1579258746176,open,0.0,829.0,0.001,0.014,0.004007,108.9,0.003,0.0,ETH-28FEB20-90-P,170.47,103.41,0.003,20.0,0.005,395.0,113.58,0.03442,-0.04475,-0.00579,0.00092,-0.02513
173.11,SYN.ETH-28FEB20,1579258746176,open,0.01,433.0,0.001,0.016,0.006012,101.33,0.006,0.0,ETH-28FEB20-100-P,170.47,97.56,0.005,30.0,0.007,325.0,104.69,0.04879,-0.05903,-0.0088,0.0014,-0.03832
173.11,SYN.ETH-28FEB20,1579258746176,open,0.01,182.0,0.004,0.03,0.013352,88.66,0.014,0.0,ETH-28FEB20-120-P,170.47,86.04,0.012,584.0,0.015,953.0,91.7,0.09147,-0.09683,-0.01959,0.003,-0.08528
173.11,SYN.ETH-28FEB20,1579258746176,open,0.01,154.0,0.001,0.023,0.009335,95.51,0.016,0.0,ETH-28FEB20-110-P,170.47,92.04,0.008,30.0,0.011,565.0,99.53,0.06891,-0.07859,-0.01357,0.0021,-0.05898
173.11,SYN.ETH-28FEB20,1579258746176,open,0.15,524.0,0.107,0.182,0.145519,79.7,0.15,0.0,ETH-28FEB20-160-C,170.47,77.66,0.143,583.0,0.148,20.0,81.71,0.21356,-0.20324,0.10322,0.00779,0.66522
173.11,SYN.ETH-28FEB20,1579258746179,open,0.03,38.0,0.013,0.058,0.031837,82.07,0.032,0.0,ETH-28FEB20-140-P,170.47,80.01,0.03,605.0,0.034,463.0,84.45,0.15564,-0.1525,-0.04273,0.00552,-0.18333
173.11,SYN.ETH-28FEB20,1579258746179,open,0.02,482.0,0.007,0.042,0.020784,84.9,0.026,0.0,ETH-28FEB20-130-P,170.47,82.33,0.019,675.0,0.023,1197.0,87.98,0.12217,-0.12385,-0.02939,0.00419,-0.12719
173.11,SYN.ETH-28FEB20,1579258746179,open,0.27,28.0,0.238,0.301,0.269829,84.9,0.249,0.0,ETH-28FEB20-130-C,170.47,41.65,0.25,58.0,0.29,58.0,110.43,0.12217,-0.12385,0.11976,0.00419,0.87281
173.11,SYN.ETH-28FEB20,1579258746179,open,0.37,5.0,0.349,0.4,0.373911,95.51,0.229,0.0,ETH-28FEB20-110-C,170.47,0.0,0.359,40.0,0.383,40.0,114.85,0.06891,-0.07859,0.11263,0.0021,0.94102
173.11,SYN.ETH-28FEB20,1579258746179,open,0.43,21.0,0.407,0.451,0.428355,101.33,0.267,0.0,ETH-28FEB20-100-C,170.47,0.0,0.422,1.0,0.436,42.0,122.93,0.04879,-0.05903,0.10592,0.0014,0.96168
173.11,SYN.ETH-28FEB20,1579258746179,open,0.22,114.0,0.188,0.257,0.223116,82.07,0.185,0.0,ETH-28FEB20-140-C,170.47,75.08,0.217,440.0,0.232,220.0,91.66,0.15564,-0.1525,0.11788,0.00552,0.81667
