underlying_price,underlying_index,timestamp,state,settlement_price,open_interest,min_price,max_price,mark_price,mark_iv,last_price,interest_rate,instrument_name,index_price,bid_iv,best_bid_price,best_bid_amount,best_ask_price,best_ask_amount,ask_iv,vega,theta,rho,gamma,delta
248.29,SYN.ETH-25SEP20,1581245940034,open,0.56,0.0,0.525,0.587,0.555611,90.63,0.359,0.0,ETH-25SEP20-120-C,229.02,69.6,0.533,54.0,0.576,54.0,106.15,0.30605,-0.0606,0.55948,0.00087,0.91496
10391.71,BTC-27MAR20,1581245940351,open,0.02,687.5,0.008,0.039,0.01949154,61.47,0.0195,0.0,BTC-27MAR20-8500-P,10128.57,60.29,0.0185,19.5,0.02,1.0,62.07,8.80971,-5.77607,-2.30612,0.0001,-0.15331
10391.71,BTC-27MAR20,1581245940351,open,0.24,1087.5,0.2215,0.2665,0.24244894,63.39,0.24,0.0,BTC-27MAR20-8000-C,10128.57,62.69,0.242,0.5,0.245,8.0,67.22,6.67545,-4.51396,8.73613,8e-05,0.89705
10636.47,BTC-26JUN20,1581245940351,open,0.01,177.7,0.002,0.0335,0.01170131,86.94,0.0095,0.0,BTC-26JUN20-28000-C,10128.57,85.98,0.011,18.0,0.0125,21.0,87.99,7.91534,-2.49558,1.99133,2e-05,0.06126
10636.47,BTC-26JUN20,1581245940351,open,0.06,295.2,0.029,0.096,0.05577351,74.21,0.057,0.0,BTC-26JUN20-16000-C,10128.57,73.3,0.054,13.9,0.0575,4.9,75.08,20.87536,-5.61759,7.89671,7e-05,0.25231
10391.32,BTC-27MAR20,1581245940351,open,0.02,1918.0,0.0065,0.0415,0.01896485,72.78,0.0178,0.0,BTC-27MAR20-14000-C,10128.57,71.64,0.018,42.3,0.02,57.5,73.98,8.89833,-6.90784,1.82416,9e-05,0.15566
10391.32,BTC-27MAR20,1581245940351,open,0.33,584.7,0.3145,0.3495,0.33088276,68.4,0.313,0.0,BTC-27MAR20-7000-C,10128.57,41.21,0.3265,9.0,0.3345,9.0,78.06,3.30167,-2.40869,8.37665,3e-05,0.95857
10636.47,BTC-26JUN20,1581245940351,open,0.13,367.0,0.096,0.1795,0.13303151,68.29,0.1345,0.0,BTC-26JUN20-10000-P,10128.57,66.97,0.13,10.3,0.1345,12.9,68.92,24.47093,-6.05984,-19.83315,8e-05,-0.3606
10391.32,BTC-27MAR20,1581245940351,open,0.03,755.7,0.0115,0.0535,0.02771994,69.35,0.0285,0.0,BTC-27MAR20-13000-C,10128.57,68.18,0.0265,19.0,0.029,38.3,70.55,10.98517,-8.12558,2.54702,0.00011,0.21858
10391.32,BTC-27MAR20,1581245940351,open,0.0,248.6,0.0005,0.0105,0.00068446,115.01,0.0005,0.0,BTC-27MAR20-32000-C,10128.57,111.52,0.0005,43.0,0.0015,46.0,125.08,0.61608,-0.75575,0.0685,0.0,0.00582
10391.32,BTC-27MAR20,1581245940351,open,0.2,56.3,0.163,0.238,0.19743766,66.4,0.203,0.0,BTC-27MAR20-12000-P,10128.57,59.63,0.189,14.9,0.6795,0.1,427.98,13.202,-9.35049,-11.79609,0.00014,-0.68648
10391.32,BTC-27MAR20,1581245940352,open,0.0,343.6,0.0005,0.013,0.00300525,98.23,0.0035,0.0,BTC-27MAR20-22000-C,10128.57,95.7,0.0025,44.0,0.0035,24.0,100.46,2.19906,-2.30416,0.29767,2e-05,0.02531
10156.29,SYN.BTC-14FEB20,1581245940350,open,0.0,78.2,0.0005,0.0105,4e-08,58.22,0.0005,0.0,BTC-14FEB20-7500-P,10128.57,0.0,0.0,0.0,0.0005,0.1,116.92,0.00016,-0.0004,0.0,0.0,0.0
10881.22,SYN.BTC-25SEP20,1581245940350,open,0.03,95.3,0.0125,0.069,0.03166964,81.5,0.033,0.0,BTC-25SEP20-28000-C,10128.57,80.47,0.03,6.0,0.033,10.0,82.3,17.90971,-3.18859,6.48713,3e-05,0.12675
10636.47,BTC-26JUN20,1581245940352,open,0.12,469.0,0.087,0.17,0.12396941,69.95,0.121,0.0,BTC-26JUN20-12000-C,10128.57,68.94,0.1215,11.9,0.1265,25.5,70.98,26.02376,-6.60122,14.05724,9e-05,0.47384
10156.29,SYN.BTC-14FEB20,1581245940350,open,0.03,568.0,0.015,0.0595,0.03232101,52.12,0.032,0.0,BTC-14FEB20-10000-C,10128.57,50.26,0.0315,2.0,0.034,18.0,55.9,4.49322,-24.01354,0.78803,0.00063,0.61317
10156.29,SYN.BTC-14FEB20,1581245940350,open,0.26,0.0,0.2465,0.276,0.26154417,72.76,None,0.0,BTC-14FEB20-7500-C,10128.57,0.0,0.247,7.0,0.276,7.0,230.41,0.00605,-0.04516,1.00167,0.0,0.99987
10139.47,SYN.BTC-11FEB20,1581245940350,open,0.5,0.0035,0.042,0.02002831,48.36,0.022,0.0,BTC-11FEB20-10250-P,10128.57,39.01,0.0175,33.6,0.021,18.0,51.89,2.77592,-35.78149,-0.33149,0.00109,-0.61617
10156.29,SYN.BTC-14FEB20,1581245940350,open,0.21,0.6,0.1965,0.2275,0.21231664,61.05,0.154,0.0,BTC-14FEB20-8000-C,10128.57,0.0,0.1965,7.0,0.2285,7.0,200.82,0.01362,-0.08525,1.06821,0.0,0.99968
10156.29,SYN.BTC-14FEB20,1581245940350,open,0.0,313.0,0.0005,0.015,0.0029136,73.69,0.003,0.0,BTC-14FEB20-11500-C,10128.57,71.15,0.0025,0.9,0.0035,50.2,77.0,1.71778,-12.98168,0.10234,0.00017,0.07835
10156.29,SYN.BTC-14FEB20,1581245940350,open,0.0,175.9,0.0005,0.0105,3.9e-07,58.22,0.0005,0.0,BTC-14FEB20-7750-P,10128.57,0.0,0.0,0.0,0.0005,0.1,105.66,0.00127,-0.00393,-3e-05,0.0,-3e-05
10234.77,SYN.BTC-28FEB20,1581245940351,open,0.01,373.3,0.0025,0.0305,0.01246093,66.75,0.0135,0.0,BTC-28FEB20-12000-C,10128.57,65.03,0.0115,34.0,0.0135,62.0,68.57,5.78791,-10.23449,0.80979,0.00016,0.16546
10195.53,SYN.BTC-21FEB20,1581245940350,open,0.01,39.8,0.002,0.0295,0.01166359,60.9,0.0105,0.0,BTC-21FEB20-11250-C,10128.57,59.57,0.011,16.0,0.0125,24.0,62.54,5.15113,-13.20738,0.62529,0.00025,0.20016
10156.29,SYN.BTC-14FEB20,1581245940350,open,0.11,0.0,0.087,0.139,0.11133858,67.5,None,0.0,BTC-14FEB20-11250-P,10128.57,0.0,0.0,0.0,0.0,0.0,0.0,2.08563,-14.43776,-1.36975,0.00022,-0.89829
10156.29,SYN.BTC-14FEB20,1581245940350,open,0.01,710.6,0.0005,0.0195,0.00501945,62.16,0.005,0.0,BTC-14FEB20-11000-C,10128.57,60.11,0.0045,30.1,0.0055,0.1,63.98,2.62799,-16.75164,0.18477,0.00031,0.14121
10156.29,SYN.BTC-14FEB20,1581245940351,open,0.01,364.4,0.0005,0.0255,0.00776369,58.45,0.007,0.0,BTC-14FEB20-10750-C,10128.57,56.12,0.007,24.0,0.0085,24.1,60.63,3.38068,-20.26231,0.27404,0.00042,0.20975
10156.29,SYN.BTC-14FEB20,1581245940350,open,0.19,2.4,0.1715,0.204,0.18771539,59.02,0.128,0.0,BTC-14FEB20-8250-C,10128.57,0.0,0.171,7.0,0.2045,7.0,184.78,0.0406,-0.24576,1.10062,0.0,0.99897
10234.77,SYN.BTC-28FEB20,1581245940350,open,0.04,128.1,0.02,0.0645,0.03914674,55.54,0.036,0.0,BTC-28FEB20-10000-P,10128.57,51.96,0.036,44.0,0.04,45.0,56.51,9.00656,-13.25127,-2.33758,0.0003,-0.4025
10156.29,SYN.BTC-14FEB20,1581245940350,open,0.0,466.5,0.0005,0.0105,1.685e-05,58.22,0.0005,0.0,BTC-14FEB20-8250-P,10128.57,0.0,0.0,0.0,0.001,20.0,93.33,0.03572,-0.17109,-0.00124,0.0,-0.0009
10234.77,SYN.BTC-28FEB20,1581245940351,open,0.04,291.8,0.022,0.068,0.04229025,59.1,0.041,0.0,BTC-28FEB20-10500-C,10128.57,57.11,0.0405,20.0,0.044,49.0,61.0,9.21506,-14.42567,2.16314,0.00029,0.45098
10156.29,SYN.BTC-14FEB20,1581245940350,open,0.02,594.3,0.0065,0.046,0.01980951,52.13,0.018,0.0,BTC-14FEB20-10250-C,10128.57,49.27,0.0185,38.0,0.021,1.0,54.73,4.64802,-24.84719,0.58543,0.00065,0.45132
10139.47,SYN.BTC-11FEB20,1581245940351,open,0.1,0.004,0.0415,0.02120134,46.47,0.0215,0.0,BTC-11FEB20-10000-C,10128.57,39.85,0.0195,26.0,0.023,18.0,53.3,2.64094,-32.71789,0.33664,0.00108,0.66728
10133.87,SYN.BTC-10FEB20,1581245940351,open,0.02,40.5,0.001,0.037,0.01686833,44.91,0.0135,0.0,BTC-10FEB20-10000-C,10128.57,36.06,0.0155,7.0,0.0175,0.1,48.76,1.63847,-36.79016,0.1736,0.00148,0.7309
10156.29,SYN.BTC-14FEB20,1581245940351,open,0.0,445.9,0.0005,0.0105,0.00029244,58.22,0.0005,0.0,BTC-14FEB20-8750-P,10128.57,0.0,0.0,0.0,0.001,30.5,70.47,0.37383,-2.23197,-0.01705,5e-05,-0.01227
10234.77,SYN.BTC-28FEB20,1581245940351,open,0.22,282.3,0.2035,0.2395,0.22058877,63.19,0.221,0.0,BTC-28FEB20-8000-C,10128.57,67.67,0.2215,16.1,0.2375,7.0,110.57,1.88321,-3.15198,3.92933,6e-05,0.96298
10234.77,SYN.BTC-28FEB20,1581245940353,open,0.07,60.6,0.0435,0.098,0.06819931,59.09,0.0675,0.0,BTC-28FEB20-10500-P,10128.57,51.07,0.061,16.5,0.066,1.0,56.65,9.21503,-14.42404,-3.26688,0.00029,-0.54903
10133.87,SYN.BTC-10FEB20,1581245940350,open,0.0,63.2,0.0005,0.0135,0.00145989,46.74,0.001,0.0,BTC-10FEB20-9875-P,10128.57,41.88,0.001,48.0,0.002,30.0,51.72,1.03188,-14.79435,-0.03118,0.0009,-0.12677
10156.29,SYN.BTC-14FEB20,1581245940351,open,0.0,678.2,0.0005,0.0135,0.00172701,53.81,0.0015,0.0,BTC-14FEB20-9250-P,10128.57,52.15,0.0015,3.0,0.002,15.0,55.66,1.44375,-7.96659,-0.08714,0.00019,-0.06251
10156.29,SYN.BTC-14FEB20,1581245940350,open,0.13,0.0,0.111,0.1635,0.13521259,73.67,None,0.0,BTC-14FEB20-11500-P,10128.57,0.0,0.0,0.0,0.0,0.0,0.0,1.71655,-12.96805,-1.43393,0.00017,-0.92172
10156.29,SYN.BTC-14FEB20,1581245940351,open,0.0,162.7,0.0005,0.0125,0.00197356,76.54,0.0015,0.0,BTC-14FEB20-11750-C,10128.57,72.55,0.0015,50.0,0.0025,30.2,80.41,1.295,-10.1652,0.07116,0.00012,0.05443
10133.87,SYN.BTC-10FEB20,1581245940351,open,0.0,81.0,0.0005,0.0195,0.00365523,44.89,0.0055,0.0,BTC-10FEB20-10000-P,10128.57,40.76,0.003,0.2,0.0045,44.0,50.02,1.63821,-36.76889,-0.06629,0.00148,-0.26901
10156.29,SYN.BTC-14FEB20,1581245940350,open,0.24,0.0,0.2215,0.2515,0.23692933,65.93,None,0.0,BTC-14FEB20-7750-C,10128.57,0.0,0.2215,7.0,0.252,7.0,214.56,0.00754,-0.05095,1.03502,0.0,0.99983
10139.47,SYN.BTC-11FEB20,1581245940351,open,21.0,0.0005,0.0105,0.00093871,47.84,0.001,0.0,BTC-11FEB20-9625-P,10128.57,42.02,0.0005,43.1,0.0015,30.0,53.48,0.89193,-9.51803,-0.03296,0.00035,-0.06232
10156.29,SYN.BTC-14FEB20,1581245940351,open,0.16,0.0,0.1345,0.1875,0.15888775,76.51,None,0.0,BTC-14FEB20-11750-P,10128.57,0.0,0.0045,0.1,0.0,0.0,0.0,1.29347,-10.14869,-1.49852,0.00012,-0.94566
10156.29,SYN.BTC-14FEB20,1581245940350,open,0.09,0.0,0.064,0.1155,0.08808806,62.14,None,0.0,BTC-14FEB20-11000-P,10128.57,0.0,0.0,0.0,0.0,0.0,0.0,2.62719,-16.74232,-1.2847,0.00031,-0.85885
10156.29,SYN.BTC-14FEB20,1581245940351,open,0.03,78.4,0.0125,0.058,0.02903252,52.12,0.0285,0.0,BTC-14FEB20-10250-P,10128.57,45.48,0.026,18.0,0.0295,35.9,53.14,4.64801,-24.84324,-0.78378,0.00065,-0.54869
10156.29,SYN.BTC-14FEB20,1581245940350,open,0.09,102.6,0.0715,0.1135,0.09096478,53.83,0.0935,0.0,BTC-14FEB20-9250-C,10128.57,45.58,0.09,1.4,0.095,1.4,74.37,1.44518,-7.978,1.14836,0.00019,0.93741
10881.22,SYN.BTC-25SEP20,1581245940353,open,0.06,175.5,0.0335,0.1115,0.06423764,75.84,0.0635,0.0,BTC-25SEP20-20000-C,10128.57,74.92,0.062,9.6,0.0665,4.9,76.76,26.6548,-4.41628,11.84571,5e-05,0.23785
10156.29,SYN.BTC-14FEB20,1581245940350,open,0.0,269.0,0.0005,0.0105,2.9e-06,58.22,0.0005,0.0,BTC-14FEB20-8000-P,10128.57,0.0,0.0,0.0,0.0005,0.3,94.67,0.00771,-0.02944,-0.00024,0.0,-0.00017
10156.29,SYN.BTC-14FEB20,1581245940350,open,0.07,0.0,0.0425,0.094,0.06621709,58.43,None,0.0,BTC-14FEB20-10750-P,10128.57,0.0,0.0,0.0,0.068,25.0,63.64,3.3802,-20.25537,-1.16202,0.00042,-0.7903
10156.29,SYN.BTC-14FEB20,1581245940350,open,0.01,464.4,0.0025,0.0345,0.01204023,54.32,0.011,0.0,BTC-14FEB20-10500-C,10128.57,51.75,0.011,44.0,0.013,0.4,56.66,4.13529,-23.03571,0.40286,0.00055,0.30898
10156.29,SYN.BTC-14FEB20,1581245940350,open,0.0,330.0,0.0005,0.0105,7.783e-05,58.22,0.0005,0.0,BTC-14FEB20-8500-P,10128.57,0.0,0.0,0.0,0.001,51.6,81.83,0.12935,-0.77229,-0.00511,2e-05,-0.00369
10156.29,SYN.BTC-14FEB20,1581245940350,open,0.0,646.3,0.0005,0.0105,0.00091244,58.22,0.001,0.0,BTC-14FEB20-9000-P,10128.57,52.58,0.0005,88.1,0.0015,46.9,64.07,0.8778,-5.24088,-0.04687,0.00011,-0.03363
10156.29,SYN.BTC-14FEB20,1581245940350,open,0.16,1.4,0.1465,0.18,0.16316118,58.46,0.135,0.0,BTC-14FEB20-8500-C,10128.57,0.0,0.163,0.1,0.1805,7.0,168.63,0.1331,-0.79793,1.13016,2e-05,0.99619
10133.87,SYN.BTC-10FEB20,1581245940351,open,0.01,48.1,0.0005,0.0205,0.00452706,46.49,0.0045,0.0,BTC-10FEB20-10250-C,10128.57,40.46,0.0035,57.0,0.0055,20.0,52.03,1.75708,-40.84398,0.07486,0.00153,0.31242
10156.29,SYN.BTC-14FEB20,1581245940350,open,0.07,289.8,0.049,0.0935,0.06854999,52.14,0.07,0.0,BTC-14FEB20-9500-C,10128.57,51.93,0.0685,1.5,0.072,1.0,64.8,2.44887,-13.09354,1.09082,0.00034,0.87258
10195.53,SYN.BTC-21FEB20,1581245940365,open,0.06,47.9,0.044,0.0935,0.06430066,54.84,0.0685,0.0,BTC-21FEB20-9750-C,10128.57,48.78,0.0605,8.0,0.068,22.1,60.61,6.47087,-14.94051,2.0818,0.00035,0.69187
10156.29,SYN.BTC-14FEB20,1581245940351,open,0.0,607.0,0.0005,0.021,0.00392742,52.12,0.0035,0.0,BTC-14FEB20-9500-P,10128.57,48.07,0.003,30.0,0.004,3.0,52.42,2.44804,-13.08554,-0.17811,0.00034,-0.12736
10881.22,SYN.BTC-25SEP20,1581245940351,open,0.22,46.1,0.174,0.2795,0.22145808,68.83,0.227,0.0,BTC-25SEP20-11000-P,10128.57,68.36,0.22,4.9,0.2275,11.1,70.81,33.29541,-5.00664,-42.42235,7e-05,-0.40028
10133.87,SYN.BTC-10FEB20,1581245940351,open,0.04,1.7,0.0185,0.058,0.0383159,47.0,0.035,0.0,BTC-10FEB20-9750-C,10128.57,0.0,0.037,1.5,0.045,6.1,108.52,0.47562,-11.17662,0.22272,0.00041,0.95439
10195.53,SYN.BTC-21FEB20,1581245940376,open,0.06,47.9,0.044,0.0935,0.06430066,54.84,0.0685,0.0,BTC-21FEB20-9750-C,10128.57,49.58,0.061,14.1,0.068,22.1,60.61,6.47087,-14.94051,2.0818,0.00035,0.69187
10391.71,BTC-27MAR20,1581245940379,open,0.07,477.9,0.043,0.1005,0.06836862,61.37,0.0715,0.0,BTC-27MAR20-10000-P,10128.57,60.37,0.067,18.8,0.0695,3.0,62.19,14.26683,-9.33925,-6.08987,0.00017,-0.38795
10195.53,SYN.BTC-21FEB20,1581245940384,open,0.06,47.9,0.044,0.0935,0.06430066,54.84,0.0685,0.0,BTC-21FEB20-9750-C,10128.57,51.19,0.062,8.0,0.068,22.1,60.61,6.47087,-14.94051,2.0818,0.00035,0.69187
231.52,SYN.ETH-28FEB20,1581245940392,open,0.16,2751.0,0.126,0.195,0.16116,87.82,0.155,0.0,ETH-28FEB20-200-C,229.02,0.0,0.13,36.0,0.171,36.0,102.59,0.14851,-0.34548,0.07619,0.0061,0.79749
231.52,SYN.ETH-28FEB20,1581245940557,open,0.16,2751.0,0.126,0.195,0.16116,87.82,0.155,0.0,ETH-28FEB20-200-C,229.02,0.0,0.129,36.0,0.171,36.0,102.59,0.14851,-0.34548,0.07619,0.0061,0.79749
248.29,SYN.ETH-25SEP20,1581245940559,open,0.56,0.0,0.525,0.587,0.555611,90.63,0.359,0.0,ETH-25SEP20-120-C,229.02,68.46,0.532,54.0,0.576,54.0,106.15,0.30605,-0.0606,0.55948,0.00087,0.91496
231.52,SYN.ETH-28FEB20,1581245941121,open,0.0,0.307,0.41,0.356157,109.83,None,0.0,ETH-28FEB20-310-P,229.02,0.0,0.0,0.0,0.0,0.0,0.0,0.12182,-0.35443,-0.14462,0.004,-0.85171
231.52,SYN.ETH-28FEB20,1581245941121,open,0.0,0.004,0.041,0.017137,109.72,None,0.0,ETH-28FEB20-310-C,229.02,109.46,0.017,240.0,0.02,240.0,115.0,0.12166,-0.3536,0.01567,0.004,0.14799
231.52,SYN.ETH-28FEB20,1581245941121,open,0.0,0.267,0.367,0.314582,104.46,None,0.0,ETH-28FEB20-300-P,229.02,0.0,0.0,0.0,0.0,0.0,0.0,0.13097,-0.36241,-0.13758,0.00452,-0.83446
231.52,SYN.ETH-28FEB20,1581245941121,open,480.0,0.004,0.043,0.018756,104.36,0.019,0.0,ETH-28FEB20-300-C,229.02,103.02,0.018,240.0,0.022,240.0,109.93,0.13082,-0.36166,0.01754,0.00452,0.16525
235.21,ETH-27MAR20,1581245941431,open,0.66,20.0,0.65,0.671,0.660218,115.45,0.625,0.0,ETH-27MAR20-80-C,229.02,0.0,0.651,56.0,0.667,55.0,180.19,0.00642,-0.00791,0.1019,8e-05,0.99755
235.21,ETH-27MAR20,1581245941446,open,0.66,20.0,0.65,0.671,0.660218,115.45,0.625,0.0,ETH-27MAR20-80-C,229.02,0.0,0.651,56.0,0.667,56.0,180.19,0.00642,-0.00791,0.1019,8e-05,0.99755
231.52,SYN.ETH-28FEB20,1581245941459,open,0.44,38.0,0.422,0.457,0.439262,111.92,0.281,0.0,ETH-28FEB20-130-C,229.02,0.0,0.424,41.0,0.451,41.0,186.51,0.01193,-0.03538,0.06614,0.00038,0.99169
231.52,SYN.ETH-28FEB20,1581245941548,open,1.0,0.014,0.068,0.038121,89.54,0.042,0.0,ETH-28FEB20-260-C,229.02,85.68,0.035,240.0,0.041,240.0,93.06,0.18827,-0.44656,0.03374,0.00758,0.31994
231.52,SYN.ETH-28FEB20,1581245941548,open,0.0,0.005,0.047,0.021443,99.89,None,0.0,ETH-28FEB20-290-C,229.02,99.17,0.021,240.0,0.025,240.0,105.51,0.14288,-0.37806,0.02018,0.00516,0.19002
231.52,SYN.ETH-28FEB20,1581245941548,open,1.0,0.009,0.058,0.030238,91.89,0.034,0.0,ETH-28FEB20-270-C,229.02,88.85,0.028,240.0,0.034,240.0,96.88,0.1721,-0.41888,0.02798,0.00676,0.26393
231.52,SYN.ETH-28FEB20,1581245941548,open,0.0,0.227,0.325,0.274074,99.98,None,0.0,ETH-28FEB20-290-P,229.02,0.0,0.0,0.0,0.0,0.0,0.0,0.143,-0.37872,-0.12976,0.00516,-0.80972
231.52,SYN.ETH-28FEB20,1581245941548,open,0.0,0.188,0.284,0.234495,95.67,None,0.0,ETH-28FEB20-280-P,229.02,0.0,0.0,0.0,0.0,0.0,0.0,0.15675,-0.39721,-0.12121,0.00591,-0.77789
231.52,SYN.ETH-28FEB20,1581245941548,open,0.0,0.117,0.207,0.16117,89.6,None,0.0,ETH-28FEB20-260-P,229.02,0.0,0.0,0.0,0.0,0.0,0.0,0.18831,-0.44695,-0.1007,0.00758,-0.6799
231.52,SYN.ETH-28FEB20,1581245941548,open,0.0,0.007,0.052,0.025058,95.59,None,0.0,ETH-28FEB20-280-C,229.02,94.02,0.024,240.0,0.029,240.0,101.29,0.15665,-0.39665,0.02356,0.00591,0.22187
231.52,SYN.ETH-28FEB20,1581245941548,open,0.0,0.151,0.244,0.196481,91.95,None,0.0,ETH-28FEB20-270-P,229.02,0.0,0.0,0.0,0.0,0.0,0.0,0.17216,-0.41935,-0.11163,0.00675,-0.73587
230.6,SYN.ETH-21FEB20,1581245941806,open,0.04,6.0,0.014,0.071,0.039521,85.02,0.046,0.0,ETH-21FEB20-220-P,229.02,79.74,0.036,240.0,0.042,267.0,88.72,0.15418,-0.55191,-0.02928,0.01048,-0.35069
230.6,SYN.ETH-21FEB20,1581245941806,open,0.19,0.0,0.154,0.213,0.183615,87.41,None,0.0,ETH-21FEB20-190-C,229.02,55.76,0.177,33.0,0.206,33.0,141.81,0.07063,-0.25992,0.05408,0.00467,0.90441
230.6,SYN.ETH-21FEB20,1581245941806,open,0.01,155.0,0.003,0.036,0.014626,87.38,0.015,0.0,ETH-21FEB20-200-P,229.02,83.65,0.013,25.0,0.016,535.0,90.43,0.10245,-0.3769,-0.01333,0.00678,-0.16304
230.6,SYN.ETH-21FEB20,1581245941806,open,0.31,0.0,0.285,0.329,0.306961,94.48,None,0.0,ETH-21FEB20-160-C,229.02,0.0,0.294,35.0,0.323,35.0,177.97,0.01381,-0.05493,0.05103,0.00084,0.98712
230.6,SYN.ETH-21FEB20,1581245941806,open,0.0,6.0,0.001,0.012,0.002185,94.82,0.002,0.0,ETH-21FEB20-170-P,229.02,83.16,0.001,392.0,0.003,10.0,100.73,0.02899,-0.11573,-0.00248,0.00177,-0.03088
230.6,SYN.ETH-21FEB20,1581245941810,open,0.0,66.0,0.001,0.017,0.004965,94.83,0.006,0.0,ETH-21FEB20-180-P,229.02,90.24,0.004,70.0,0.006,600.0,99.27,0.05118,-0.20433,-0.00506,0.00312,-0.06254
230.6,SYN.ETH-21FEB20,1581245941810,open,0.15,0.0,0.109,0.195,0.150824,90.57,None,0.0,ETH-21FEB20-260-P,229.02,0.0,0.0,0.0,0.0,0.0,0.0,0.13409,-0.51131,-0.06707,0.00856,-0.74308
230.6,SYN.ETH-21FEB20,1581245941810,open,0.0,724.0,0.001,0.011,0.000839,94.97,0.002,0.0,ETH-21FEB20-160-P,229.02,0.0,0.0,0.0,0.001,10.0,97.46,0.01414,-0.05655,-0.00106,0.00086,-0.01324
230.6,SYN.ETH-21FEB20,1581245941810,open,0.23,6.0,0.197,0.252,0.224352,94.67,0.205,0.0,ETH-21FEB20-180-C,229.02,0.0,0.219,34.0,0.243,33.0,150.91,0.05101,-0.20331,0.05352,0.00311,0.93773
230.6,SYN.ETH-21FEB20,1581245941810,open,0.03,20.0,0.01,0.061,0.03231,88.19,0.027,0.0,ETH-21FEB20-250-C,229.02,83.11,0.029,517.0,0.036,517.0,93.77,0.1514,-0.56214,0.02265,0.00992,0.33422
230.6,SYN.ETH-21FEB20,1581245941810,open,0.09,56.0,0.051,0.119,0.085439,84.96,0.08,0.0,ETH-21FEB20-220-C,229.02,79.8,0.082,180.0,0.09,396.0,91.76,0.15417,-0.55147,0.04231,0.01049,0.64938
230.6,SYN.ETH-21FEB20,1581245941812,open,0.15,1.0,0.114,0.179,0.147279,87.29,0.114,0.0,ETH-21FEB20-200-C,229.02,51.3,0.135,34.0,0.157,34.0,107.57,0.10237,-0.37624,0.05176,0.00678,0.83716
230.6,SYN.ETH-21FEB20,1581245941812,open,0.27,0.0,0.241,0.289,0.26494,94.57,None,0.0,ETH-21FEB20-170-C,229.02,0.0,0.262,1.0,0.283,34.0,165.1,0.02874,-0.11443,0.05286,0.00176,0.96944
230.6,SYN.ETH-21FEB20,1581245941812,open,0.11,0.0,0.076,0.159,0.116494,88.26,None,0.0,ETH-21FEB20-250-P,229.02,71.81,0.106,138.0,0.128,138.0,105.43,0.15143,-0.56271,-0.05868,0.00992,-0.66561
230.6,SYN.ETH-21FEB20,1581245941812,open,0.06,132.0,0.03,0.095,0.062093,84.66,0.068,0.0,ETH-21FEB20-230-C,229.02,80.35,0.059,432.0,0.067,432.0,91.52,0.16522,-0.58894,0.03565,0.01128,0.53719
230.6,SYN.ETH-21FEB20,1581245941812,open,0.01,209.0,0.001,0.023,0.007595,87.53,0.01,0.0,ETH-21FEB20-190-P,229.02,82.07,0.006,600.0,0.009,101.0,91.94,0.07077,-0.26078,-0.00776,0.00467,-0.09585
242.24,ETH-26JUN20,1581245941829,open,0.68,0.0,0.661,0.688,0.67388,97.23,None,0.0,ETH-26JUN20-80-C,229.02,66.91,0.67,58.0,0.689,58.0,135.55,0.05854,-0.02064,0.28407,0.00027,0.98433
242.24,ETH-26JUN20,1581245941835,open,0.6,1.0,0.58,0.619,0.598565,97.21,0.38,0.0,ETH-26JUN20-100-C,229.02,0.0,0.587,54.0,0.615,53.0,123.29,0.12191,-0.04298,0.33295,0.00057,0.96243
242.24,ETH-26JUN20,1581245941837,open,0.53,308.0,0.5,0.552,0.525593,93.37,0.505,0.0,ETH-26JUN20-120-C,229.02,58.41,0.507,50.0,0.547,50.0,117.07,0.18966,-0.06422,0.37427,0.00092,0.93461
229.67,SYN.ETH-14FEB20,1581245941848,open,0.39,1.0,0.372,0.408,0.390414,0.0,0.27,0.0,ETH-14FEB20-140-C,229.04,0.0,0.38,38.0,0.402,38.0,317.18,0.0,0.0,0.0187,0.0,1.0
229.67,SYN.ETH-14FEB20,1581245941848,open,0.0,574.0,0.001,0.011,0.0,96.36,0.001,0.0,ETH-14FEB20-130-P,229.04,0.0,0.0,0.0,0.001,11.0,225.6,0.0,0.0,0.0,0.0,0.0
229.67,SYN.ETH-14FEB20,1581245941848,open,0.01,1206.0,0.001,0.031,0.009901,87.29,0.009,0.0,ETH-14FEB20-210-P,229.04,80.68,0.008,535.0,0.012,535.0,94.15,0.0682,-0.61049,-0.00564,0.01109,-0.17409
229.67,SYN.ETH-14FEB20,1581245941848,open,0.0,30.0,0.001,0.011,1e-06,96.36,0.001,0.0,ETH-14FEB20-150-P,229.04,0.0,0.0,0.0,0.001,48.0,174.13,6e-05,-0.00032,0.0,1e-05,-5e-05
229.67,SYN.ETH-14FEB20,1581245941848,open,0.0,1344.0,0.001,0.011,0.000101,96.36,0.001,0.0,ETH-14FEB20-170-P,229.04,0.0,0.0,0.0,0.001,10.0,128.3,0.00237,-0.0232,-9e-05,0.00035,-0.00292
229.67,SYN.ETH-14FEB20,1581245941848,open,0.0,2070.0,0.001,0.011,1.5e-05,96.36,0.001,0.0,ETH-14FEB20-160-P,229.04,0.0,0.0,0.0,0.001,108.0,150.63,0.00046,-0.00333,-2e-05,7e-05,-0.00048
229.67,SYN.ETH-14FEB20,1581245941848,open,0.02,1574.0,0.003,0.049,0.021461,86.34,0.023,0.0,ETH-14FEB20-220-P,229.04,82.77,0.02,1.0,0.023,284.0,90.08,0.09433,-0.83521,-0.01033,0.0155,-0.31522
229.67,SYN.ETH-14FEB20,1581245941848,open,0.1,599.0,0.063,0.127,0.095522,87.15,0.094,0.0,ETH-14FEB20-210-C,229.04,78.27,0.093,60.0,0.1,60.0,101.43,0.06812,-0.60881,0.02242,0.01109,0.82624
229.67,SYN.ETH-14FEB20,1581245941848,open,0.35,0.0,0.327,0.366,0.346873,0.0,None,0.0,ETH-14FEB20-150-C,229.04,0.0,0.346,1.0,0.359,36.0,284.51,0.0,0.0,0.02004,0.0,1.0
229.67,SYN.ETH-14FEB20,1581245941848,open,0.07,1652.0,0.03,0.096,0.063539,86.24,0.057,0.0,ETH-14FEB20-220-C,229.04,77.53,0.06,368.0,0.068,180.0,97.0,0.09431,-0.83405,0.01906,0.01552,0.68494
229.67,SYN.ETH-14FEB20,1581245941848,open,0.26,12.0,0.237,0.282,0.259889,92.78,0.224,0.0,ETH-14FEB20-170-C,229.04,0.0,0.259,1.0,0.275,33.0,232.56,0.00178,-0.0169,0.02264,0.00027,0.99788
229.67,SYN.ETH-14FEB20,1581245941848,open,0.0,1978.0,0.001,0.011,0.001838,96.36,0.002,0.0,ETH-14FEB20-190-P,229.04,86.32,0.001,391.0,0.003,10.0,106.62,0.02257,-0.22299,-0.00126,0.00332,-0.03934
229.67,SYN.ETH-14FEB20,1581245941848,open,0.0,666.0,0.001,0.011,0.000498,96.36,0.001,0.0,ETH-14FEB20-180-P,229.04,0.0,0.0,0.0,0.002,368.0,120.6,0.00854,-0.08441,-0.0004,0.00126,-0.01242
229.67,SYN.ETH-14FEB20,1581245941848,open,0.0,38.0,0.001,0.011,0.0,96.36,0.001,0.0,ETH-14FEB20-140-P,229.04,0.0,0.0,0.0,0.001,11.0,199.03,0.0,-2e-05,0.0,0.0,0.0
229.67,SYN.ETH-14FEB20,1581245941848,open,0.31,1.0,0.282,0.323,0.303344,0.0,0.14,0.0,ETH-14FEB20-160-C,229.04,0.0,0.303,1.0,0.317,34.0,258.69,0.0,0.0,0.02137,0.0,1.0
229.67,SYN.ETH-14FEB20,1581245941848,open,0.44,39.0,0.417,0.45,0.433955,0.0,0.318,0.0,ETH-14FEB20-130-C,229.04,0.0,0.424,40.0,0.444,40.0,343.45,0.0,0.0,0.01737,0.0,1.0
229.67,SYN.ETH-14FEB20,1581245941848,open,0.14,509.0,0.104,0.163,0.133689,91.92,0.12,0.0,ETH-14FEB20-200-C,229.04,0.0,0.108,31.0,0.155,31.0,169.57,0.04227,-0.39848,0.02389,0.00653,0.91233
229.67,SYN.ETH-14FEB20,1581245941848,open,0.22,77.0,0.193,0.241,0.216744,95.42,0.183,0.0,ETH-14FEB20-180-C,229.04,0.0,0.216,14.0,0.234,32.0,210.16,0.00815,-0.07973,0.02367,0.00121,0.98824
229.67,SYN.ETH-14FEB20,1581245941848,open,0.01,2722.0,0.001,0.019,0.004527,92.13,0.005,0.0,ETH-14FEB20-200-P,229.04,83.09,0.003,602.0,0.006,600.0,99.61,0.04243,-0.40088,-0.00284,0.00654,-0.08811
229.67,SYN.ETH-14FEB20,1581245941848,open,0.18,182.0,0.148,0.202,0.174542,95.99,0.157,0.0,ETH-14FEB20-190-C,229.04,0.0,0.172,37.0,0.193,31.0,186.15,0.02232,-0.21968,0.02413,0.0033,0.9612
235.23,ETH-27MAR20,1581245941869,open,0.42,664.0,0.39,0.436,0.412201,95.46,0.409,0.0,ETH-27MAR20-140-C,229.04,53.82,0.405,43.0,0.415,300.0,102.94,0.08092,-0.08239,0.16376,0.00119,0.95429
10156.29,SYN.BTC-14FEB20,1581245941983,open,0.14,0.3,0.121,0.157,0.1387606,58.31,0.117,0.0,BTC-14FEB20-8750-C,10128.57,0.0,0.138,0.1,0.157,7.0,153.98,0.37654,-2.2515,1.15164,5e-05,0.98763
10156.29,SYN.BTC-14FEB20,1581245941989,open,0.12,7.8,0.096,0.1345,0.1147654,58.26,0.1145,0.0,BTC-14FEB20-9000-C,10128.57,44.41,0.114,1.0,0.118,0.2,81.34,0.87964,-5.25526,1.15524,0.00011,0.96628
242.24,ETH-26JUN20,1581245942198,open,0.53,308.0,0.5,0.552,0.525593,93.37,0.505,0.0,ETH-26JUN20-120-C,229.04,58.41,0.507,50.0,0.548,50.0,118.06,0.18966,-0.06422,0.37427,0.00092,0.93461
248.29,SYN.ETH-25SEP20,1581245942200,open,0.5,23.0,0.46,0.535,0.497587,89.94,0.327,0.0,ETH-25SEP20-140-C,229.04,70.1,0.468,52.0,0.522,52.0,104.58,0.39998,-0.07859,0.59086,0.00115,0.87709
10195.53,SYN.BTC-21FEB20,1581245942240,open,0.03,105.1,0.015,0.0595,0.03021955,54.83,0.0285,0.0,BTC-21FEB20-10000-P,10128.57,50.93,0.0275,0.1,0.029,24.0,53.08,7.1194,-16.43562,-1.43754,0.00038,-0.40314
10195.53,SYN.BTC-21FEB20,1581245942242,open,0.03,105.1,0.015,0.0595,0.03021955,54.83,0.0285,0.0,BTC-21FEB20-10000-P,10128.57,50.93,0.0275,0.1,0.0295,24.0,53.8,7.1194,-16.43562,-1.43754,0.00038,-0.40314
10133.87,SYN.BTC-10FEB20,1581245942245,open,0.02,20.5,0.001,0.037,0.01598364,46.47,0.018,0.0,BTC-10FEB20-10250-P,10128.57,37.66,0.0145,1.0,0.0175,19.0,55.05,1.75691,-40.82401,-0.17107,0.00153,-0.68765
10195.53,SYN.BTC-21FEB20,1581245942245,open,0.05,88.3,0.0305,0.079,0.04940205,54.84,0.0505,0.0,BTC-21FEB20-10000-C,10128.57,51.39,0.047,26.4,0.051,18.0,57.13,7.11943,-16.43768,1.81604,0.00038,0.59686
10133.87,SYN.BTC-10FEB20,1581245942247,open,0.01,48.1,0.0005,0.0205,0.00452706,46.49,0.0045,0.0,BTC-10FEB20-10250-C,10128.57,40.46,0.0035,57.0,0.0055,44.0,52.03,1.75708,-40.84398,0.07486,0.00153,0.31242
10391.32,BTC-27MAR20,1581245942247,open,0.03,755.7,0.0115,0.0535,0.02771994,69.35,0.0285,0.0,BTC-27MAR20-13000-C,10128.57,68.18,0.0265,19.0,0.0285,19.3,70.08,10.98517,-8.12558,2.54702,0.00011,0.21858
10195.53,SYN.BTC-21FEB20,1581245942248,open,0.03,105.1,0.015,0.0595,0.03021955,54.83,0.0285,0.0,BTC-21FEB20-10000-P,10128.57,50.93,0.0275,0.1,0.029,20.0,53.08,7.1194,-16.43562,-1.43754,0.00038,-0.40314
10133.87,SYN.BTC-10FEB20,1581245942250,open,0.01,100.5,0.0005,0.028,0.00894658,43.53,0.009,0.0,BTC-10FEB20-10125-C,10128.57,38.68,0.008,18.8,0.01,20.0,48.93,1.97758,-43.04032,0.1244,0.00184,0.52063
10391.32,BTC-27MAR20,1581245942250,open,0.02,687.5,0.008,0.039,0.01949154,61.46,0.0195,0.0,BTC-27MAR20-8500-P,10128.57,60.28,0.0185,43.5,0.02,1.0,62.06,8.81002,-5.77555,-2.30626,0.0001,-0.15332
10195.53,SYN.BTC-21FEB20,1581245942252,open,0.03,39.8,0.0125,0.0545,0.02784542,56.25,0.0275,0.0,BTC-21FEB20-10500-C,10128.57,54.32,0.0265,32.0,0.0295,52.9,58.61,7.12966,-16.88472,1.25257,0.00037,0.40544
10133.87,SYN.BTC-10FEB20,1581245942254,open,0.03,64.5,0.007,0.047,0.02700783,46.77,0.0275,0.0,BTC-10FEB20-9875-C,10128.57,34.5,0.026,1.5,0.0285,6.0,59.51,1.03272,-24.14912,0.2057,0.0009,0.87308
10195.53,SYN.BTC-21FEB20,1581245942254,open,0.03,39.8,0.0125,0.0545,0.02784542,56.25,0.0275,0.0,BTC-21FEB20-10500-C,10128.57,54.32,0.0265,32.0,0.029,18.0,57.9,7.12966,-16.88472,1.25257,0.00037,0.40544
10139.47,SYN.BTC-11FEB20,1581245942255,open,0.0,0.0105,0.051,0.03008655,46.5,None,0.0,BTC-11FEB20-9875-C,10128.57,38.27,0.0285,6.0,0.032,6.0,55.32,2.0894,-25.89623,0.39644,0.00085,0.79092
10139.47,SYN.BTC-11FEB20,1581245942258,open,0.0,0.0105,0.051,0.03008655,46.5,None,0.0,BTC-11FEB20-9875-C,10128.57,38.27,0.0285,6.0,0.0315,6.0,53.09,2.0894,-25.89623,0.39644,0.00085,0.79092
10133.87,SYN.BTC-10FEB20,1581245942260,open,0.03,0.0,0.006,0.0485,0.02615803,51.09,None,0.0,BTC-10FEB20-10375-P,10128.57,35.37,0.0245,6.0,0.027,6.0,57.4,1.28842,-32.91479,-0.20647,0.00102,-0.82307
10195.53,SYN.BTC-21FEB20,1581245942269,open,0.04,65.3,0.02,0.066,0.03518294,52.4,0.036,0.0,BTC-21FEB20-10250-C,10128.57,52.84,0.0355,20.0,0.0385,18.0,57.01,7.33643,-16.1857,1.52984,0.00041,0.49636
10156.29,SYN.BTC-14FEB20,1581245942271,open,0.03,78.4,0.0125,0.058,0.02903252,52.12,0.0285,0.0,BTC-14FEB20-10250-P,10128.57,46.58,0.0265,18.0,0.0295,35.9,53.14,4.64801,-24.84324,-0.78378,0.00065,-0.54869
10636.11,BTC-26JUN20,1581245942272,open,0.02,109.4,0.008,0.0525,0.02293616,81.39,0.0205,0.0,BTC-26JUN20-22000-C,10128.57,81.02,0.0225,1.0,0.023,6.0,81.45,12.65195,-3.73439,3.68014,4e-05,0.11453
10156.29,SYN.BTC-14FEB20,1581245942273,open,0.03,78.4,0.0125,0.058,0.02903252,52.12,0.0285,0.0,BTC-14FEB20-10250-P,10128.57,46.58,0.0265,18.0,0.0295,17.9,53.14,4.64801,-24.84324,-0.78378,0.00065,-0.54869
10636.11,BTC-26JUN20,1581245942274,open,0.12,469.0,0.087,0.17,0.12396941,69.95,0.121,0.0,BTC-26JUN20-12000-C,10128.57,68.94,0.1215,11.9,0.126,3.6,70.78,26.0228,-6.60143,14.05605,9e-05,0.47382
10156.29,SYN.BTC-14FEB20,1581245942275,open,0.0,240.6,0.0005,0.0165,0.00365478,67.52,0.0035,0.0,BTC-14FEB20-11250-C,10128.57,64.19,0.003,30.1,0.004,30.0,69.17,2.08669,-14.44933,0.13312,0.00022,0.10178
10881.22,SYN.BTC-25SEP20,1581245942275,open,0.21,166.7,0.167,0.2625,0.21054203,68.83,0.2025,0.0,BTC-25SEP20-11000-C,10128.57,67.84,0.2075,18.1,0.213,3.6,69.64,33.29541,-5.00664,26.55389,7e-05,0.59972
10156.29,SYN.BTC-14FEB20,1581245942276,open,0.0,313.0,0.0005,0.015,0.0029136,73.69,0.003,0.0,BTC-14FEB20-11500-C,10128.57,71.15,0.0025,0.9,0.003,30.0,74.2,1.71778,-12.98168,0.10234,0.00017,0.07835
10391.32,BTC-27MAR20,1581245942279,open,0.04,1942.3,0.022,0.072,0.04269881,66.46,0.043,0.0,BTC-27MAR20-12000-C,10128.57,65.51,0.0415,20.9,0.0435,19.3,67.09,13.20591,-9.36114,3.61703,0.00014,0.31373
10881.22,SYN.BTC-25SEP20,1581245942280,open,0.14,327.7,0.0925,0.189,0.13486297,71.28,0.128,0.0,BTC-25SEP20-14000-C,10128.57,70.52,0.1325,18.8,0.137,3.6,71.97,33.91419,-5.28104,20.46238,6e-05,0.43476
10234.77,SYN.BTC-28FEB20,1581245942282,open,0.04,128.1,0.02,0.0645,0.03914674,55.54,0.036,0.0,BTC-28FEB20-10000-P,10128.57,52.53,0.0365,24.0,0.04,45.0,56.51,9.00656,-13.25127,-2.33758,0.0003,-0.4025
10881.22,SYN.BTC-25SEP20,1581245942285,open,0.25,160.1,0.208,0.301,0.25079321,69.46,0.2365,0.0,BTC-25SEP20-10000-C,10128.57,66.93,0.2435,17.9,0.2495,3.6,69.01,31.35882,-4.75834,28.32174,6e-05,0.66588
10139.47,SYN.BTC-11FEB20,1581245942332,open,0.6,0.0005,0.0105,0.00039393,48.41,0.0005,0.0,BTC-11FEB20-9500-P,10128.57,0.0,0.0,0.0,0.001,30.1,57.86,0.48195,-3.99424,-0.01536,0.00019,-0.02908
10139.47,SYN.BTC-11FEB20,1581245942332,open,0.0,0.044,0.083,0.06346476,48.48,None,0.0,BTC-11FEB20-9500-C,10128.57,0.0,0.0425,6.0,0.0705,6.0,103.11,0.48419,-6.25673,0.47275,0.00019,0.97076
10139.47,SYN.BTC-11FEB20,1581245942332,open,0.1,0.0005,0.0135,0.00194134,46.58,0.002,0.0,BTC-11FEB20-9750-P,10128.57,38.97,0.001,68.0,0.002,19.9,47.0,1.42906,-17.74573,-0.06203,0.00058,-0.1171
10139.47,SYN.BTC-11FEB20,1581245942332,open,0.0,0.032,0.0715,0.05168153,47.87,None,0.0,BTC-11FEB20-9625-C,10128.57,0.0,0.0305,6.0,0.0585,6.0,91.49,0.89344,-11.40178,0.46158,0.00035,0.93754
10139.47,SYN.BTC-11FEB20,1581245942332,open,30.0,0.0005,0.0105,0.00016519,49.61,0.0005,0.0,BTC-11FEB20-9375-P,10128.57,0.0,0.0,0.0,0.0005,30.0,58.86,0.2457,-1.67495,-0.00694,9e-05,-0.01315
10139.47,SYN.BTC-11FEB20,1581245942334,open,0.0,0.057,0.0945,0.07556404,49.74,None,0.0,BTC-11FEB20-9375-C,10128.57,0.0,0.0555,6.0,0.0825,6.0,114.21,0.24867,-3.297,0.47474,9e-05,0.98667
10139.47,SYN.BTC-11FEB20,1581245942336,open,0.0,0.02,0.061,0.04035614,46.61,None,0.0,BTC-11FEB20-9750-C,10128.57,0.0,0.018,7.0,0.047,7.0,81.44,1.43,-17.76585,0.43896,0.00058,0.88279
10139.47,SYN.BTC-11FEB20,1581245942336,open,0.0,0.052,0.099,0.07400445,65.61,None,0.0,BTC-11FEB20-10875-P,10128.57,0.0,0.0505,6.0,0.1005,6.0,192.71,0.99093,-17.33114,-0.52241,0.00029,-0.9286
10139.47,SYN.BTC-11FEB20,1581245942338,open,0.5,0.0005,0.012,0.00146711,65.65,0.0015,0.0,BTC-11FEB20-10875-C,10128.57,60.4,0.001,50.0,0.002,52.5,70.68,0.99213,-14.87573,0.0365,0.00029,0.07151
10139.47,SYN.BTC-11FEB20,1581245942338,open,0.0,0.0005,0.013,0.00173096,59.63,None,0.0,BTC-11FEB20-10750-C,10128.57,57.56,0.0015,30.0,0.002,7.5,61.88,1.17118,-17.55103,0.0455,0.00037,0.08906
10139.47,SYN.BTC-11FEB20,1581245942338,open,0.0,0.0285,0.0745,0.05038309,56.16,None,0.0,BTC-11FEB20-10625-P,10128.57,0.0,0.0445,6.0,0.0615,6.0,109.4,1.5111,-22.62103,-0.48125,0.00051,-0.87322
10139.47,SYN.BTC-11FEB20,1581245942338,open,6.0,0.0005,0.022,0.0058034,50.35,0.006,0.0,BTC-11FEB20-10375-C,10128.57,49.06,0.0055,14.0,0.007,44.0,55.32,2.39545,-32.15126,0.13674,0.0009,0.26824
10139.47,SYN.BTC-11FEB20,1581245942340,open,0.0,0.0005,0.015,0.00250178,56.18,None,0.0,BTC-11FEB20-10625-C,10128.57,52.66,0.002,30.0,0.003,20.0,59.4,1.51194,-22.64269,0.06481,0.00051,0.12688
10139.47,SYN.BTC-11FEB20,1581245942340,open,0.0,0.018,0.063,0.03936956,53.36,None,0.0,BTC-11FEB20-10500-P,10128.57,0.0,0.034,7.0,0.0495,7.0,97.02,1.94387,-27.64719,-0.44488,0.00069,-0.81444
10139.47,SYN.BTC-11FEB20,1581245942340,open,0.1,0.04,0.0865,0.06194028,59.6,0.064,0.0,BTC-11FEB20-10750-P,10128.57,0.0,0.0385,6.0,0.089,6.0,182.12,1.17009,-18.58833,-0.50698,0.00037,-0.91105
10195.53,SYN.BTC-21FEB20,1581245942364,open,0.11,0.0,0.0885,0.145,0.11508327,60.89,None,0.0,BTC-21FEB20-11250-P,10128.64,43.34,0.1075,6.0,0.125,6.0,78.8,5.15044,-13.20338,-3.03516,0.00025,-0.79988
10195.53,SYN.BTC-21FEB20,1581245942364,open,0.0,228.3,0.0005,0.0105,0.00072169,64.86,0.0015,0.0,BTC-21FEB20-8000-P,10128.64,61.52,0.0005,28.0,0.001,30.0,68.23,0.75722,-2.06796,-0.05725,3e-05,-0.01654
10156.29,SYN.BTC-14FEB20,1581245942364,open,0.0,191.4,0.0005,0.0105,0.0,58.22,0.0005,0.0,BTC-14FEB20-7250-P,10128.64,0.0,0.0,0.0,0.0005,0.1,128.47,1e-05,-3e-05,0.0,0.0,0.0
10195.53,SYN.BTC-21FEB20,1581245942364,open,0.01,42.5,0.0035,0.036,0.01330244,54.83,0.0115,0.0,BTC-21FEB20-9500-P,10128.64,50.45,0.011,0.1,0.012,24.0,52.38,5.48033,-12.65191,-0.78214,0.0003,-0.22248
10195.53,SYN.BTC-21FEB20,1581245942364,open,0.14,0.0,0.1105,0.167,0.13670524,62.54,None,0.0,BTC-21FEB20-11500-P,10128.64,0.0,0.1055,6.0,0.1675,6.0,117.03,4.40188,-11.59137,-3.25304,0.00021,-0.84394
10195.53,SYN.BTC-21FEB20,1581245942364,open,0.01,191.3,0.0005,0.027,0.00808458,54.83,0.007,0.0,BTC-21FEB20-9250-P,10128.64,49.64,0.006,20.0,0.0075,30.0,53.43,4.30106,-9.9295,-0.5267,0.00023,-0.15069
10195.53,SYN.BTC-21FEB20,1581245942364,open,0.0,55.6,0.0005,0.0105,0.00075913,58.13,0.0015,0.0,BTC-21FEB20-8250-P,10128.64,54.63,0.0005,22.0,0.001,30.0,60.75,0.8577,-2.09903,-0.066,4e-05,-0.01914
10195.53,SYN.BTC-21FEB20,1581245942365,open,0.2,0.0,0.1795,0.2365,0.20572921,68.99,None,0.0,BTC-21FEB20-12250-P,10128.64,0.0,0.0,0.0,0.0,0.0,0.0,2.7034,-7.85199,-3.73823,0.00012,-0.92118
10195.53,SYN.BTC-21FEB20,1581245942364,open,0.0,168.8,0.0005,0.0105,0.00032761,64.87,0.0005,0.0,BTC-21FEB20-7750-P,10128.64,0.0,0.0,0.0,0.0005,30.0,68.56,0.40936,-1.11797,-0.02809,2e-05,-0.00814
10195.53,SYN.BTC-21FEB20,1581245942364,open,0.15,0.0,0.1255,0.1665,0.1443775,55.72,None,0.0,BTC-21FEB20-8750-C,10128.64,0.0,0.1365,7.0,0.1515,7.0,79.48,2.13417,-5.00669,2.64579,0.00011,0.94197
10133.87,SYN.BTC-10FEB20,1581245942364,open,0.05,0.0,0.028,0.074,0.0497093,68.69,None,0.0,BTC-10FEB20-10625-P,10128.64,0.0,0.0275,6.0,0.075,6.0,234.17,0.75389,-25.89317,-0.2352,0.00045,-0.9177
10195.53,SYN.BTC-21FEB20,1581245942364,open,0.01,98.2,0.0005,0.0185,0.00523856,66.57,0.0055,0.0,BTC-21FEB20-12000-C,10128.64,64.1,0.0045,50.0,0.006,30.2,68.94,3.16325,-8.86537,0.30536,0.00014,0.09729
10195.53,SYN.BTC-21FEB20,1581245942364,open,0.02,138.2,0.0075,0.0445,0.02073691,57.55,0.022,0.0,BTC-21FEB20-10750-C,10128.64,55.63,0.0195,20.0,0.022,24.0,59.49,6.60546,-16.00479,1.00396,0.00034,0.32339
10195.53,SYN.BTC-21FEB20,1581245942364,open,0.17,0.0,0.15,0.1875,0.16774924,57.01,None,0.0,BTC-21FEB20-8500-C,10128.64,50.35,0.167,7.0,0.1745,7.0,85.42,1.39989,-3.36008,2.64677,7e-05,0.96563
10133.87,SYN.BTC-10FEB20,1581245942365,open,0.0,34.5,0.0005,0.013,0.00124821,68.74,0.001,0.0,BTC-10FEB20-10625-C,10128.64,65.22,0.001,4.9,0.0015,30.5,71.97,0.75484,-12.64924,0.01974,0.00045,0.08244
10195.53,SYN.BTC-21FEB20,1581245942364,open,0.09,0.3,0.0685,0.125,0.09433513,59.02,0.1065,0.0,BTC-21FEB20-11000-P,10128.64,46.37,0.0875,7.0,0.1035,7.0,74.06,5.90013,-14.66074,-2.7857,0.0003,-0.74543
10195.53,SYN.BTC-21FEB20,1581245942364,open,0.18,0.0,0.156,0.213,0.18221956,66.55,None,0.0,BTC-21FEB20-12000-P,10128.64,0.0,0.152,5.0,0.212,5.0,127.52,3.16169,-8.85863,-3.59918,0.00014,-0.90277
10195.53,SYN.BTC-21FEB20,1581245942364,open,0.01,46.9,0.0005,0.025,0.00876512,62.56,0.0075,0.0,BTC-21FEB20-11500-C,10128.64,60.75,0.008,44.0,0.0095,24.0,64.23,4.40287,-11.59623,0.48877,0.00021,0.15611
10156.29,SYN.BTC-14FEB20,1581245942365,open,0.0,290.7,0.0005,0.012,0.00174668,83.13,0.001,0.0,BTC-14FEB20-12000-C,10128.64,80.81,0.0015,2.0,0.002,33.3,85.33,1.12652,-9.60401,0.05963,0.0001,0.0457
10195.53,SYN.BTC-21FEB20,1581245942364,open,0.24,0.1,0.2245,0.2565,0.24019405,64.95,0.2215,0.0,BTC-21FEB20-7750-C,10128.64,0.0,0.225,7.0,0.257,7.0,144.8,0.41244,-1.12791,2.49322,2e-05,0.99179
10195.53,SYN.BTC-21FEB20,1581245942364,open,0.16,0.0,0.133,0.1895,0.15921661,64.58,None,0.0,BTC-21FEB20-11750-P,10128.64,0.0,0.1285,5.0,0.1895,5.0,122.22,3.7441,-10.18032,-3.43724,0.00017,-0.87696
10195.53,SYN.BTC-21FEB20,1581245942364,open,0.02,180.2,0.0085,0.047,0.02059772,54.83,0.0195,0.0,BTC-21FEB20-9750-P,10128.64,48.29,0.0165,57.0,0.0185,3.0,51.51,6.4707,-14.93819,-1.0904,0.00035,-0.30811
10195.53,SYN.BTC-21FEB20,1581245942364,open,0.22,0.3,0.1995,0.2335,0.21606769,64.91,0.189,0.0,BTC-21FEB20-8000-C,10128.64,0.0,0.1995,7.0,0.234,7.0,136.62,0.75971,-2.07632,2.54542,3e-05,0.9834
10195.53,SYN.BTC-21FEB20,1581245942365,open,0.0,72.8,0.0005,0.0165,0.00422777,69.01,0.004,0.0,BTC-21FEB20-12250-C,10128.64,66.13,0.0035,58.5,0.005,30.3,71.8,2.70521,-7.85967,0.24766,0.00012,0.07889
10156.29,SYN.BTC-14FEB20,1581245942365,open,0.18,0.0,0.159,0.2125,0.18327607,83.1,None,0.0,BTC-14FEB20-12000-P,10128.64,0.0,0.0,0.0,0.0,0.0,0.0,1.12491,-9.58579,-1.54344,0.0001,-0.95438
10195.53,SYN.BTC-21FEB20,1581245942364,open,0.02,260.1,0.0045,0.036,0.01543589,59.03,0.0165,0.0,BTC-21FEB20-11000-C,10128.64,57.4,0.0145,35.0,0.0165,28.9,60.85,5.90057,-14.66402,0.79338,0.0003,0.25461
10156.29,SYN.BTC-14FEB20,1581245942364,open,0.29,0.1,0.272,0.3,0.28615933,80.21,0.274,0.0,BTC-14FEB20-7250-C,10128.64,0.0,0.271,8.0,0.3,8.0,246.3,0.00531,-0.04371,0.9683,0.0,0.99988
10195.53,SYN.BTC-21FEB20,1581245942364,open,0.12,0.0,0.1025,0.1465,0.12189451,54.98,None,0.0,BTC-21FEB20-9000-C,10128.64,0.0,0.114,7.0,0.1285,7.0,72.7,3.12184,-7.22637,2.59588,0.00017,0.90444
10195.53,SYN.BTC-21FEB20,1581245942364,open,0.19,0.0,0.1745,0.21,0.19158469,58.17,None,0.0,BTC-21FEB20-8250-C,10128.64,47.81,0.191,7.0,0.211,7.0,128.11,0.86042,-2.10732,2.61798,4e-05,0.98079
10195.53,SYN.BTC-21FEB20,1581245942365,open,0.0,0.0,0.0005,0.0145,0.00349179,71.58,None,0.0,BTC-21FEB20-12500-C,10128.64,69.35,0.003,20.0,0.004,30.2,73.72,2.3333,-7.03211,0.20421,0.0001,0.06505
10195.53,SYN.BTC-21FEB20,1581245942364,open,0.0,442.1,0.0005,0.0195,0.00463026,54.97,0.004,0.0,BTC-21FEB20-9000-P,10128.64,51.04,0.0035,20.1,0.0045,30.0,54.54,3.12062,-7.22176,-0.33219,0.00017,-0.09551
10195.53,SYN.BTC-21FEB20,1581245942365,open,0.23,0.0,0.203,0.2605,0.22951366,71.56,None,0.0,BTC-21FEB20-12500-P,10128.64,0.0,0.0,0.0,0.0,0.0,0.0,2.33125,-7.02347,-3.86303,0.0001,-0.93502
10133.87,SYN.BTC-10FEB20,1581245942365,open,0.06,0.0,0.0405,0.0855,0.0615278,72.41,None,0.0,BTC-10FEB20-10750-P,10128.64,0.0,0.0395,5.0,0.0865,5.0,250.4,0.51062,-18.48707,-0.24597,0.00029,-0.95016
10133.87,SYN.BTC-10FEB20,1581245942365,open,0.0,15.1,0.0005,0.0105,0.00073188,72.48,0.0005,0.0,BTC-10FEB20-10750-C,10128.64,67.39,0.0005,37.2,0.001,80.1,77.34,0.5119,-7.41683,0.01198,0.00029,0.05
10195.53,SYN.BTC-21FEB20,1581245942364,open,0.1,0.0,0.0805,0.1275,0.10082839,54.84,None,0.0,BTC-21FEB20-9250-C,10128.64,0.0,0.0925,7.0,0.107,7.0,68.14,4.30183,-9.93311,2.48275,0.00023,0.84927
10195.53,SYN.BTC-21FEB20,1581245942364,open,0.01,83.3,0.0005,0.0215,0.00675605,64.6,0.006,0.0,BTC-21FEB20-11750-C,10128.64,62.49,0.006,50.0,0.0075,30.0,66.58,3.74536,-10.18607,0.38594,0.00017,0.1231
10195.53,SYN.BTC-21FEB20,1581245942365,open,0.04,18.5,0.024,0.0735,0.04052087,52.39,0.043,0.0,BTC-21FEB20-10250-P,10128.64,51.67,0.04,0.1,0.041,3.0,53.06,7.33643,-16.18367,-1.80511,0.00041,-0.50364
10881.22,SYN.BTC-25SEP20,1581245942579,open,0.18,277.8,0.1365,0.234,0.18035383,69.59,0.183,0.0,BTC-25SEP20-12000-C,10128.64,68.69,0.1775,18.4,0.183,3.6,70.44,34.21033,-5.20118,24.47216,7e-05,0.53902
230.6,SYN.ETH-21FEB20,1581245942857,open,0.0,0.001,0.028,0.009429,99.04,None,0.0,ETH-21FEB20-290-C,229.04,94.84,0.008,300.0,0.012,300.0,105.94,0.08138,-0.33935,0.00802,0.00475,0.1163
230.6,SYN.ETH-21FEB20,1581245942859,open,0.0,0.001,0.024,0.007365,102.63,None,0.0,ETH-21FEB20-300-C,229.04,97.82,0.006,300.0,0.01,300.0,110.84,0.06865,-0.29662,0.00635,0.00387,0.09198
230.6,SYN.ETH-21FEB20,1581245942859,open,0.0,0.265,0.356,0.308386,102.82,None,0.0,ETH-21FEB20-300-P,229.04,0.0,0.0,0.0,0.0,0.0,0.0,0.0689,-0.29827,-0.09123,0.00387,-0.90756
230.6,SYN.ETH-21FEB20,1581245942859,open,0.0,0.224,0.314,0.267083,99.19,None,0.0,ETH-21FEB20-290-P,229.04,0.0,0.0,0.0,0.0,0.0,0.0,0.08159,-0.34075,-0.08631,0.00475,-0.88328
229.68,SYN.ETH-14FEB20,1581245943015,open,0.14,1.0,0.102,0.181,0.140055,96.92,0.241,0.0,ETH-14FEB20-260-P,229.04,0.0,0.0,0.0,0.0,0.0,0.0,0.06097,-0.60597,-0.03048,0.00893,-0.85334
229.68,SYN.ETH-14FEB20,1581245943015,open,0.01,1115.0,0.001,0.028,0.008015,96.75,0.008,0.0,ETH-14FEB20-260-C,229.04,88.71,0.006,599.0,0.01,599.0,103.93,0.06084,-0.60366,0.00424,0.00892,0.14621
229.68,SYN.ETH-14FEB20,1581245943015,open,0.1,0.0,0.063,0.141,0.101083,89.79,None,0.0,ETH-14FEB20-250-P,229.04,0.0,0.0,0.0,0.0,0.0,0.0,0.07905,-0.72788,-0.02697,0.01249,-0.77782
229.68,SYN.ETH-14FEB20,1581245943017,open,0.04,160.0,0.012,0.073,0.039589,84.33,0.04,0.0,ETH-14FEB20-230-P,229.04,76.54,0.036,180.0,0.043,250.0,91.73,0.10584,-0.91529,-0.01613,0.01781,-0.48621
229.68,SYN.ETH-14FEB20,1581245943017,open,0.01,786.0,0.001,0.035,0.012583,89.67,0.016,0.0,ETH-14FEB20-250-C,229.04,84.98,0.011,528.0,0.014,19.0,93.73,0.07897,-0.72621,0.00642,0.0125,0.22183
230.61,SYN.ETH-21FEB20,1581245943019,open,0.18,0.0,0.145,0.233,0.187818,93.2,None,0.0,ETH-21FEB20-270-P,229.04,0.0,0.0,0.0,0.0,0.0,0.0,0.11523,-0.45213,-0.07438,0.00715,-0.80348
230.61,SYN.ETH-21FEB20,1581245943019,open,0.01,516.0,0.002,0.033,0.012497,95.92,0.013,0.0,ETH-21FEB20-280-C,229.04,92.27,0.011,539.0,0.014,10.0,99.41,0.0971,-0.39212,0.01034,0.00585,0.15027
229.68,SYN.ETH-14FEB20,1581245943019,open,0.18,0.0,0.143,0.223,0.180567,102.28,None,0.0,ETH-14FEB20-270-P,229.04,0.0,0.0,0.0,0.0,0.0,0.0,0.04496,-0.47154,-0.0333,0.00624,-0.90474
230.61,SYN.ETH-21FEB20,1581245943019,open,0.02,2.0,0.003,0.04,0.01695,93.12,0.016,0.0,ETH-21FEB20-270-C,229.04,89.14,0.015,534.0,0.019,534.0,97.15,0.11514,-0.45144,0.01346,0.00715,0.19629
230.61,SYN.ETH-21FEB20,1581245943019,open,0.22,0.0,0.184,0.273,0.22673,96.01,None,0.0,ETH-21FEB20-280-P,229.04,0.0,0.0,0.0,0.0,0.0,0.0,0.09722,-0.39298,-0.08075,0.00585,-0.84946
229.68,SYN.ETH-14FEB20,1581245943021,open,0.02,1363.0,0.004,0.051,0.02311,88.68,0.026,0.0,ETH-14FEB20-240-C,229.04,81.38,0.02,274.0,0.026,512.0,95.37,0.09862,-0.89692,0.01012,0.01578,0.35292
229.68,SYN.ETH-14FEB20,1581245943021,open,0.07,52.0,0.033,0.106,0.06807,88.78,0.07,0.0,ETH-14FEB20-240-P,229.04,76.81,0.063,180.0,0.07,169.0,93.25,0.09864,-0.89806,-0.02194,0.01577,-0.64689
248.3,SYN.ETH-25SEP20,1581245943321,open,1.78,0.0,1.685,1.914,1.792914,97.31,None,0.0,ETH-25SEP20-680-P,229.04,0.0,0.001,97.0,0.0,0.0,0.0,0.51273,-0.109,-4.07101,0.00136,-0.82177
248.3,SYN.ETH-25SEP20,1581245943321,open,1.93,0.0,1.837,2.072,1.947284,97.32,None,0.0,ETH-25SEP20-720-P,229.04,0.0,0.001,100.0,0.0,0.0,0.0,0.47758,-0.10153,-4.3404,0.00127,-0.84042
248.3,SYN.ETH-25SEP20,1581245943321,open,0.05,1.0,0.018,0.091,0.047445,97.26,0.055,0.0,ETH-25SEP20-720-C,229.04,92.66,0.039,299.0,0.053,301.0,100.08,0.47705,-0.10135,0.17417,0.00127,0.15931
10636.23,BTC-26JUN20,1581245943371,open,0.72,28.7,0.7095,0.729,0.71903571,90.12,0.715,0.0,BTC-26JUN20-3000-C,10128.75,0.0,0.7125,12.0,0.725,12.0,121.79,0.97939,-0.32008,11.07938,0.0,0.9948
10636.23,BTC-26JUN20,1581245943371,open,2.01,0.0,1.952,2.0935,2.01675515,90.14,None,0.0,BTC-26JUN20-32000-P,10128.75,0.0,0.0,0.0,0.0,0.0,0.0,6.03149,-1.97159,-119.45707,2e-05,-0.95648
10391.41,BTC-27MAR20,1581245943371,open,0.38,0.0,0.3625,0.3935,0.37699117,70.77,None,0.0,BTC-27MAR20-6500-C,10128.75,0.0,0.3615,9.0,0.392,9.0,109.82,2.10606,-1.58988,7.99344,2e-05,0.97596
10636.23,BTC-26JUN20,1581245943371,open,1.45,0.0,1.4015,1.5275,1.45836167,84.66,None,0.0,BTC-26JUN20-26000-P,10128.75,0.0,0.0,0.0,0.0,0.0,0.0,9.01429,-2.76759,-95.85899,2e-05,-0.92753
10391.41,BTC-27MAR20,1581245943371,open,0.55,25.2,0.5135,0.594,0.55014084,80.33,0.6,0.0,BTC-27MAR20-16000-P,10128.75,0.0,0.05,0.1,0.95,0.1,389.99,5.92949,-5.08063,-19.51739,5e-05,-0.91235
10391.41,BTC-27MAR20,1581245943371,open,0.03,546.0,0.015,0.056,0.03149984,61.37,0.0315,0.0,BTC-27MAR20-9000-P,10128.75,59.48,0.0295,40.8,0.0315,13.5,61.37,11.099,-7.265,-3.39026,0.00013,-0.22254
10391.41,BTC-27MAR20,1581245943371,open,0.01,1970.4,0.0005,0.0285,0.01048904,80.47,0.0115,0.0,BTC-27MAR20-16000-C,10128.75,79.61,0.01,2.0,0.011,44.0,81.35,5.95291,-5.10975,1.03598,5e-05,0.08812
10636.23,BTC-26JUN20,1581245943371,open,0.0,492.5,0.0005,0.0125,0.00268063,80.52,0.003,0.0,BTC-26JUN20-4000-P,10128.75,76.92,0.002,40.0,0.0035,31.0,84.16,2.20083,-0.64263,-0.63347,1e-05,-0.01309
10391.41,BTC-27MAR20,1581245943372,open,0.62,33.4,0.6055,0.625,0.61515704,90.3,0.5865,0.0,BTC-27MAR20-4000-C,10128.75,0.0,0.6075,12.0,0.622,12.0,160.31,0.11721,-0.1129,5.12346,0.0,0.99907
10391.41,BTC-27MAR20,1581245943372,open,2.26,0.0,2.208,2.3405,2.27219041,109.85,None,0.0,BTC-27MAR20-34000-P,10128.75,0.0,0.0005,1.0,0.0,0.0,0.0,0.28307,-0.33167,-43.63586,0.0,-0.99756
10636.23,BTC-26JUN20,1581245943372,open,0.01,510.0,0.0045,0.031,0.01421807,70.88,0.014,0.0,BTC-26JUN20-6000-P,10128.75,69.92,0.0135,15.0,0.015,21.0,71.9,8.06597,-2.07336,-3.09292,3e-05,-0.06276
10636.23,BTC-26JUN20,1581245943372,open,0.4,12.5,0.349,0.458,0.39833872,72.19,0.415,0.0,BTC-26JUN20-14000-P,10128.75,0.0,0.0005,5.0,0.68,2.0,189.59,24.09801,-6.30854,-42.30071,8e-05,-0.65451
10636.23,BTC-26JUN20,1581245943372,open,0.01,453.9,0.0005,0.017,0.00648149,74.75,0.0085,0.0,BTC-26JUN20-5000-P,10128.75,73.59,0.006,22.0,0.007,6.0,75.94,4.51574,-1.2241,-1.48793,1e-05,-0.03055
10391.41,BTC-27MAR20,1581245943372,open,0.73,0.0,0.7005,0.7845,0.73860406,87.06,1.23,0.0,BTC-27MAR20-18000-P,10128.75,0.0,0.0125,1.0,0.0,0.0,0.0,4.09804,-3.80549,-22.47822,3e-05,-0.94575
10391.41,BTC-27MAR20,1581245943372,open,2.07,0.0,2.0195,2.1455,2.07998807,111.97,None,0.0,BTC-27MAR20-32000-P,10128.75,0.0,0.0005,1.0,0.0,0.0,0.0,0.50268,-0.60037,-41.04169,0.0,-0.99537
10391.41,BTC-27MAR20,1581245943372,open,0.29,0.0,0.267,0.3065,0.28526828,64.54,0.262,0.0,BTC-27MAR20-7500-C,10128.75,0.0,0.2775,8.0,0.29,8.0,73.87,4.64119,-3.19517,8.68988,5e-05,0.93642
10391.41,BTC-27MAR20,1581245943372,open,0.0,201.1,0.0005,0.0105,0.00043032,115.0,0.001,0.0,BTC-27MAR20-34000-C,10128.75,0.0,0.0,0.0,0.001,8.1,124.98,0.4205,-0.51582,0.04485,0.0,0.00379
10391.41,BTC-27MAR20,1581245943372,open,1.12,5.6,1.0765,1.1705,1.12002649,97.7,1.545,0.0,BTC-27MAR20-22000-P,10128.75,0.0,0.0005,1.0,0.0,0.0,0.0,2.14521,-2.23545,-27.96452,2e-05,-0.97543
10636.23,BTC-26JUN20,1581245943372,open,0.73,1.0,0.681,0.7955,0.73229707,76.67,0.9,0.0,BTC-26JUN20-18000-P,10128.75,0.0,0.0005,5.0,0.0,0.0,0.0,17.69187,-4.91876,-61.99882,5e-05,-0.81083
10391.41,BTC-27MAR20,1581245943372,open,0.01,790.2,0.0005,0.021,0.00649466,87.29,0.006,0.0,BTC-27MAR20-18000-C,10128.75,86.01,0.006,24.5,0.007,49.0,88.53,4.13116,-3.84632,0.64476,3e-05,0.05481
10391.41,BTC-27MAR20,1581245943372,open,2.84,1.4,2.774,2.9275,2.84924245,0.0,3.051,0.0,BTC-27MAR20-40000-P,10128.75,0.0,0.0005,1.0,0.0,0.0,0.0,0.0,0.0,-51.37062,0.0,-1.0
10391.41,BTC-27MAR20,1581245943372,open,0.0,156.1,0.0005,0.0105,0.00090605,112.63,0.0015,0.0,BTC-27MAR20-30000-C,10128.75,106.03,0.0005,79.6,0.0015,24.0,119.11,0.78528,-0.9434,0.09008,1e-05,0.00766
10391.41,BTC-27MAR20,1581245943372,open,0.2,75.8,0.178,0.228,0.20153662,61.5,0.192,0.0,BTC-27MAR20-8500-C,10128.75,57.2,0.198,8.0,0.204,12.0,64.35,8.81388,-5.78139,8.60827,0.0001,0.84658
10636.23,BTC-26JUN20,1581245943372,open,0.02,497.3,0.0055,0.0435,0.01748979,82.91,0.016,0.0,BTC-26JUN20-24000-C,10128.75,81.9,0.0165,15.0,0.0185,36.0,83.91,10.59367,-3.18506,2.90321,3e-05,0.08975
10391.41,BTC-27MAR20,1581245943372,open,0.52,27.1,0.5095,0.531,0.51957196,87.85,0.4665,0.0,BTC-27MAR20-5000-C,10128.75,0.0,0.509,11.0,0.529,11.0,137.55,0.68439,-0.64133,6.32405,1e-05,0.99345
10391.41,BTC-27MAR20,1581245943372,open,0.0,1231.1,0.0005,0.014,0.00448043,68.27,0.005,0.0,BTC-27MAR20-7000-P,10128.75,66.7,0.004,20.0,0.005,24.0,69.86,3.28533,-2.39223,-0.60928,3e-05,-0.04117
10636.23,BTC-26JUN20,1581245943372,open,0.03,238.5,0.0135,0.0525,0.02828299,68.4,0.0295,0.0,BTC-26JUN20-7000-P,10128.75,67.31,0.027,22.4,0.0295,35.1,69.42,12.61328,-3.12888,-5.71823,4e-05,-0.11404
10636.23,BTC-26JUN20,1581245943372,open,1.64,0.0,1.585,1.716,1.6441525,86.86,None,0.0,BTC-26JUN20-28000-P,10128.75,0.0,0.0,0.0,0.0,0.0,0.0,7.89129,-2.48571,-103.78344,2e-05,-0.93897
10636.23,BTC-26JUN20,1581245943372,open,0.24,546.6,0.207,0.283,0.2421497,68.3,0.2385,0.0,BTC-26JUN20-9000-C,10128.75,67.49,0.2405,32.9,0.243,18.8,68.71,21.68047,-5.36963,19.53429,7e-05,0.72835
10391.41,BTC-27MAR20,1581245943372,open,0.0,317.4,0.0005,0.0105,0.000273,115.0,0.0005,0.0,BTC-27MAR20-36000-C,10128.75,0.0,0.0,0.0,0.001,15.0,130.0,0.28754,-0.35271,0.02953,0.0,0.00249
10391.41,BTC-27MAR20,1581245943372,open,0.47,18.4,0.4605,0.4845,0.47165235,79.76,0.436,0.0,BTC-27MAR20-5500-C,10128.75,0.0,0.46,10.0,0.483,10.0,127.8,0.89811,-0.76403,6.93193,1e-05,0.99108
10636.23,BTC-26JUN20,1581245943372,open,0.45,72.7,0.4315,0.473,0.45012288,70.9,0.44,0.0,BTC-26JUN20-6000-C,10128.75,43.28,0.437,9.1,0.469,9.0,91.46,8.06962,-2.07485,19.56954,3e-05,0.9372
10636.23,BTC-26JUN20,1581245943372,open,0.09,634.7,0.0575,0.1285,0.08828697,68.28,0.088,0.0,BTC-26JUN20-9000-P,10128.75,66.67,0.085,13.7,0.0885,4.9,68.39,21.67998,-5.36846,-14.46088,7e-05,-0.27164
10391.41,BTC-27MAR20,1581245943372,open,1.88,0.0,1.8305,1.9505,1.88775335,110.47,None,0.0,BTC-27MAR20-30000-P,10128.75,0.0,0.0005,1.0,0.0,0.0,0.0,0.68588,-0.8082,-38.45038,0.0,-0.99343
10391.41,BTC-27MAR20,1581245943372,open,0.0,37.0,0.0005,0.0105,0.00024917,87.86,0.0005,0.0,BTC-27MAR20-4500-P,10128.75,0.0,0.0,0.0,0.001,20.0,103.49,0.28226,-0.26452,-0.03583,0.0,-0.00244
10636.23,BTC-26JUN20,1581245943372,open,0.05,282.6,0.0305,0.086,0.05324847,68.28,0.053,0.0,BTC-26JUN20-8000-P,10128.75,67.83,0.0525,1.0,0.053,18.9,68.13,17.57383,-4.35177,-9.65788,6e-05,-0.18713
10391.41,BTC-27MAR20,1581245943372,open,0.11,1435.2,0.0785,0.138,0.10608624,61.4,0.1045,0.0,BTC-27MAR20-10000-C,10128.75,60.61,0.105,3.0,0.1085,40.8,63.16,14.26707,-9.34358,6.75146,0.00017,0.61199
10391.41,BTC-27MAR20,1581245943372,open,0.07,683.7,0.0415,0.0985,0.06678338,63.46,0.0645,0.0,BTC-27MAR20-11000-C,10128.75,62.55,0.0655,34.5,0.068,3.0,64.31,14.71842,-9.96217,5.0565,0.00017,0.44568
10391.41,BTC-27MAR20,1581245943372,open,0.0,539.1,0.0005,0.0105,0.00072409,87.63,0.001,0.0,BTC-27MAR20-5000-P,10128.75,83.73,0.0005,19.3,0.001,43.0,91.42,0.67512,-0.63105,-0.09575,1e-05,-0.00645
10391.41,BTC-27MAR20,1581245943372,open,0.57,28.5,0.5575,0.577,0.5672221,88.68,0.5365,0.0,BTC-27MAR20-4500-C,10128.75,0.0,0.5585,11.0,0.5755,11.0,148.85,0.30108,-0.28478,5.74066,0.0,0.99738
10391.41,BTC-27MAR20,1581245943372,open,0.0,1389.6,0.0005,0.0105,6.999e-05,88.31,0.0009,0.0,BTC-27MAR20-4000-P,10128.75,0.0,0.0,0.0,0.001,24.5,116.99,0.0962,-0.09062,-0.01094,0.0,-0.00075
10636.23,BTC-26JUN20,1581245943372,open,0.54,0.0,0.523,0.5535,0.53641133,74.8,None,0.0,BTC-26JUN20-5000-C,10128.75,42.16,0.53,9.0,0.55,9.0,97.96,4.52372,-1.22708,17.39568,1e-05,0.96938
10391.41,BTC-27MAR20,1581245943372,open,0.0,499.9,0.0005,0.011,0.00144411,105.16,0.002,0.0,BTC-27MAR20-26000-C,10128.75,100.79,0.001,137.0,0.002,24.0,109.46,1.19522,-1.34073,0.14598,1e-05,0.01238
10636.34,BTC-26JUN20,1581245943372,open,0.63,0.5,0.617,0.6385,0.62661638,80.54,0.589,0.0,BTC-26JUN20-4000-C,10128.75,0.0,0.617,10.0,0.6355,10.0,106.71,2.20334,-0.64357,14.47531,1e-05,0.9869
10636.34,BTC-26JUN20,1581245943372,open,0.03,1140.6,0.0115,0.062,0.02945953,78.85,0.0275,0.0,BTC-26JUN20-20000-C,10128.75,78.16,0.0285,1.0,0.0305,6.0,79.59,14.8594,-4.24902,4.6188,4e-05,0.14442
10391.41,BTC-27MAR20,1581245943372,open,2.46,0.0,2.3965,2.5365,2.46456958,110.55,None,0.0,BTC-27MAR20-36000-P,10128.75,0.0,0.0005,1.0,0.0,0.0,0.0,0.19817,-0.23367,-46.21381,0.0,-0.99835
10391.41,BTC-27MAR20,1581245943372,open,1.5,0.0,1.4535,1.5595,1.50343583,104.5,None,0.0,BTC-27MAR20-26000-P,10128.75,0.0,0.001,1.0,0.0,0.0,0.0,1.15125,-1.28326,-33.25092,1e-05,-0.98814
10391.41,BTC-27MAR20,1581245943372,open,0.0,898.4,0.0005,0.0105,0.00011293,115.0,0.0005,0.0,BTC-27MAR20-40000-C,10128.75,0.0,0.0,0.0,0.0005,17.9,130.12,0.13574,-0.16651,0.01304,0.0,0.00109
10636.34,BTC-26JUN20,1581245943372,open,0.01,461.4,0.0005,0.0265,0.00823903,90.26,0.0075,0.0,BTC-26JUN20-32000-C,10128.75,88.92,0.0075,15.0,0.009,21.0,91.56,6.06293,-1.98451,1.42879,2e-05,0.0438
10391.41,BTC-27MAR20,1581245943372,open,0.0,1392.5,0.0005,0.011,0.00144578,74.35,0.002,0.0,BTC-27MAR20-6000-P,10128.75,70.46,0.001,67.0,0.002,24.0,78.22,1.33679,-1.0601,-0.20741,1e-05,-0.0141
10391.41,BTC-27MAR20,1581245943372,open,1.69,0.0,1.642,1.756,1.69589359,111.38,None,0.0,BTC-27MAR20-28000-P,10128.75,0.0,0.0005,1.0,0.0,0.0,0.0,1.09514,-1.30112,-35.82818,1e-05,-0.9888
10636.34,BTC-26JUN20,1581245943372,open,0.3,231.3,0.2705,0.337,0.30112466,68.29,0.2995,0.0,BTC-26JUN20-8000-C,10128.75,65.78,0.297,22.5,0.3075,18.0,72.11,17.57474,-4.35266,20.56026,6e-05,0.81286
10391.41,BTC-27MAR20,1581245943372,open,0.43,24.7,0.4115,0.4385,0.42406337,74.48,0.42,0.0,BTC-27MAR20-6000-C,10128.75,0.0,0.41,9.0,0.437,9.0,117.91,1.34716,-1.07028,7.49626,1e-05,0.98578
10391.41,BTC-27MAR20,1581245943372,open,0.92,5.2,0.888,0.9775,0.92904258,93.38,2.035,0.0,BTC-27MAR20-20000-P,10128.75,0.0,0.0005,1.0,0.0,0.0,0.0,2.99698,-2.98502,-25.25284,2e-05,-0.96322
10391.41,BTC-27MAR20,1581245943372,open,0.0,218.4,0.0005,0.012,0.00247533,70.61,0.003,0.0,BTC-27MAR20-6500-P,10128.75,68.1,0.002,44.0,0.003,24.0,73.07,2.08975,-1.57398,-0.3509,2e-05,-0.02382
10636.34,BTC-26JUN20,1581245943372,open,0.0,314.9,0.0005,0.011,0.00107781,89.98,0.002,0.0,BTC-26JUN20-3000-P,10128.75,81.92,0.0005,37.0,0.002,15.0,98.08,0.97165,-0.31706,-0.2505,0.0,-0.00516
10391.52,BTC-27MAR20,1581245943372,open,0.0,246.5,0.0005,0.011,0.00144093,112.13,0.0015,0.0,BTC-27MAR20-28000-C,10128.75,107.58,0.001,20.0,0.002,64.0,116.65,1.14077,-1.36444,0.13737,1e-05,0.01173
10636.34,BTC-26JUN20,1581245943372,open,0.01,406.1,0.004,0.0375,0.0139955,84.79,0.0135,0.0,BTC-26JUN20-26000-C,10128.75,83.6,0.013,36.0,0.015,21.0,85.95,9.05379,-2.7839,2.36612,2e-05,0.07289
10636.34,BTC-26JUN20,1581245943372,open,1.83,0.0,1.7685,1.9045,1.83022829,88.59,None,0.0,BTC-26JUN20-30000-P,10128.75,0.0,0.0,0.0,0.0,0.0,0.0,6.88334,-2.21137,-111.65073,2e-05,-0.94868
10391.52,BTC-27MAR20,1581245943372,open,0.28,1.0,0.2435,0.3205,0.27868703,69.29,0.295,0.0,BTC-27MAR20-13000-P,10128.75,0.0,0.0005,5.0,0.0,0.0,0.0,10.97927,-8.11494,-14.15049,0.00011,-0.78163
10391.52,BTC-27MAR20,1581245943372,open,0.36,67.7,0.331,0.4085,0.3661913,72.75,0.4,0.0,BTC-27MAR20-14000-P,10128.75,0.0,0.0005,90.0,0.67,1.0,299.82,8.8939,-6.90124,-16.1568,9e-05,-0.84447
10636.34,BTC-26JUN20,1581245943372,open,1.27,0.0,1.219,1.341,1.27382657,82.83,None,0.0,BTC-26JUN20-24000-P,10128.75,0.0,0.0,0.0,0.0,0.0,0.0,10.56877,-3.17452,-87.76304,3e-05,-0.91054
10391.52,BTC-27MAR20,1581245943372,open,0.0,244.1,0.0005,0.012,0.00216542,102.63,0.002,0.0,BTC-27MAR20-24000-C,10128.75,97.95,0.0015,64.0,0.003,64.0,107.28,1.66542,-1.82312,0.21421,1e-05,0.01822
10636.34,BTC-26JUN20,1581245943372,open,0.91,0.1,0.858,0.974,0.90978001,78.83,1.85,0.0,BTC-26JUN20-20000-P,10128.75,0.0,0.0005,1.0,1.87,1.0,500.0,14.85374,-4.24642,-70.93178,4e-05,-0.85566
10391.52,BTC-27MAR20,1581245943373,open,0.01,817.5,0.0005,0.0185,0.00698006,64.46,0.0075,0.0,BTC-27MAR20-7500-P,10128.75,63.36,0.0065,44.0,0.0075,10.0,65.61,4.629,-3.18263,-0.93874,5e-05,-0.06336
10391.52,BTC-27MAR20,1581245943373,open,1.31,0.0,1.265,1.365,1.31164313,102.01,None,0.0,BTC-27MAR20-24000-P,10128.75,0.0,0.0015,0.5,0.0,0.0,0.0,1.61401,-1.75616,-30.61564,1e-05,-0.98244
10636.34,BTC-26JUN20,1581245943373,open,1.09,0.0,1.038,1.1575,1.09124488,81.33,None,0.0,BTC-26JUN20-22000-P,10128.75,0.0,0.0005,1.0,2.21,1.0,500.0,12.63306,-3.72596,-79.42983,4e-05,-0.88571
10391.52,BTC-27MAR20,1581245943373,open,0.45,0.0,0.4215,0.5,0.45687565,76.04,None,0.0,BTC-27MAR20-15000-P,10128.75,0.0,0.0,0.0,0.0,0.0,0.0,7.13864,-5.79015,-17.93462,7e-05,-0.887
10636.34,BTC-26JUN20,1581245943373,open,0.25,17.6,0.2065,0.3075,0.2521457,69.94,0.2475,0.0,BTC-26JUN20-12000-P,10128.75,68.04,0.2475,6.1,0.258,12.1,72.33,26.02326,-6.60005,-31.27238,9e-05,-0.5262
10391.52,BTC-27MAR20,1581245943373,open,0.12,87.1,0.094,0.163,0.12530969,63.43,0.1235,0.0,BTC-27MAR20-11000-P,10128.75,61.8,0.123,13.7,0.126,3.0,63.92,14.7184,-9.95849,-9.07044,0.00017,-0.55435
10636.34,BTC-26JUN20,1581245943373,open,0.01,119.5,0.0005,0.03,0.00974368,88.64,0.01,0.0,BTC-26JUN20-30000-C,10128.75,87.47,0.009,16.0,0.0105,21.0,89.78,6.89804,-2.21743,1.67591,2e-05,0.05146
10636.34,BTC-26JUN20,1581245943374,open,0.56,1.6,0.5095,0.6215,0.56002754,74.19,0.573,0.0,BTC-26JUN20-16000-P,10128.75,0.0,0.0005,5.0,0.61,0.1,97.52,20.87253,-5.61604,-52.5435,7e-05,-0.74774
10133.87,SYN.BTC-10FEB20,1581245943371,open,0.06,0.0,0.0435,0.081,0.0625716,48.32,None,0.0,BTC-10FEB20-9500-C,10128.75,0.0,0.042,6.0,0.0815,6.0,228.49,0.04626,-1.11769,0.22717,4e-05,0.99694
10391.52,BTC-27MAR20,1581245943374,open,0.0,223.0,0.0005,0.0105,0.00090788,79.43,0.001,0.0,BTC-27MAR20-5500-P,10128.75,73.61,0.0005,132.2,0.0015,67.0,85.3,0.88013,-0.74569,-0.12844,1e-05,-0.00872
10234.77,SYN.BTC-28FEB20,1581245943372,open,0.27,100.1,0.2525,0.2855,0.26843768,69.35,0.248,0.0,BTC-28FEB20-7500-C,10128.75,0.0,0.253,8.0,0.2745,8.0,98.86,1.13502,-2.08493,3.76528,3e-05,0.97983
10391.52,BTC-27MAR20,1581245943374,open,0.01,357.7,0.0035,0.033,0.01345208,76.13,0.0125,0.0,BTC-27MAR20-15000-C,10128.75,74.72,0.0125,44.0,0.0145,44.0,77.63,7.15361,-5.80907,1.33298,7e-05,0.11333
10234.77,SYN.BTC-28FEB20,1581245943371,open,0.28,0.0,0.2475,0.3105,0.27641535,72.95,None,0.0,BTC-28FEB20-13000-P,10128.75,0.0,0.0055,0.1,0.0,0.0,0.0,3.68904,-7.12849,-6.29475,9e-05,-0.91288
10881.22,SYN.BTC-25SEP20,1581245943371,open,2.33,0.0,2.251,2.422,2.32797169,86.57,None,0.0,BTC-25SEP20-36000-P,10128.75,0.0,0.0005,1.0,0.0,0.0,0.0,12.8562,-2.43148,-221.58756,2e-05,-0.91962
10234.77,SYN.BTC-28FEB20,1581245943372,open,0.13,339.0,0.1085,0.154,0.13051498,56.22,0.131,0.0,BTC-28FEB20-9000-C,10128.75,49.95,0.1275,18.0,0.151,8.0,89.32,5.241,-7.80529,3.84822,0.00017,0.85758
10234.77,SYN.BTC-28FEB20,1581245943372,open,0.51,0.6,0.5015,0.521,0.51147944,91.34,0.465,0.0,BTC-28FEB20-5000-C,10128.75,0.0,0.503,10.0,0.521,10.0,209.74,0.01687,-0.04082,2.58465,0.0,0.99981
10139.47,SYN.BTC-11FEB20,1581245943371,open,0.0,0.0005,0.0185,0.00399976,46.48,None,0.0,BTC-11FEB20-9875-P,10128.75,38.73,0.0025,60.0,0.0045,24.0,48.87,2.08896,-25.88228,-0.11099,0.00085,-0.209
10881.22,SYN.BTC-25SEP20,1581245943372,open,0.05,147.2,0.0295,0.084,0.05167645,69.46,0.0545,0.0,BTC-25SEP20-7000-P,10128.75,67.65,0.0485,8.0,0.0505,6.0,68.79,19.24646,-2.92043,-13.12837,4e-05,-0.14073
10881.22,SYN.BTC-25SEP20,1581245943372,open,0.9,0.1,0.8405,0.9785,0.90226683,75.84,1.21,0.0,BTC-25SEP20-20000-P,10128.75,0.0,0.0005,1.0,0.0,0.0,0.0,26.6548,-4.41628,-113.56563,5e-05,-0.76215
10234.77,SYN.BTC-28FEB20,1581245943372,open,0.02,212.3,0.006,0.039,0.01807738,63.41,0.0205,0.0,BTC-28FEB20-11500-C,10128.75,61.84,0.017,54.0,0.019,35.0,64.73,7.08095,-11.89329,1.12588,0.00021,0.23079
10133.87,SYN.BTC-10FEB20,1581245943371,open,0.0,98.5,0.0005,0.0105,1.915e-05,47.64,0.0005,0.0,BTC-10FEB20-9500-P,10128.75,0.0,0.0,0.0,0.001,25.5,84.12,0.04161,-0.1941,-0.00067,4e-05,-0.00272
10133.87,SYN.BTC-10FEB20,1581245943371,open,0.11,0.0,0.094,0.1295,0.11189179,71.1,None,0.0,BTC-10FEB20-9000-C,10128.75,0.0,0.093,6.0,0.129,6.0,305.33,0.00562,-0.19995,0.21585,0.0,0.99969
10234.77,SYN.BTC-28FEB20,1581245943372,open,0.02,368.2,0.008,0.0415,0.02084707,55.54,0.0205,0.0,BTC-28FEB20-9500-P,10128.75,52.31,0.0185,24.1,0.021,44.0,55.75,7.50264,-11.03887,-1.47004,0.00025,-0.25689
10133.87,SYN.BTC-10FEB20,1581245943371,open,0.0,64.2,0.0005,0.016,0.00236661,51.12,0.003,0.0,BTC-10FEB20-10375-C,10128.75,48.16,0.002,16.0,0.003,24.0,55.91,1.28898,-23.98295,0.04247,0.00102,0.17705
10234.77,SYN.BTC-28FEB20,1581245943371,open,0.03,899.4,0.0115,0.052,0.02813047,61.72,0.0285,0.0,BTC-28FEB20-11000-C,10128.75,60.95,0.0275,5.0,0.029,48.0,62.77,8.4152,-13.75713,1.5907,0.00025,0.32867
10133.87,SYN.BTC-10FEB20,1581245943371,open,0.0,20.9,0.0005,0.0105,2.87e-06,48.13,0.0005,0.0,BTC-10FEB20-9375-P,10128.75,0.0,0.0,0.0,0.001,20.0,97.61,0.00817,-0.02904,-0.00011,1e-05,-0.00046
10881.22,SYN.BTC-25SEP20,1581245943372,open,0.08,108.3,0.0455,0.1305,0.08043796,74.36,0.079,0.0,BTC-25SEP20-18000-C,10128.75,73.82,0.079,9.4,0.0825,4.9,75.12,29.37931,-4.7724,14.13473,5e-05,0.2876
10881.22,SYN.BTC-25SEP20,1581245943373,open,0.08,179.9,0.0535,0.124,0.08327825,69.46,0.092,0.0,BTC-25SEP20-8000-P,10128.75,67.08,0.078,9.0,0.0815,4.9,68.66,24.27225,-3.68303,-19.46959,5e-05,-0.20207
10234.77,SYN.BTC-28FEB20,1581245943372,open,0.0,670.5,0.0005,0.0105,0.00071878,89.42,0.0005,0.0,BTC-28FEB20-6500-P,10128.75,85.29,0.0005,22.5,0.001,20.6,93.64,0.60915,-1.44293,-0.05564,1e-05,-0.00979
10234.77,SYN.BTC-28FEB20,1581245943373,open,0.01,708.2,0.0005,0.02,0.00624223,72.97,0.0055,0.0,BTC-28FEB20-13000-C,10128.75,70.85,0.0055,59.8,0.007,50.0,75.01,3.69114,-7.13452,0.42841,9e-05,0.08718
10133.87,SYN.BTC-10FEB20,1581245943371,open,0.0,96.1,0.0005,0.0105,3.3e-07,48.55,0.0005,0.0,BTC-10FEB20-9250-P,10128.75,0.0,0.0,0.0,0.001,43.0,110.99,0.0012,-0.00334,-1e-05,0.0,-6e-05
10133.87,SYN.BTC-10FEB20,1581245943371,open,0.08,0.0,0.0565,0.093,0.07489014,50.78,None,0.0,BTC-10FEB20-9375-C,10128.75,0.0,0.055,6.0,0.093,6.0,246.04,0.01423,-0.36127,0.22472,1e-05,0.99916
10139.47,SYN.BTC-11FEB20,1581245943371,open,15.0,0.0005,0.027,0.00913105,48.37,0.0085,0.0,BTC-11FEB20-10250-C,10128.75,42.37,0.0075,56.0,0.0105,44.0,53.34,2.77599,-35.79127,0.19526,0.00109,0.38386
10139.47,SYN.BTC-11FEB20,1581245943371,open,28.5,0.001,0.0325,0.01250074,46.2,0.015,0.0,BTC-11FEB20-10125-P,10128.75,39.19,0.0105,38.0,0.0135,18.0,49.7,2.89459,-35.64724,-0.25464,0.00119,-0.4762
10133.87,SYN.BTC-10FEB20,1581245943371,open,0.0,63.9,0.0005,0.0105,0.00043313,46.93,0.0005,0.0,BTC-10FEB20-9750-P,10128.75,0.0,0.0,0.0,0.001,30.0,56.42,0.4738,-4.38928,-0.01114,0.00041,-0.04539
10156.29,SYN.BTC-14FEB20,1581245943371,open,0.05,3.6,0.025,0.075,0.04587845,54.31,0.0475,0.0,BTC-14FEB20-10500-P,10128.75,36.21,0.039,11.9,0.047,0.1,57.05,4.13509,-23.03063,-0.99978,0.00055,-0.69105
10234.77,SYN.BTC-28FEB20,1581245943372,open,0.01,394.7,0.0005,0.025,0.0098656,56.21,0.01,0.0,BTC-28FEB20-9000-P,10128.75,54.49,0.009,3.0,0.01,50.0,56.47,5.24008,-7.80257,-0.80584,0.00017,-0.14239
10881.22,SYN.BTC-25SEP20,1581245943372,open,1.25,0.0,1.185,1.3295,1.24938491,78.83,None,0.0,BTC-25SEP20-24000-P,10128.75,0.0,0.0005,1.0,0.0,0.0,0.0,21.7844,-3.75139,-141.89594,4e-05,-0.83024
10881.22,SYN.BTC-25SEP20,1581245943371,open,0.02,26.1,0.006,0.05,0.01951915,86.57,0.0185,0.0,BTC-25SEP20-36000-C,10128.75,86.13,0.019,0.5,0.02,10.0,86.98,12.8562,-2.43148,4.15285,2e-05,0.08038
10234.77,SYN.BTC-28FEB20,1581245943372,open,0.0,776.8,0.0005,0.0105,0.00071879,76.27,0.0015,0.0,BTC-28FEB20-7000-P,10128.75,72.65,0.0005,50.8,0.001,50.0,79.97,0.69517,-1.40453,-0.06413,2e-05,-0.0114
10881.22,SYN.BTC-25SEP20,1581245943372,open,0.29,106.7,0.256,0.3425,0.29574218,69.46,0.28,0.0,BTC-25SEP20-9000-C,10128.75,66.87,0.289,7.7,0.296,7.7,69.56,28.36215,-4.30363,29.79436,5e-05,0.73241
10881.22,SYN.BTC-25SEP20,1581245943372,open,0.04,64.4,0.0195,0.0855,0.04374988,78.83,0.0435,0.0,BTC-25SEP20-24000-C,10128.75,77.95,0.042,14.8,0.0455,4.9,79.69,21.7844,-3.75139,8.59767,4e-05,0.16976
10133.87,SYN.BTC-10FEB20,1581245943371,open,0.05,0.1,0.031,0.0695,0.05031909,47.38,0.0235,0.0,BTC-10FEB20-9625-C,10128.75,0.0,0.03,6.0,0.057,6.0,125.92,0.16423,-3.89076,0.22778,0.00014,0.98717
10133.87,SYN.BTC-10FEB20,1581245943371,open,0.0,50.4,0.0005,0.0105,0.00010149,47.2,0.0005,0.0,BTC-10FEB20-9625-P,10128.75,0.0,0.0,0.0,0.0005,30.0,60.96,0.1611,-1.02844,-0.00307,0.00014,-0.01254
10234.77,SYN.BTC-28FEB20,1581245943372,open,0.14,0.1,0.113,0.1745,0.14169206,63.4,0.1525,0.0,BTC-28FEB20-11500-P,10128.75,0.0,0.0005,5.0,0.0,0.0,0.0,7.08027,-11.89042,-4.82143,0.00021,-0.76924
10234.77,SYN.BTC-28FEB20,1581245943372,open,0.46,4.1,0.452,0.4735,0.46266589,89.9,0.414,0.0,BTC-28FEB20-5500-C,10128.75,0.0,0.453,10.0,0.4735,10.0,191.58,0.06714,-0.15989,2.83955,0.0,0.99915
10234.77,SYN.BTC-28FEB20,1581245943372,open,0.18,0.2,0.156,0.2185,0.18492842,66.74,0.233,0.0,BTC-28FEB20-12000-P,10128.75,0.0,0.0005,5.0,0.0,0.0,0.0,5.7868,-10.23071,-5.39614,0.00016,-0.83459
10133.87,SYN.BTC-10FEB20,1581245943371,open,0.0,0.0,0.0005,0.0105,0.0,49.15,None,0.0,BTC-10FEB20-9000-P,10128.75,0.0,0.0,0.0,0.0005,0.1,122.13,1e-05,-2e-05,0.0,0.0,0.0
10133.87,SYN.BTC-10FEB20,1581245943372,open,0.0,51.6,0.0005,0.0145,0.00175968,61.11,0.002,0.0,BTC-10FEB20-10500-C,10128.75,58.38,0.0015,11.0,0.002,49.0,63.49,0.99783,-17.83238,0.02895,0.00066,0.12084
10133.87,SYN.BTC-10FEB20,1581245943372,open,0.09,0.0,0.069,0.105,0.08722244,56.21,None,0.0,BTC-10FEB20-9250-C,10128.75,0.0,0.0675,6.0,0.105,6.0,266.2,0.00779,-0.21896,0.22182,1e-05,0.99956
10234.77,SYN.BTC-28FEB20,1581245943372,open,0.1,11.1,0.0755,0.135,0.10289233,61.71,0.1115,0.0,BTC-28FEB20-11000-P,10128.75,49.93,0.0935,10.7,0.102,12.7,60.62,8.41494,-13.75504,-4.09797,0.00025,-0.67136
10881.22,SYN.BTC-25SEP20,1581245943372,open,0.55,0.0,0.538,0.575,0.5542213,70.52,None,0.0,BTC-25SEP20-5000-C,10128.75,0.0,0.537,8.0,0.566,8.0,83.55,8.49972,-1.30944,27.18934,2e-05,0.95271
10881.22,SYN.BTC-25SEP20,1581245943373,open,0.28,5.3,0.232,0.345,0.28317134,69.59,0.289,0.0,BTC-25SEP20-12000-P,10128.75,69.06,0.2815,3.6,0.29,8.4,71.77,34.21033,-5.20118,-50.77465,7e-05,-0.46098
10234.77,SYN.BTC-28FEB20,1581245943372,open,0.01,316.4,0.0005,0.0245,0.00875547,69.97,0.0065,0.0,BTC-28FEB20-12500-C,10128.75,68.27,0.008,40.0,0.0095,69.0,71.58,4.6449,-8.60902,0.58668,0.00012,0.1196
10234.77,SYN.BTC-28FEB20,1581245943372,open,0.0,334.6,0.0005,0.0105,0.00020881,89.42,0.0005,0.0,BTC-28FEB20-6000-P,10128.75,0.0,0.0,0.0,0.0005,20.0,98.82,0.22496,-0.53287,-0.01798,0.0,-0.00319
10234.77,SYN.BTC-28FEB20,1581245943371,open,0.41,1.1,0.402,0.4265,0.41397507,89.58,0.3535,0.0,BTC-28FEB20-6000-C,10128.75,0.0,0.402,9.0,0.426,9.0,174.02,0.22758,-0.54001,3.08464,0.0,0.99677
10133.87,SYN.BTC-10FEB20,1581245943371,open,0.04,0.3,0.0165,0.0615,0.03788593,61.08,0.0415,0.0,BTC-10FEB20-10500-P,10128.75,0.0,0.0315,6.0,0.049,6.0,136.79,0.99707,-30.44858,-0.22299,0.00066,-0.87929
10234.77,SYN.BTC-28FEB20,1581245943372,open,0.0,248.8,0.0005,0.0105,7.56e-06,89.43,0.0005,0.0,BTC-28FEB20-5000-P,10128.75,0.0,0.0,0.0,0.0005,20.1,129.41,0.01305,-0.03091,-0.00081,0.0,-0.00014
10881.22,SYN.BTC-25SEP20,1581245943371,open,0.35,33.5,0.313,0.39,0.34806657,69.46,0.327,0.0,BTC-25SEP20-8000-C,10128.75,65.82,0.34,7.6,0.348,7.6,69.43,24.27225,-3.68303,30.69494,5e-05,0.79793
10234.77,SYN.BTC-28FEB20,1581245943372,open,0.1,390.8,0.069,0.118,0.09264364,55.55,0.094,0.0,BTC-28FEB20-9500-C,10128.75,55.36,0.0925,10.0,0.098,31.4,62.72,7.50297,-11.0408,3.44267,0.00025,0.74308
10881.22,SYN.BTC-25SEP20,1581245943372,open,0.01,394.9,0.004,0.0295,0.0137286,70.52,0.015,0.0,BTC-25SEP20-5000-P,10128.75,70.23,0.0135,10.0,0.014,6.0,70.87,8.49972,-1.30944,-4.1635,2e-05,-0.04729
10234.77,SYN.BTC-28FEB20,1581245943372,open,0.37,15.3,0.3525,0.3805,0.36563223,89.48,0.301,0.0,BTC-28FEB20-6500-C,10128.75,0.0,0.3535,9.0,0.379,9.0,158.51,0.61121,-1.44879,3.30556,1e-05,0.99017
10234.77,SYN.BTC-28FEB20,1581245943372,open,0.0,875.7,0.0005,0.011,0.00122987,69.31,0.001,0.0,BTC-28FEB20-7500-P,10128.75,67.1,0.001,2.9,0.0015,50.0,71.6,1.13262,-2.0794,-0.113,3e-05,-0.02012
10133.87,SYN.BTC-10FEB20,1581245943371,open,0.1,0.1,0.0815,0.117,0.09955698,63.46,0.08,0.0,BTC-10FEB20-9125-C,10128.75,0.0,0.0805,6.0,0.117,6.0,285.94,0.00634,-0.20132,0.21884,0.0,0.99965
10881.22,SYN.BTC-25SEP20,1581245943372,open,0.41,5.2,0.379,0.444,0.40836623,69.46,0.392,0.0,BTC-25SEP20-7000-C,10128.75,49.16,0.3765,7.0,0.411,7.0,70.94,19.24646,-2.92043,30.7656,4e-05,0.85927
10881.22,SYN.BTC-25SEP20,1581245943372,open,0.73,0.2,0.674,0.809,0.73466423,74.36,1.02,0.0,BTC-25SEP20-18000-P,10128.75,0.0,0.0005,1.0,0.0,0.0,0.0,29.37931,-4.7724,-98.73548,5e-05,-0.7124
10234.77,SYN.BTC-28FEB20,1581245943375,open,0.0,1070.4,0.0005,0.012,0.00223376,63.16,0.002,0.0,BTC-28FEB20-8000-P,10128.75,61.85,0.002,4.5,0.0025,30.8,64.56,1.88109,-3.14722,-0.20752,5e-05,-0.03697
10881.22,SYN.BTC-25SEP20,1581245943372,open,0.17,212.7,0.127,0.2235,0.1698078,69.46,0.17,0.0,BTC-25SEP20-10000-P,10128.75,69.18,0.169,0.1,0.171,14.4,69.87,31.35882,-4.75834,-34.38393,6e-05,-0.33412
10234.77,SYN.BTC-28FEB20,1581245943373,open,0.18,425.3,0.1545,0.1945,0.17377467,57.85,0.1745,0.0,BTC-28FEB20-8500-C,10128.75,0.0,0.1535,7.0,0.1805,7.0,75.28,3.11709,-4.77669,4.0038,0.0001,0.93023
10139.47,SYN.BTC-11FEB20,1581245943371,open,19.0,0.0005,0.025,0.00744257,46.46,0.01,0.0,BTC-11FEB20-10000-P,10128.75,40.86,0.006,20.5,0.008,24.0,48.59,2.64082,-32.7077,-0.17723,0.00108,-0.33268
10139.47,SYN.BTC-11FEB20,1581245943371,open,10.0,0.0015,0.0335,0.01393149,46.21,0.014,0.0,BTC-11FEB20-10125-C,10128.75,42.95,0.013,10.0,0.0155,38.9,51.7,2.89459,-35.65609,0.26567,0.00119,0.5238
10234.77,SYN.BTC-28FEB20,1581245943372,open,0.32,60.6,0.3025,0.3325,0.31677942,76.33,0.2995,0.0,BTC-28FEB20-7000-C,10128.75,0.0,0.3035,8.0,0.332,8.0,142.96,0.69767,-1.41065,3.5556,2e-05,0.98856
10156.29,SYN.BTC-14FEB20,1581245943371,open,0.01,502.4,0.0005,0.031,0.00874965,52.11,0.0065,0.0,BTC-14FEB20-9750-P,10128.75,45.64,0.0065,44.0,0.008,3.0,50.0,3.64481,-19.47726,-0.33677,0.00051,-0.23948
10133.87,SYN.BTC-10FEB20,1581245943371,open,0.0,0.3,0.0005,0.0105,3e-08,48.89,0.0005,0.0,BTC-10FEB20-9125-P,10128.75,0.0,0.0,0.0,0.0005,23.0,109.98,0.00013,-0.00029,0.0,0.0,-1e-05
10881.22,SYN.BTC-25SEP20,1581245943372,open,0.64,1.1,0.6275,0.653,0.63837206,73.54,0.607,0.0,BTC-25SEP20-4000-C,10128.75,0.0,0.632,8.1,0.649,8.0,92.33,4.56293,-0.73306,23.15735,1e-05,0.97777
10881.22,SYN.BTC-25SEP20,1581245943372,open,0.03,223.9,0.014,0.052,0.02831676,69.46,0.03,0.0,BTC-25SEP20-6000-P,10128.75,68.4,0.027,10.0,0.028,6.0,69.21,13.68367,-2.07634,-7.8917,3e-05,-0.08734
10881.22,SYN.BTC-25SEP20,1581245943372,open,1.96,0.0,1.893,2.0535,1.9648611,83.88,None,0.0,BTC-25SEP20-32000-P,10128.75,0.0,0.0005,1.0,0.0,0.0,0.0,14.92279,-2.73457,-195.59602,2e-05,-0.9018
10881.22,SYN.BTC-25SEP20,1581245943372,open,0.02,196.1,0.0085,0.057,0.0240144,83.88,0.023,0.0,BTC-25SEP20-32000-C,10128.75,83.13,0.023,6.0,0.025,10.0,84.59,14.92279,-2.73457,5.06212,2e-05,0.0982
10234.77,SYN.BTC-28FEB20,1581245943372,open,0.0,1088.6,0.0005,0.0145,0.00427247,57.84,0.005,0.0,BTC-28FEB20-8500-P,10128.75,55.17,0.0035,64.0,0.005,50.0,60.14,3.11543,-4.77286,-0.39163,0.0001,-0.06972
10234.77,SYN.BTC-28FEB20,1581245943372,open,0.23,0.0,0.2015,0.264,0.23007578,69.95,None,0.0,BTC-28FEB20-12500-P,10128.75,0.0,0.0,0.0,0.0,0.0,0.0,4.64329,-8.60415,-5.87788,0.00012,-0.88046
10881.22,SYN.BTC-25SEP20,1581245943372,open,0.01,170.4,0.0005,0.0155,0.0059779,73.54,0.0075,0.0,BTC-25SEP20-4000-P,10128.75,72.37,0.0055,10.0,0.0065,6.0,74.76,4.56293,-0.73306,-1.92492,1e-05,-0.02223
10881.22,SYN.BTC-25SEP20,1581245943372,open,0.57,1.9,0.5145,0.6455,0.57353138,72.88,0.6255,0.0,BTC-25SEP20-16000-P,10128.75,0.0,0.0005,1.0,0.8575,0.9,164.76,31.98707,-5.09303,-83.33494,6e-05,-0.64783
10881.22,SYN.BTC-25SEP20,1581245943372,open,0.1,275.1,0.064,0.1555,0.10310803,72.88,0.099,0.0,BTC-25SEP20-16000-C,10128.75,72.17,0.101,19.1,0.105,4.9,73.53,31.98707,-5.09303,16.99413,6e-05,0.35217
10881.22,SYN.BTC-25SEP20,1581245943372,open,1.6,0.0,1.5375,1.689,1.60491051,81.5,None,0.0,BTC-25SEP20-28000-P,10128.75,0.0,0.0005,1.0,0.0,0.0,0.0,17.90971,-3.18859,-169.08874,3e-05,-0.87325
10881.22,SYN.BTC-25SEP20,1581245943372,open,0.48,1.0,0.4545,0.505,0.476908,69.46,0.425,0.0,BTC-25SEP20-6000-C,10128.75,50.64,0.4575,7.0,0.498,7.0,84.67,13.68367,-2.07634,29.73171,3e-05,0.91266
10881.22,SYN.BTC-25SEP20,1581245943372,open,0.42,2.0,0.365,0.4895,0.42148341,71.28,0.4515,0.0,BTC-25SEP20-14000-P,10128.75,0.0,0.001,1.0,0.4935,1.0,94.15,33.91419,-5.28104,-67.32556,6e-05,-0.56524
10234.77,SYN.BTC-28FEB20,1581245943372,open,0.0,278.7,0.0005,0.0105,4.682e-05,89.43,0.001,0.0,BTC-28FEB20-5500-P,10128.75,0.0,0.0,0.0,0.0005,20.1,113.45,0.0639,-0.15137,-0.00449,0.0,-0.0008
231.53,SYN.ETH-28FEB20,1581245943476,open,0.07,1372.0,0.031,0.097,0.063187,86.92,0.065,0.0,ETH-28FEB20-240-C,229.04,84.5,0.061,180.0,0.066,180.0,90.03,0.20933,-0.48194,0.04834,0.00869,0.46693
231.53,SYN.ETH-28FEB20,1581245943535,open,0.13,1267.0,0.094,0.165,0.130281,86.64,0.099,0.0,ETH-28FEB20-210-C,229.04,83.63,0.128,220.0,0.135,60.0,92.8,0.17609,-0.40416,0.07105,0.00733,0.72369
235.22,ETH-27MAR20,1581245943540,open,0.09,1800.0,0.054,0.133,0.091449,87.9,0.094,0.0,ETH-27MAR20-220-P,229.04,83.07,0.085,452.0,0.095,452.0,90.56,0.31406,-0.29446,-0.13509,0.00503,-0.35574
235.22,ETH-27MAR20,1581245943547,open,0.13,133.0,0.092,0.184,0.136834,87.9,0.137,0.0,ETH-27MAR20-240-P,229.04,83.1,0.13,359.0,0.14,215.0,90.12,0.33482,-0.31391,-0.18111,0.00536,-0.4627
248.3,SYN.ETH-25SEP20,1581245943551,open,0.4,176.0,0.35,0.448,0.400322,89.94,0.397,0.0,ETH-25SEP20-180-C,229.04,87.6,0.395,120.0,0.406,380.0,92.43,0.56605,-0.11121,0.60733,0.00163,0.79039
235.22,ETH-27MAR20,1581245943553,open,0.16,2977.0,0.115,0.196,0.156194,87.93,0.156,0.0,ETH-27MAR20-220-C,229.04,83.29,0.15,300.0,0.158,545.0,89.28,0.31406,-0.29456,0.14743,0.00503,0.64425
231.53,SYN.ETH-28FEB20,1581245943553,open,0.32,535.0,0.289,0.338,0.313263,100.99,0.31,0.0,ETH-28FEB20-160-C,229.04,56.23,0.309,36.0,0.329,36.0,150.34,0.04753,-0.12716,0.07715,0.0017,0.95764
248.3,SYN.ETH-25SEP20,1581245943553,open,0.17,332.0,0.105,0.226,0.164462,91.78,0.162,0.0,ETH-25SEP20-360-C,229.04,90.35,0.16,378.0,0.169,428.0,93.23,0.77589,-0.15556,0.43099,0.00219,0.44127
231.53,SYN.ETH-28FEB20,1581245943553,open,0.11,1276.0,0.067,0.139,0.10357,86.17,0.099,0.0,ETH-28FEB20-220-C,229.04,81.97,0.1,227.0,0.108,180.0,91.37,0.19697,-0.44962,0.06424,0.00825,0.64006
231.53,SYN.ETH-28FEB20,1581245943555,open,0.07,223.0,0.04,0.112,0.074349,85.96,0.09,0.0,ETH-28FEB20-230-P,229.04,80.02,0.069,427.0,0.077,180.0,88.91,0.20824,-0.47417,-0.0625,0.00874,-0.44764
231.53,SYN.ETH-28FEB20,1581245943559,open,0.1,3.0,0.061,0.141,0.099803,86.95,0.115,0.0,ETH-28FEB20-240-P,229.04,79.41,0.093,381.0,0.101,180.0,88.27,0.20933,-0.48211,-0.07577,0.00868,-0.53303
248.3,SYN.ETH-25SEP20,1581245943563,open,0.69,1.0,0.673,0.707,0.689241,94.42,0.685,0.0,ETH-25SEP20-80-C,229.04,83.01,0.684,61.0,0.7,61.0,111.58,0.13183,-0.02719,0.43796,0.00036,0.97053
248.3,SYN.ETH-25SEP20,1581245943568,open,0.62,0.0,0.597,0.644,0.619677,91.98,None,0.0,ETH-25SEP20-100-C,229.04,61.81,0.601,56.0,0.635,56.0,108.02,0.21366,-0.04293,0.50902,0.0006,0.94661
229.67,SYN.ETH-14FEB20,1581245943814,open,0.14,509.0,0.104,0.163,0.13372,91.92,0.12,0.0,ETH-14FEB20-200-C,229.04,0.0,0.11,31.0,0.155,31.0,169.57,0.04227,-0.39848,0.02389,0.00653,0.91233
248.3,SYN.ETH-25SEP20,1581245943824,open,0.62,0.0,0.597,0.644,0.619677,91.98,None,0.0,ETH-25SEP20-100-C,229.04,58.65,0.6,56.0,0.635,56.0,108.02,0.21366,-0.04293,0.50902,0.0006,0.94661
242.26,ETH-26JUN20,1581245943826,open,0.46,533.0,0.427,0.493,0.459723,92.57,0.434,0.0,ETH-26JUN20-140-C,229.04,65.33,0.434,48.0,0.487,48.0,114.93,0.27252,-0.09148,0.39746,0.00133,0.89405
235.22,ETH-27MAR20,1581245943862,open,0.7,0.0,0.693,0.712,0.702522,116.12,None,0.0,ETH-27MAR20-70-C,229.05,0.0,0.697,59.0,0.709,59.0,197.85,0.00258,-0.0032,0.08959,3e-05,0.9991
242.26,ETH-26JUN20,1581245943862,open,0.04,717.0,0.017,0.065,0.037626,92.58,0.032,0.0,ETH-26JUN20-140-P,229.05,88.38,0.033,498.0,0.042,298.0,96.4,0.27254,-0.0915,-0.1314,0.00133,-0.10597
235.22,ETH-27MAR20,1581245943862,open,0.21,4025.0,0.166,0.243,0.205501,87.9,0.199,0.0,ETH-27MAR20-200-C,229.05,83.04,0.2,300.0,0.208,520.0,90.08,0.26824,-0.2515,0.16429,0.00429,0.74935
242.26,ETH-26JUN20,1581245943862,open,0.04,227.0,0.015,0.078,0.040237,97.07,0.037,0.0,ETH-26JUN20-520-C,229.05,94.89,0.037,418.0,0.044,418.0,99.51,0.36675,-0.1291,0.11238,0.0017,0.16304
235.22,ETH-27MAR20,1581245943862,open,0.02,2537.0,0.006,0.045,0.020552,94.32,0.022,0.0,ETH-27MAR20-360-C,229.05,92.32,0.019,799.0,0.022,30.0,96.13,0.18564,-0.18676,0.03543,0.00277,0.13783
235.22,ETH-27MAR20,1581245943862,open,0.01,672.0,0.001,0.016,0.005611,100.89,0.006,0.0,ETH-27MAR20-130-P,229.05,94.42,0.004,393.0,0.008,540.0,108.84,0.06408,-0.06896,-0.01206,0.00089,-0.03431
235.23,ETH-27MAR20,1581245943862,open,1.54,0.0,1.477,1.636,1.552859,112.46,None,0.0,ETH-27MAR20-600-P,229.05,0.0,0.03,50.0,0.0,0.0,0.0,0.03541,-0.04247,-0.7661,0.00044,-0.98307
235.22,ETH-27MAR20,1581245943862,open,1.71,0.0,1.642,1.81,1.722128,111.41,None,0.0,ETH-27MAR20-640-P,229.05,0.0,0.01,50.0,0.0,0.0,0.0,0.02348,-0.0279,-0.81914,0.0003,-0.98948
242.27,ETH-26JUN20,1581245943862,open,0.06,1351.0,0.03,0.092,0.057604,89.95,0.068,0.0,ETH-26JUN20-160-P,229.05,87.44,0.054,470.0,0.061,470.0,92.28,0.35062,-0.11438,-0.19204,0.00176,-0.15224
242.27,ETH-26JUN20,1581245943862,open,0.17,993.0,0.112,0.217,0.164344,89.83,0.162,0.0,ETH-26JUN20-280-C,229.05,88.46,0.161,140.0,0.168,1.0,91.32,0.59397,-0.19349,0.31224,0.00298,0.50554
242.27,ETH-26JUN20,1581245943862,open,0.05,801.0,0.02,0.091,0.050241,96.6,0.053,0.0,ETH-26JUN20-480-C,229.05,95.27,0.048,10.0,0.053,415.0,98.21,0.41225,-0.14442,0.13371,0.00192,0.19635
235.23,ETH-27MAR20,1581245943862,open,0.01,2638.0,0.003,0.032,0.012503,97.28,0.013,0.0,ETH-27MAR20-400-C,229.05,94.58,0.011,800.0,0.014,270.0,99.8,0.13545,-0.14054,0.02303,0.00196,0.08873
235.23,ETH-27MAR20,1581245943862,open,0.0,5324.0,0.001,0.011,0.001386,112.53,0.001,0.0,ETH-27MAR20-640-C,229.05,0.0,0.0,0.0,0.002,20.0,117.59,0.02498,-0.02999,0.00299,0.00031,0.0113
235.23,ETH-27MAR20,1581245943862,open,0.07,5426.0,0.032,0.102,0.065029,90.1,0.067,0.0,ETH-27MAR20-280-C,229.05,87.82,0.062,262.0,0.069,278.0,93.07,0.3131,-0.3009,0.08689,0.00489,0.35266
235.23,ETH-27MAR20,1581245943862,open,0.03,1675.0,0.013,0.058,0.031572,89.59,0.034,0.0,ETH-27MAR20-180-P,229.05,87.78,0.03,2.0,0.033,293.0,91.22,0.2052,-0.1961,-0.05791,0.00322,-0.16011
235.23,ETH-27MAR20,1581245943862,open,0.34,2800.0,0.307,0.365,0.335869,91.91,0.334,0.0,ETH-27MAR20-160-C,229.05,80.97,0.33,300.0,0.335,1.0,90.41,0.138,-0.13529,0.17315,0.00211,0.90902
235.23,ETH-27MAR20,1581245943862,open,0.54,20.0,0.519,0.551,0.534179,103.04,0.272,0.0,ETH-27MAR20-110-C,229.05,0.0,0.532,2.0,0.545,47.0,149.68,0.02718,-0.02987,0.13696,0.00037,0.98755
235.23,ETH-27MAR20,1581245943862,open,0.0,1276.0,0.001,0.011,0.000832,114.91,0.001,0.0,ETH-27MAR20-90-P,229.05,0.0,0.0,0.0,0.002,400.0,129.77,0.0134,-0.01642,-0.00193,0.00016,-0.00556
242.27,ETH-26JUN20,1581245943862,open,0.87,0.0,0.798,0.967,0.87873,95.74,None,0.0,ETH-26JUN20-440-P,229.05,0.0,0.01,50.0,0.0,0.0,0.0,0.45845,-0.15918,-1.50352,0.00216,-0.76418
235.23,ETH-27MAR20,1581245943862,open,0.01,2300.0,0.001,0.022,0.007522,99.13,0.009,0.0,ETH-27MAR20-440-C,229.05,97.82,0.007,800.0,0.008,40.0,100.28,0.09574,-0.10123,0.01478,0.00136,0.05646
242.27,ETH-26JUN20,1581245943862,open,0.08,901.0,0.05,0.129,0.086994,89.88,0.084,0.0,ETH-26JUN20-180-P,229.05,86.46,0.081,460.0,0.088,180.0,90.45,0.42649,-0.13901,-0.26979,0.00214,-0.20781
242.27,ETH-26JUN20,1581245943862,open,0.01,844.0,0.002,0.025,0.011364,97.19,0.011,0.0,ETH-26JUN20-100-P,229.05,92.22,0.009,300.0,0.014,300.0,102.17,0.12184,-0.04294,-0.04475,0.00057,-0.03754
235.23,ETH-27MAR20,1581245943862,open,0.01,3323.0,0.001,0.017,0.005281,102.98,0.004,0.0,ETH-27MAR20-480-C,229.05,102.06,0.005,300.0,0.006,10.0,105.21,0.07297,-0.08015,0.01056,0.001,0.04022
242.27,ETH-26JUN20,1581245943863,open,0.72,0.0,0.653,0.817,0.731717,95.72,None,0.0,ETH-26JUN20-400-P,229.05,0.0,0.01,50.0,0.0,0.0,0.0,0.50835,-0.17647,-1.32088,0.0024,-0.71162
235.23,ETH-27MAR20,1581245943863,open,0.0,5965.0,0.001,0.014,0.003935,106.9,0.004,0.0,ETH-27MAR20-520-C,229.05,102.73,0.003,520.0,0.005,20.0,110.92,0.05753,-0.0656,0.00791,0.00076,0.03011
242.27,ETH-26JUN20,1581245943863,open,1.49,0.0,1.416,1.605,1.504333,99.02,None,0.0,ETH-26JUN20-600-P,229.05,0.0,0.01,50.0,0.0,0.0,0.0,0.29404,-0.10558,-2.18402,0.00134,-0.88218
242.27,ETH-26JUN20,1581245943863,open,0.02,1144.0,0.008,0.041,0.020946,93.35,0.02,0.0,ETH-26JUN20-120-P,229.05,90.81,0.019,300.0,0.023,200.0,95.93,0.18957,-0.06418,-0.07897,0.00092,-0.06534
242.27,ETH-26JUN20,1581245943863,open,0.13,1046.0,0.076,0.176,0.124614,90.79,0.121,0.0,ETH-26JUN20-320-C,229.05,89.28,0.121,418.0,0.128,1.0,92.2,0.57986,-0.19091,0.26397,0.00288,0.41305
235.23,ETH-27MAR20,1581245943863,open,0.25,161.0,0.203,0.31,0.255353,90.1,1.397,0.0,ETH-27MAR20-280-P,229.05,0.0,0.003,1.0,0.278,1.0,106.77,0.3131,-0.3009,-0.2727,0.00489,-0.64734
235.23,ETH-27MAR20,1581245943863,open,1.37,0.0,1.312,1.463,1.383547,109.87,None,0.0,ETH-27MAR20-560-P,229.05,0.0,0.02,50.0,0.0,0.0,0.0,0.04496,-0.05269,-0.71329,0.00058,-0.97758
242.27,ETH-26JUN20,1581245943863,open,0.12,1045.0,0.078,0.172,0.122856,89.86,0.117,0.0,ETH-26JUN20-200-P,229.05,85.97,0.115,448.0,0.123,180.0,89.93,0.48915,-0.15941,-0.35636,0.00246,-0.26654
235.23,ETH-27MAR20,1581245943863,open,0.27,3243.0,0.232,0.3,0.266364,89.59,0.263,0.0,ETH-27MAR20-180-C,229.05,82.07,0.26,300.0,0.269,300.0,92.58,0.2052,-0.1961,0.17326,0.00322,0.83989
242.27,ETH-26JUN20,1581245943863,open,0.02,3811.0,0.007,0.053,0.023443,99.97,0.023,0.0,ETH-26JUN20-640-C,229.05,97.66,0.021,420.0,0.026,420.0,102.26,0.26392,-0.09568,0.07131,0.00119,0.10137
235.23,ETH-27MAR20,1581245943863,open,0.0,1796.0,0.001,0.011,0.001811,114.84,0.002,0.0,ETH-27MAR20-100-P,229.05,105.61,0.001,157.0,0.003,300.0,124.39,0.02475,-0.03032,-0.00392,0.0003,-0.01118
235.23,ETH-27MAR20,1581245943863,open,0.71,5.0,0.656,0.777,0.712966,97.28,2.004,0.0,ETH-27MAR20-400-P,229.05,0.0,0.046,50.0,1.228,1.0,500.0,0.13545,-0.14054,-0.49068,0.00196,-0.91127
242.27,ETH-26JUN20,1581245943863,open,0.57,1.0,0.508,0.664,0.58414,92.88,1.827,0.0,ETH-26JUN20-360-P,229.05,0.0,0.015,2.0,0.0,0.0,0.0,0.5465,-0.18407,-1.13721,0.00265,-0.6585
235.23,ETH-27MAR20,1581245943863,open,0.0,278.0,0.001,0.011,0.001806,103.04,0.004,0.0,ETH-27MAR20-110-P,229.05,94.69,0.001,566.0,0.004,396.0,117.55,0.02718,-0.02987,-0.00431,0.00037,-0.01245
235.23,ETH-27MAR20,1581245943863,open,0.46,112.0,0.432,0.475,0.45296,100.89,0.194,0.0,ETH-27MAR20-130-C,229.05,71.31,0.448,43.0,0.466,43.0,134.78,0.06408,-0.06896,0.15489,0.00089,0.96569
235.23,ETH-27MAR20,1581245943863,open,0.0,1421.0,0.001,0.013,0.003505,103.02,0.004,0.0,ETH-27MAR20-120-P,229.05,93.77,0.002,1860.0,0.006,540.0,114.14,0.04482,-0.04925,-0.00781,0.00061,-0.02234
242.27,ETH-26JUN20,1581245943863,open,0.0,1994.0,0.001,0.011,0.001824,106.32,0.004,0.0,ETH-26JUN20-60-P,229.05,97.93,0.001,258.0,0.003,301.0,114.74,0.02864,-0.01104,-0.00798,0.00012,-0.0069
242.27,ETH-26JUN20,1581245943863,open,0.26,1058.0,0.204,0.307,0.256532,89.83,0.26,0.0,ETH-26JUN20-220-C,229.05,89.59,0.256,1.0,0.257,4.0,90.04,0.53666,-0.17483,0.38195,0.00269,0.6739
242.27,ETH-26JUN20,1581245943863,open,0.16,4.0,0.113,0.22,0.164722,89.88,0.225,0.0,ETH-26JUN20-220-P,229.05,85.95,0.156,434.0,0.166,434.0,90.46,0.53664,-0.17492,-0.44916,0.00269,-0.32608
242.27,ETH-26JUN20,1581245943863,open,0.76,2.0,0.745,0.764,0.754157,106.23,0.749,0.0,ETH-26JUN20-60-C,229.05,0.0,0.752,66.0,0.761,65.0,139.45,0.02853,-0.01099,0.2187,0.00012,0.99313
235.23,ETH-27MAR20,1581245943864,open,0.62,0.0,0.606,0.631,0.618228,114.91,None,0.0,ETH-27MAR20-90-C,229.05,0.0,0.611,52.0,0.626,52.0,168.63,0.0134,-0.01642,0.11365,0.00016,0.99444
235.23,ETH-27MAR20,1581245943863,open,0.01,3318.0,0.001,0.019,0.007387,95.53,0.007,0.0,ETH-27MAR20-140-P,229.05,91.29,0.006,540.0,0.009,300.0,99.98,0.08105,-0.08259,-0.01607,0.00119,-0.0458
242.27,ETH-26JUN20,1581245943864,open,0.0,1690.0,0.001,0.014,0.004118,97.19,0.004,0.0,ETH-26JUN20-80-P,229.05,92.11,0.003,395.0,0.005,100.0,100.64,0.05844,-0.0206,-0.01808,0.00027,-0.01564
242.27,ETH-26JUN20,1581245943864,open,0.21,5.0,0.152,0.268,0.208916,88.6,0.22,0.0,ETH-26JUN20-240-P,229.05,83.96,0.198,220.0,0.222,220.0,94.17,0.56964,-0.18302,-0.54452,0.0029,-0.38608
242.27,ETH-26JUN20,1581245943864,open,0.06,960.0,0.028,0.107,0.062363,95.63,0.066,0.0,ETH-26JUN20-440-C,229.05,93.3,0.058,120.0,0.065,412.0,97.02,0.45795,-0.15882,0.15831,0.00216,0.23535
242.27,ETH-26JUN20,1581245943864,open,0.22,1034.0,0.165,0.27,0.218212,88.56,0.216,0.0,ETH-26JUN20-240-C,229.05,86.77,0.214,401.0,0.222,1.0,90.18,0.56966,-0.18296,0.3621,0.0029,0.61388
235.23,ETH-27MAR20,1581245943864,open,0.0,2556.0,0.001,0.012,0.002898,109.87,0.004,0.0,ETH-27MAR20-560-C,229.05,104.57,0.002,520.0,0.004,25.0,115.03,0.04496,-0.05269,0.0059,0.00058,0.02242
242.27,ETH-26JUN20,1581245943864,open,0.1,2496.0,0.053,0.148,0.098031,92.81,0.1,0.0,ETH-26JUN20-360-C,229.05,91.46,0.095,142.0,0.101,2.0,94.12,0.54633,-0.18387,0.22255,0.00266,0.34121
242.27,ETH-26JUN20,1581245943864,open,1.17,0.0,1.103,1.281,1.186701,97.13,None,0.0,ETH-26JUN20-520-P,229.05,0.0,0.01,50.0,0.0,0.0,0.0,0.36715,-0.12932,-1.85172,0.0017,-0.8367
235.23,ETH-27MAR20,1581245943864,open,0.0,2356.0,0.001,0.011,0.000325,114.92,0.001,0.0,ETH-27MAR20-80-P,229.05,0.0,0.0,0.0,0.002,431.0,144.56,0.00622,-0.00763,-0.00081,8e-05,-0.00236
242.27,ETH-26JUN20,1581245943864,open,0.08,3988.0,0.04,0.129,0.080479,95.63,0.08,0.0,ETH-26JUN20-400-C,229.05,93.0,0.075,30.0,0.086,287.0,98.24,0.50805,-0.1762,0.18993,0.0024,0.28801
235.23,ETH-27MAR20,1581245943864,open,0.87,0.0,0.819,0.945,0.878031,99.13,None,0.0,ETH-27MAR20-440-P,229.05,0.0,0.003,50.0,0.0,0.0,0.0,0.09574,-0.10123,-0.55029,0.00136,-0.94354
235.23,ETH-27MAR20,1581245943864,open,0.0,275.0,0.001,0.011,0.000103,114.92,0.003,0.0,ETH-27MAR20-70-P,229.05,0.0,0.0,0.0,0.002,399.0,161.42,0.00236,-0.0029,-0.00028,3e-05,-0.00082
235.23,ETH-27MAR20,1581245943864,open,0.5,158.0,0.475,0.512,0.493366,103.02,0.211,0.0,ETH-27MAR20-120-C,229.05,67.52,0.49,45.0,0.505,45.0,141.33,0.04482,-0.04925,0.1463,0.00061,0.97766
235.23,ETH-27MAR20,1581245943864,open,1.2,0.0,1.147,1.29,1.214537,106.9,None,0.0,ETH-27MAR20-520-P,229.05,0.0,0.006,50.0,0.0,0.0,0.0,0.05753,-0.0656,-0.65991,0.00076,-0.96989
235.23,ETH-27MAR20,1581245943865,open,0.12,5793.0,0.076,0.157,0.116556,87.91,0.11,0.0,ETH-27MAR20-240-C,229.05,84.72,0.112,300.0,0.119,559.0,89.63,0.33483,-0.31398,0.12713,0.00536,0.53737
242.27,ETH-26JUN20,1581245943865,open,0.35,2942.0,0.299,0.387,0.343967,89.84,0.339,0.0,ETH-26JUN20-180-C,229.05,86.44,0.338,433.0,0.346,180.0,91.0,0.42646,-0.13895,0.41022,0.00214,0.79221
242.27,ETH-26JUN20,1581245943865,open,0.4,395.0,0.358,0.435,0.397102,89.9,0.393,0.0,ETH-26JUN20-160-C,229.05,85.63,0.391,180.0,0.402,180.0,93.25,0.35051,-0.11427,0.41248,0.00176,0.84783
242.27,ETH-26JUN20,1581245943865,open,1.65,0.0,1.574,1.769,1.665233,100.07,None,0.0,ETH-26JUN20-640-P,229.05,0.0,0.01,50.0,0.0,0.0,0.0,0.26455,-0.09601,-2.34603,0.00119,-0.8983
242.27,ETH-26JUN20,1581245943864,open,0.44,0.0,0.374,0.52,0.445509,90.81,1.06,0.0,ETH-26JUN20-320-P,229.05,0.0,0.015,2.0,0.0,0.0,0.0,0.57989,-0.19097,-0.94479,0.00288,-0.58687
235.23,ETH-27MAR20,1581245943864,open,0.04,3027.0,0.014,0.068,0.036873,92.81,0.037,0.0,ETH-27MAR20-320-C,229.05,91.05,0.035,100.0,0.039,551.0,94.78,0.25214,-0.24962,0.05651,0.00382,0.22394
242.27,ETH-26JUN20,1581245943865,open,0.03,2628.0,0.008,0.059,0.027458,98.77,0.024,0.0,ETH-26JUN20-600-C,229.05,96.68,0.025,420.0,0.03,120.0,100.83,0.29247,-0.10476,0.08189,0.00134,0.11694
242.27,ETH-26JUN20,1581245943865,open,0.32,0.0,0.254,0.389,0.320156,89.86,None,0.0,ETH-26JUN20-280-P,229.05,0.0,0.011,3.0,0.0,0.0,0.0,0.59397,-0.19356,-0.74543,0.00298,-0.49439
235.23,ETH-27MAR20,1581245943865,open,1.04,0.0,0.983,1.117,1.045837,102.98,None,0.0,ETH-27MAR20-480-P,229.05,0.0,0.004,50.0,0.0,0.0,0.0,0.07297,-0.08015,-0.60589,0.001,-0.95978
242.27,ETH-26JUN20,1581245943865,open,1.33,0.0,1.259,1.443,1.345222,98.43,None,0.0,ETH-26JUN20-560-P,229.05,0.0,0.01,50.0,0.0,0.0,0.0,0.33063,-0.11802,-2.01856,0.00152,-0.86049
235.23,ETH-27MAR20,1581245943865,open,0.05,2070.0,0.028,0.09,0.055779,87.92,0.051,0.0,ETH-27MAR20-200-P,229.05,82.81,0.05,471.0,0.058,279.0,89.86,0.26824,-0.25156,-0.09257,0.00429,-0.25064
235.23,ETH-27MAR20,1581245943865,open,0.0,14286.0,0.001,0.012,0.002164,112.46,0.002,0.0,ETH-27MAR20-600-C,229.05,102.56,0.001,315.0,0.004,450.0,122.24,0.03541,-0.04247,0.00446,0.00044,0.01693
231.53,SYN.ETH-28FEB20,1581245943862,open,0.13,0.0,0.087,0.173,0.129156,88.44,0.135,0.0,ETH-28FEB20-250-P,229.05,77.84,0.12,158.0,0.14,158.0,100.77,0.20191,-0.47302,-0.08858,0.00824,-0.61068
242.27,ETH-26JUN20,1581245943865,open,0.03,1690.0,0.011,0.068,0.033473,98.23,0.037,0.0,ETH-26JUN20-560-C,229.05,96.38,0.031,130.0,0.036,420.0,100.06,0.32938,-0.11733,0.09633,0.00151,0.13874
235.23,ETH-27MAR20,1581245943865,open,0.02,5950.0,0.005,0.034,0.016055,91.91,0.023,0.0,ETH-27MAR20-160-P,229.05,88.31,0.014,300.0,0.018,300.0,95.15,0.138,-0.13529,-0.03234,0.00211,-0.09098
235.23,ETH-27MAR20,1581245943865,open,0.39,10.0,0.342,0.456,0.397244,92.81,1.59,0.0,ETH-27MAR20-320-P,229.05,0.0,0.011,5.0,0.932,1.0,500.0,0.25214,-0.24962,-0.35445,0.00382,-0.77606
231.53,SYN.ETH-28FEB20,1581245943862,open,0.02,4217.0,0.004,0.038,0.017131,91.37,0.017,0.0,ETH-28FEB20-190-P,229.05,89.17,0.016,1000.0,0.018,298.0,93.03,0.12037,-0.29132,-0.01949,0.00475,-0.14565
235.23,ETH-27MAR20,1581245943866,open,0.58,1148.0,0.563,0.592,0.576695,114.84,0.346,0.0,ETH-27MAR20-100-C,229.05,0.0,0.574,1.0,0.585,50.0,157.51,0.02475,-0.03032,0.1245,0.0003,0.98882
248.3,SYN.ETH-25SEP20,1581245943863,open,0.1,271.0,0.055,0.161,0.103764,94.52,0.103,0.0,ETH-25SEP20-480-C,229.05,92.79,0.099,387.0,0.109,287.0,96.39,0.69,-0.14247,0.31531,0.00189,0.30628
242.27,ETH-26JUN20,1581245943866,open,1.02,0.0,0.949,1.123,1.031596,96.66,None,0.0,ETH-26JUN20-480-P,229.05,0.0,0.01,50.0,0.0,0.0,0.0,0.41254,-0.1446,-1.67933,0.00193,-0.80343
235.23,ETH-27MAR20,1581245943866,open,0.54,7.0,0.495,0.612,0.550969,94.31,1.702,0.0,ETH-27MAR20-360-P,229.05,0.0,0.01,30.0,1.079,1.0,500.0,0.18565,-0.18676,-0.4269,0.00277,-0.86216
248.3,SYN.ETH-25SEP20,1581245943862,open,0.76,0.0,0.753,0.774,0.762694,96.38,0.764,0.0,ETH-25SEP20-60-C,229.05,0.0,0.758,68.0,0.77,66.0,117.45,0.06346,-0.01336,0.35008,0.00017,0.98754
230.61,SYN.ETH-21FEB20,1581245943862,open,0.05,4.0,0.017,0.077,0.04517,86.54,0.05,0.0,ETH-21FEB20-240-C,229.05,82.06,0.042,265.0,0.049,445.0,91.94,0.16334,-0.59515,0.02883,0.01091,0.42946
248.3,SYN.ETH-25SEP20,1581245943863,open,0.09,45.0,0.043,0.143,0.088405,94.52,0.093,0.0,ETH-25SEP20-520-C,229.05,91.26,0.08,361.0,0.095,295.0,97.01,0.6499,-0.1342,0.28246,0.00178,0.26982
248.3,SYN.ETH-25SEP20,1581245943862,open,0.02,243.0,0.009,0.042,0.022433,92.0,0.033,0.0,ETH-25SEP20-100-P,229.05,89.11,0.02,470.0,0.025,170.0,94.92,0.21372,-0.04296,-0.11809,0.0006,-0.05341
248.3,SYN.ETH-25SEP20,1581245943862,open,0.01,468.0,0.002,0.024,0.011446,94.45,0.021,0.0,ETH-25SEP20-80-P,229.05,91.64,0.01,170.0,0.013,270.0,97.28,0.1319,-0.02722,-0.06374,0.00036,-0.02949
231.53,SYN.ETH-28FEB20,1581245943862,open,0.0,838.0,0.001,0.011,9.1e-05,112.38,0.001,0.0,ETH-28FEB20-110-P,229.05,0.0,0.0,0.0,0.002,399.0,161.81,0.00207,-0.00616,-0.00015,7e-05,-0.00118
229.68,SYN.ETH-14FEB20,1581245943862,open,0.04,1959.0,0.011,0.069,0.038168,84.24,0.039,0.0,ETH-14FEB20-230-C,229.05,81.71,0.037,99.0,0.039,125.0,86.05,0.10584,-0.91437,0.01459,0.01783,0.51376
248.3,SYN.ETH-25SEP20,1581245943863,open,0.45,31.0,0.402,0.489,0.446235,89.94,0.362,0.0,ETH-25SEP20-160-C,229.05,84.69,0.436,120.0,0.453,120.0,93.36,0.48853,-0.09598,0.60493,0.00141,0.83476
231.53,SYN.ETH-28FEB20,1581245943863,open,0.01,2655.0,0.001,0.027,0.010407,92.43,0.012,0.0,ETH-28FEB20-180-P,229.05,88.69,0.009,560.0,0.012,643.0,96.41,0.0899,-0.22009,-0.01278,0.00351,-0.09632
230.61,SYN.ETH-21FEB20,1581245943862,open,0.06,16.0,0.028,0.096,0.059509,84.7,0.06,0.0,ETH-21FEB20-230-P,229.05,79.81,0.056,180.0,0.062,247.0,88.18,0.16522,-0.58921,-0.03918,0.01127,-0.46271
231.53,SYN.ETH-28FEB20,1581245943864,open,0.4,113.0,0.377,0.418,0.397131,112.22,0.233,0.0,ETH-28FEB20-140-C,229.05,0.0,0.385,39.0,0.41,39.0,173.97,0.02322,-0.06901,0.07004,0.00075,0.98208
248.3,SYN.ETH-25SEP20,1581245943862,open,0.2,131.0,0.147,0.266,0.205589,88.7,0.239,0.0,ETH-25SEP20-220-P,229.05,84.86,0.195,263.0,0.217,253.0,92.85,0.68397,-0.13253,-0.7877,0.00199,-0.30032
231.53,SYN.ETH-28FEB20,1581245943865,open,0.0,1891.0,0.001,0.012,0.002097,101.08,0.004,0.0,ETH-28FEB20-150-P,229.05,89.98,0.001,394.0,0.004,600.0,113.8,0.02824,-0.0756,-0.00295,0.00101,-0.02257
248.3,SYN.ETH-25SEP20,1581245943865,open,1.47,0.0,1.383,1.6,1.485662,96.33,None,0.0,ETH-25SEP20-600-P,229.05,0.0,0.001,19.0,0.0,0.0,0.0,0.5808,-0.12222,-3.52901,0.00156,-0.78091
229.68,SYN.ETH-14FEB20,1581245943862,open,0.01,446.0,0.001,0.021,0.004987,102.04,0.004,0.0,ETH-14FEB20-270-C,229.05,96.71,0.004,300.0,0.007,300.0,111.56,0.04477,-0.46844,0.00275,0.00623,0.09471
248.3,SYN.ETH-25SEP20,1581245943862,open,0.36,273.0,0.304,0.41,0.358108,89.43,0.353,0.0,ETH-25SEP20-200-C,229.05,87.03,0.352,371.0,0.365,261.0,92.14,0.63107,-0.12329,0.60274,0.00183,0.74523
230.61,SYN.ETH-21FEB20,1581245943862,open,0.12,53.0,0.079,0.147,0.113805,85.4,0.087,0.0,ETH-21FEB20-210-C,229.05,80.42,0.111,60.0,0.119,60.0,94.37,0.13127,-0.47202,0.04798,0.00888,0.75321
231.53,SYN.ETH-28FEB20,1581245943863,open,0.28,1118.0,0.246,0.299,0.272142,95.24,0.246,0.0,ETH-28FEB20-170-C,229.05,55.41,0.266,35.0,0.291,35.0,142.89,0.0647,-0.16323,0.07967,0.00245,0.93756
248.3,SYN.ETH-25SEP20,1581245943862,open,0.05,1.0,0.021,0.1,0.054177,97.26,0.057,0.0,ETH-25SEP20-680-C,229.05,92.63,0.045,297.0,0.065,297.0,102.3,0.51228,-0.10884,0.19276,0.00136,0.17798
231.53,SYN.ETH-28FEB20,1581245943862,open,0.36,676.0,0.333,0.376,0.354212,100.94,0.322,0.0,ETH-28FEB20-150-C,229.05,0.0,0.352,2.0,0.369,38.0,161.08,0.0281,-0.07513,0.07464,0.001,0.97756
231.53,SYN.ETH-28FEB20,1581245943863,open,0.0,1569.0,0.001,0.015,0.00434,101.07,0.007,0.0,ETH-28FEB20-160-P,229.05,93.9,0.003,600.0,0.006,691.0,108.46,0.04764,-0.12755,-0.00561,0.0017,-0.04248
248.3,SYN.ETH-25SEP20,1581245943862,open,1.17,0.0,1.085,1.289,1.182733,94.55,None,0.0,ETH-25SEP20-520-P,229.05,0.0,0.001,24.0,0.0,0.0,0.0,0.65009,-0.13428,-2.97813,0.00178,-0.73002
248.3,SYN.ETH-25SEP20,1581245943863,open,0.32,586.0,0.262,0.374,0.319528,88.68,0.314,0.0,ETH-25SEP20-220-C,229.05,87.04,0.315,372.0,0.324,20.0,90.31,0.68398,-0.13251,0.59187,0.00199,0.69967
231.53,SYN.ETH-28FEB20,1581245943862,open,0.66,1.0,0.644,0.664,0.654462,0.0,0.522,0.0,ETH-28FEB20-80-C,229.05,0.0,0.649,55.0,0.661,55.0,275.31,0.0,0.0,0.04137,0.0,1.0
231.53,SYN.ETH-28FEB20,1581245943862,open,0.0,404.0,0.001,0.011,2.2e-05,112.38,0.001,0.0,ETH-28FEB20-100-P,229.05,0.0,0.0,0.0,0.001,99.0,163.56,0.00062,-0.00185,-4e-05,2e-05,-0.00032
248.3,SYN.ETH-25SEP20,1581245943863,open,0.06,403.0,0.033,0.096,0.061478,89.97,0.06,0.0,ETH-25SEP20-140-P,229.05,87.16,0.057,463.0,0.065,463.0,92.14,0.40003,-0.07862,-0.28711,0.00115,-0.12292
230.61,SYN.ETH-21FEB20,1581245943862,open,0.02,3.0,0.006,0.051,0.02448,85.45,0.033,0.0,ETH-21FEB20-210-P,229.05,81.06,0.022,240.0,0.027,523.0,89.84,0.1313,-0.47241,-0.02036,0.00888,-0.24689
248.3,SYN.ETH-25SEP20,1581245943863,open,0.2,371.0,0.135,0.258,0.196802,91.13,0.192,0.0,ETH-25SEP20-320-C,229.05,89.61,0.192,102.0,0.202,274.0,92.77,0.78437,-0.15615,0.47781,0.00223,0.50368
231.53,SYN.ETH-28FEB20,1581245943864,open,0.02,1700.0,0.008,0.05,0.025033,87.87,0.025,0.0,ETH-28FEB20-200-P,229.05,84.67,0.023,240.0,0.027,789.0,90.91,0.14854,-0.34575,-0.02725,0.0061,-0.20257
248.3,SYN.ETH-25SEP20,1581245943863,open,0.09,223.0,0.054,0.133,0.090644,89.95,0.105,0.0,ETH-25SEP20-160-P,229.05,84.49,0.08,285.0,0.098,285.0,93.67,0.48855,-0.096,-0.39842,0.0014,-0.16525
248.3,SYN.ETH-25SEP20,1581245943863,open,0.07,136.0,0.03,0.12,0.06913,96.28,0.072,0.0,ETH-25SEP20-600-C,229.05,93.62,0.063,294.0,0.072,10.0,97.5,0.58049,-0.1221,0.23317,0.00156,0.21889
231.53,SYN.ETH-28FEB20,1581245943865,open,0.0,930.0,0.001,0.011,0.000293,112.38,0.001,0.0,ETH-28FEB20-120-P,229.05,0.0,0.0,0.0,0.002,300.0,144.64,0.0055,-0.01636,-0.00045,0.00018,-0.00347
231.53,SYN.ETH-28FEB20,1581245943862,open,0.48,101.0,0.466,0.498,0.481985,111.81,0.397,0.0,ETH-28FEB20-120-C,229.05,0.0,0.473,43.0,0.493,43.0,202.77,0.00531,-0.01573,0.06162,0.00017,0.99666
231.53,SYN.ETH-28FEB20,1581245943863,open,0.57,21.0,0.555,0.581,0.568099,107.01,0.267,0.0,ETH-28FEB20-100-C,229.05,0.0,0.561,48.0,0.576,48.0,231.35,0.00036,-0.00101,0.05169,1e-05,0.99982
248.3,SYN.ETH-25SEP20,1581245943864,open,0.12,1055.0,0.08,0.174,0.125282,89.95,0.13,0.0,ETH-25SEP20-180-P,229.05,84.55,0.113,275.0,0.133,275.0,93.33,0.56605,-0.11123,-0.52143,0.00163,-0.20961
248.3,SYN.ETH-25SEP20,1581245943863,open,0.06,1659.0,0.025,0.108,0.059961,96.29,0.064,0.0,ETH-25SEP20-640-C,229.05,93.5,0.054,372.0,0.065,10.0,98.56,0.54168,-0.11394,0.20986,0.00146,0.19475
248.3,SYN.ETH-25SEP20,1581245943864,open,0.61,0.0,0.529,0.703,0.614381,91.8,None,0.0,ETH-25SEP20-360-P,229.05,0.0,0.001,26.0,0.0,0.0,0.0,0.77591,-0.1556,-1.8264,0.00219,-0.55866
248.3,SYN.ETH-25SEP20,1581245943863,open,0.0,813.0,0.001,0.014,0.004347,96.42,0.004,0.0,ETH-25SEP20-60-P,229.05,90.57,0.003,470.0,0.006,301.0,102.29,0.06354,-0.01338,-0.0262,0.00017,-0.01248
248.3,SYN.ETH-25SEP20,1581245943863,open,0.14,480.0,0.083,0.199,0.138812,92.44,0.138,0.0,ETH-25SEP20-400-C,229.05,91.18,0.135,281.0,0.143,10.0,93.82,0.7531,-0.15209,0.38748,0.00211,0.38768
248.3,SYN.ETH-25SEP20,1581245943863,open,0.08,563.0,0.037,0.133,0.080035,96.28,0.078,0.0,ETH-25SEP20-560-C,229.05,92.18,0.07,292.0,0.09,292.0,100.2,0.62017,-0.13045,0.25922,0.00167,0.24652
230.61,SYN.ETH-21FEB20,1581245943862,open,0.08,2.0,0.049,0.126,0.085941,86.59,0.11,0.0,ETH-21FEB20-240-P,229.05,79.59,0.081,180.0,0.089,371.0,90.9,0.16335,-0.5955,-0.04925,0.0109,-0.57047
231.53,SYN.ETH-28FEB20,1581245943863,open,0.0,1339.0,0.001,0.011,1e-06,112.38,0.002,0.0,ETH-28FEB20-80-P,229.05,0.0,0.0,0.0,0.001,10.0,203.9,2e-05,-6e-05,0.0,0.0,-1e-05
248.3,SYN.ETH-25SEP20,1581245943866,open,0.36,0.0,0.29,0.439,0.36361,89.86,None,0.0,ETH-25SEP20-280-P,229.05,82.61,0.341,147.0,0.375,147.0,93.54,0.77082,-0.15132,-1.22918,0.00222,-0.42585
248.3,SYN.ETH-25SEP20,1581245943866,open,0.74,0.0,0.66,0.844,0.749834,92.46,None,0.0,ETH-25SEP20-400-P,229.05,0.0,0.001,28.0,0.0,0.0,0.0,0.75316,-0.15213,-2.12071,0.00211,-0.61223
231.53,SYN.ETH-28FEB20,1581245943863,open,0.05,1340.0,0.025,0.088,0.053801,86.2,0.051,0.0,ETH-28FEB20-220-P,229.05,80.55,0.049,504.0,0.056,504.0,88.79,0.19697,-0.44977,-0.04954,0.00824,-0.35996
248.3,SYN.ETH-25SEP20,1581245943863,open,0.29,299.0,0.221,0.335,0.279622,86.18,0.278,0.0,ETH-25SEP20-240-C,229.05,87.33,0.283,374.0,0.294,20.0,91.11,0.72667,-0.13681,0.57996,0.00218,0.65211
248.3,SYN.ETH-25SEP20,1581245943867,open,0.25,126.0,0.184,0.311,0.246234,86.19,0.249,0.0,ETH-25SEP20-240-P,229.05,84.75,0.242,222.0,0.25,100.0,87.48,0.72666,-0.13683,-0.92501,0.00218,-0.34787
231.53,SYN.ETH-28FEB20,1581245943862,open,0.0,1678.0,0.001,0.011,0.001823,112.38,0.002,0.0,ETH-28FEB20-140-P,229.05,102.62,0.001,260.0,0.003,300.0,122.32,0.02334,-0.06948,-0.00238,0.00075,-0.01803
231.53,SYN.ETH-28FEB20,1581245943862,open,0.0,901.0,0.001,0.011,0.000786,112.38,0.001,0.0,ETH-28FEB20-130-P,229.05,0.0,0.0,0.0,0.002,300.0,128.81,0.01219,-0.03628,-0.00111,0.00039,-0.00851
231.53,SYN.ETH-28FEB20,1581245943865,open,0.2,1767.0,0.164,0.228,0.196477,91.33,0.192,0.0,ETH-28FEB20-190-C,229.05,0.0,0.179,36.0,0.219,35.0,129.29,0.12032,-0.29108,0.07878,0.00475,0.85444
248.3,SYN.ETH-25SEP20,1581245943864,open,1.03,0.0,0.941,1.14,1.03699,94.55,None,0.0,ETH-25SEP20-480-P,229.05,0.0,0.001,29.0,0.0,0.0,0.0,0.69013,-0.14254,-2.69448,0.00189,-0.69359
248.3,SYN.ETH-25SEP20,1581245943863,open,1.62,0.0,1.533,1.755,1.637596,96.34,None,0.0,ETH-25SEP20-640-P,229.05,0.0,0.001,37.0,0.0,0.0,0.0,0.54206,-0.11408,-3.80312,0.00146,-0.80503
248.3,SYN.ETH-25SEP20,1581245943863,open,0.16,254.0,0.112,0.219,0.163619,89.44,0.175,0.0,ETH-25SEP20-200-P,229.05,85.27,0.153,264.0,0.173,264.0,93.14,0.63107,-0.12331,-0.65142,0.00183,-0.25477
231.53,SYN.ETH-28FEB20,1581245943865,open,0.61,20.0,0.6,0.622,0.611273,0.0,0.328,0.0,ETH-28FEB20-90-C,229.05,0.0,0.605,51.0,0.619,51.0,255.86,0.0,0.0,0.04654,0.0,1.0
231.53,SYN.ETH-28FEB20,1581245943862,open,0.01,646.0,0.001,0.019,0.006412,95.3,0.008,0.0,ETH-28FEB20-170-P,229.05,89.95,0.005,860.0,0.008,348.0,100.68,0.0648,-0.16358,-0.00826,0.00245,-0.06255
