underlying_price,underlying_index,timestamp,state,settlement_price,open_interest,min_price,max_price,mark_price,mark_iv,last_price,interest_rate,instrument_name,index_price,bid_iv,best_bid_price,best_bid_amount,best_ask_price,best_ask_amount,ask_iv,vega,theta,rho,gamma,delta
264.67,SYN.ETH-21FEB20,1581591539809,open,0.01,112.0,0.002,0.037,0.013639,106.07,0.021,0.0,ETH-21FEB20-310-C,262.62,101.64,0.012,899.0,0.015,292.0,109.62,0.10003,-0.67361,0.00919,0.00624,0.17448
266.44,SYN.ETH-28FEB20,1581591539811,open,0.05,315.0,0.016,0.074,0.042085,93.54,0.059,0.0,ETH-28FEB20-290-C,262.62,89.45,0.039,240.0,0.045,1188.0,97.38,0.20153,-0.63364,0.03469,0.00745,0.36155
266.44,SYN.ETH-28FEB20,1581591539811,open,0.11,3785.0,0.067,0.137,0.102609,86.38,0.124,0.0,ETH-28FEB20-250-C,262.62,82.78,0.1,210.0,0.109,30.0,95.12,0.19372,-0.56242,0.0621,0.00775,0.67449
273.43,ETH-27MAR20,1581591539812,open,0.0,672.0,0.001,0.012,0.002513,111.25,0.006,0.0,ETH-27MAR20-130-P,262.62,107.27,0.002,305.0,0.003,566.0,114.58,0.03781,-0.04905,-0.00599,0.00039,-0.01615
266.44,SYN.ETH-28FEB20,1581591539813,open,0.11,3785.0,0.067,0.137,0.102609,86.38,0.124,0.0,ETH-28FEB20-250-C,262.62,82.78,0.1,210.0,0.11,210.0,96.48,0.19372,-0.56242,0.0621,0.00775,0.67449
266.44,SYN.ETH-28FEB20,1581591539814,open,0.0,636.0,0.001,0.011,0.001868,115.09,0.002,0.0,ETH-28FEB20-170-P,262.62,104.52,0.001,650.0,0.003,990.0,124.98,0.02624,-0.1015,-0.00239,0.00079,-0.02018
10535.81,BTC-27MAR20,1581591539915,open,0.16,123.6,0.1485,0.222,0.18241016,66.97,0.1805,0.0,BTC-27MAR20-12000-P,10164.32,54.46,0.1675,3.4,0.185,7.0,69.06,13.00612,-10.158,-10.60417,0.00015,-0.67441
10888.12,BTC-26JUN20,1581591539915,open,0.55,0.0,0.534,0.563,0.54657185,76.18,None,0.0,BTC-26JUN20-5000-C,10164.32,47.84,0.541,11.0,0.5575,11.0,97.05,4.18489,-1.19069,17.0062,1e-05,0.97241
10535.81,BTC-27MAR20,1581591539915,open,0.23,83.7,0.1875,0.237,0.210718,64.62,0.219,0.0,BTC-27MAR20-8500-C,10164.32,59.55,0.207,5.0,0.2145,5.0,69.42,8.03785,-6.05681,8.03543,0.0001,0.85998
10535.35,BTC-27MAR20,1581591539916,open,0.41,0.0,0.4015,0.478,0.4362303,75.98,None,0.0,BTC-27MAR20-15000-P,10164.32,0.0,0.381,4.0,0.4565,1.0,100.95,6.79026,-6.01689,-16.41277,7e-05,-0.88999
10233.14,SYN.BTC-21FEB20,1581591539914,open,0.19,0.0,0.153,0.189,0.17030788,66.02,None,0.0,BTC-21FEB20-8500-C,10164.32,50.49,0.1695,4.0,0.186,4.0,134.11,0.87509,-3.66786,1.77704,6e-05,0.97512
10233.14,SYN.BTC-21FEB20,1581591539914,open,0.07,0.6,0.0615,0.1165,0.08715877,63.67,0.062,0.0,BTC-21FEB20-11000-P,10164.32,0.0,0.0745,4.0,0.0875,4.0,64.42,4.60776,-18.6249,-1.88392,0.00032,-0.76606
10233.14,SYN.BTC-21FEB20,1581591539914,open,0.0,82.6,0.0005,0.0105,0.0005326,68.72,0.0005,0.0,BTC-21FEB20-8250-P,10164.32,68.1,0.0005,15.0,0.001,30.0,75.7,0.55148,-2.40584,-0.0331,4e-05,-0.01446
10172.44,SYN.BTC-14FEB20,1581591539915,open,0.11,122.1,0.0725,0.11,0.090812,83.37,0.095,0.0,BTC-14FEB20-9250-C,10164.32,0.0,0.0795,4.0,0.105,5.7,247.83,0.1262,-5.2607,0.21959,6e-05,0.99057
10172.44,SYN.BTC-14FEB20,1581591539915,open,0.04,39.0,0.0365,0.0825,0.0578271,74.25,0.0485,0.0,BTC-14FEB20-10750-P,10164.32,0.0,0.0195,5.6,0.126,2.8,473.54,0.64514,-23.95188,-0.24187,0.00035,-0.93322
262.91,SYN.ETH-14FEB20,1581591539935,open,0.14,1355.0,0.099,0.153,0.125665,134.71,0.165,0.0,ETH-14FEB20-230-C,262.62,0.0,0.104,10.0,0.147,10.0,364.02,0.00616,-0.41472,0.00539,0.00276,0.98029
264.67,SYN.ETH-21FEB20,1581591539963,open,0.01,112.0,0.002,0.037,0.013639,106.07,0.021,0.0,ETH-21FEB20-310-C,262.62,101.64,0.012,899.0,0.016,1182.0,112.15,0.10003,-0.67361,0.00919,0.00624,0.17448
266.44,SYN.ETH-28FEB20,1581591539983,open,0.03,3030.0,0.007,0.056,0.027558,98.59,0.024,0.0,ETH-28FEB20-310-C,262.62,94.59,0.025,280.0,0.03,972.0,102.33,0.17244,-0.57144,0.02461,0.00605,0.25421
273.41,ETH-27MAR20,1581591539985,open,0.03,2756.0,0.007,0.049,0.023241,94.87,0.025,0.0,ETH-27MAR20-400-C,262.62,92.09,0.021,1147.0,0.026,1313.0,98.15,0.22501,-0.24894,0.0429,0.0027,0.15681
273.41,ETH-27MAR20,1581591539987,open,0.03,2756.0,0.007,0.049,0.023241,94.87,0.025,0.0,ETH-27MAR20-400-C,262.62,92.09,0.021,1147.0,0.026,1265.0,98.15,0.22501,-0.24894,0.0429,0.0027,0.15681
10535.35,BTC-27MAR20,1581591540037,open,0.1,202.8,0.083,0.1505,0.11362691,64.44,0.1125,0.0,BTC-27MAR20-11000-P,10164.32,62.88,0.1115,14.7,0.114,3.0,64.71,14.35324,-10.78629,-8.01307,0.00017,-0.53386
273.43,ETH-27MAR20,1581591540133,open,0.04,3204.0,0.015,0.069,0.038048,92.11,0.046,0.0,ETH-27MAR20-360-C,262.62,89.2,0.035,943.0,0.041,482.0,94.87,0.28987,-0.31137,0.06416,0.00358,0.23779
273.41,ETH-27MAR20,1581591540135,open,0.03,2756.0,0.007,0.049,0.023241,94.87,0.025,0.0,ETH-27MAR20-400-C,262.62,92.09,0.021,1110.0,0.026,1265.0,98.15,0.22501,-0.24894,0.0429,0.0027,0.15681
273.41,ETH-27MAR20,1581591540137,open,0.02,2204.0,0.004,0.036,0.0148,97.82,0.011,0.0,ETH-27MAR20-440-C,262.62,94.85,0.013,1457.0,0.017,590.0,101.23,0.17083,-0.19487,0.02909,0.00199,0.10537
273.41,ETH-27MAR20,1581591540139,open,0.0,5667.0,0.001,0.012,0.002845,112.78,0.006,0.0,ETH-27MAR20-640-C,262.62,107.6,0.002,969.0,0.004,685.0,118.42,0.04989,-0.06561,0.00627,0.0005,0.02237
284.01,ETH-26JUN20,1581591540203,open,0.48,395.0,0.437,0.499,0.467584,90.87,0.393,0.0,ETH-26JUN20-160-C,262.62,70.9,0.45,28.0,0.493,28.0,113.56,0.28795,-0.09772,0.45693,0.00107,0.90623
10293.84,SYN.BTC-28FEB20,1581591380424,open,0.0,1170.5,0.0005,0.0135,0.00357949,64.0,0.004,0.0,BTC-28FEB20-8500-P,10164.32,61.52,0.003,54.0,0.004,30.0,65.68,2.50722,-5.39358,-0.27086,9e-05,-0.06098
266.44,SYN.ETH-28FEB20,1581591403315,open,0.0,3072.0,0.001,0.015,0.004012,104.04,0.002,0.0,ETH-28FEB20-190-P,262.62,98.14,0.003,1290.0,0.005,370.0,109.07,0.04933,-0.17251,-0.00513,0.00164,-0.0432
262.91,SYN.ETH-14FEB20,1581591540407,open,0.04,922.0,0.001,0.054,0.024391,94.32,0.037,0.0,ETH-14FEB20-260-C,262.62,102.82,0.026,1.0,0.029,315.0,118.6,0.04961,-2.33969,0.00366,0.03172,0.60414
262.91,SYN.ETH-14FEB20,1581591540411,open,0.06,105.0,0.035,0.107,0.069057,116.91,0.065,0.0,ETH-14FEB20-280-P,262.62,0.0,0.065,60.0,0.071,458.0,133.28,0.02895,-1.69223,-0.00585,0.01493,-0.85794
264.67,SYN.ETH-21FEB20,1581591540416,open,0.01,1014.0,0.001,0.029,0.009833,92.34,0.012,0.0,ETH-21FEB20-230-P,262.62,89.69,0.009,613.0,0.01,300.0,92.86,0.08442,-0.4949,-0.00827,0.00605,-0.13501
264.67,SYN.ETH-21FEB20,1581591540418,open,0.05,351.0,0.03,0.103,0.065019,91.92,0.067,0.0,ETH-21FEB20-270-P,262.62,83.32,0.06,680.0,0.066,830.0,93.6,0.15461,-0.90223,-0.03409,0.01113,-0.5319
264.67,SYN.ETH-21FEB20,1581591540421,open,0.08,265.0,0.052,0.132,0.090595,94.67,0.062,0.0,ETH-21FEB20-280-P,262.62,80.78,0.083,180.0,0.091,650.0,95.41,0.14663,-0.8813,-0.04123,0.01025,-0.63128
264.67,SYN.ETH-21FEB20,1581591540422,open,0.01,112.0,0.002,0.037,0.013639,106.07,0.021,0.0,ETH-21FEB20-310-C,262.62,101.64,0.012,930.0,0.016,1182.0,112.15,0.10003,-0.67361,0.00919,0.00624,0.17448
264.67,SYN.ETH-21FEB20,1581591540424,open,0.01,112.0,0.002,0.037,0.013639,106.07,0.021,0.0,ETH-21FEB20-310-C,262.62,101.64,0.012,930.0,0.015,553.0,109.62,0.10003,-0.67361,0.00919,0.00624,0.17448
264.67,SYN.ETH-21FEB20,1581591540426,open,0.01,1001.0,0.001,0.028,0.008462,115.0,0.008,0.0,ETH-21FEB20-330-C,262.62,109.52,0.007,908.0,0.01,650.0,120.33,0.07357,-0.53716,0.00585,0.00423,0.11098
288.96,SYN.ETH-25SEP20,1581591540437,open,0.01,413.0,0.005,0.029,0.014447,94.83,0.015,0.0,ETH-25SEP20-100-P,262.62,92.45,0.013,218.0,0.016,411.0,97.27,0.17981,-0.03791,-0.09001,0.00037,-0.03611
10293.84,SYN.BTC-28FEB20,1581591540438,open,0.05,157.7,0.0365,0.09,0.06060494,61.45,0.053,0.0,BTC-28FEB20-10500-P,10164.32,51.94,0.053,6.0,0.0565,23.6,56.32,8.25091,-17.04205,-2.51535,0.00031,-0.53896
288.96,SYN.ETH-25SEP20,1581591540439,open,0.03,483.0,0.01,0.044,0.023795,91.63,0.02,0.0,ETH-25SEP20-120-P,262.62,89.6,0.022,279.0,0.025,170.0,92.96,0.2591,-0.05279,-0.14363,0.00055,-0.05689
10293.84,SYN.BTC-28FEB20,1581591540441,open,0.05,157.7,0.0365,0.09,0.06060494,61.45,0.053,0.0,BTC-28FEB20-10500-P,10164.32,52.57,0.0535,17.7,0.0565,23.6,56.32,8.25091,-17.04205,-2.51535,0.00031,-0.53896
288.96,SYN.ETH-25SEP20,1581591540441,open,0.04,403.0,0.018,0.066,0.038864,91.14,0.031,0.0,ETH-25SEP20-140-P,262.62,87.93,0.035,250.0,0.04,170.0,92.07,0.3537,-0.07168,-0.22095,0.00075,-0.08525
288.96,SYN.ETH-25SEP20,1581591540443,open,0.06,223.0,0.031,0.092,0.058324,90.83,0.105,0.0,ETH-25SEP20-160-P,262.62,87.36,0.053,215.0,0.059,733.0,91.27,0.44808,-0.0905,-0.31372,0.00096,-0.1179
288.96,SYN.ETH-25SEP20,1581591540445,open,0.09,1065.0,0.047,0.122,0.081887,90.51,0.079,0.0,ETH-25SEP20-180-P,262.62,86.24,0.074,252.0,0.081,289.0,90.04,0.53704,-0.10808,-0.41909,0.00115,-0.15352
288.96,SYN.ETH-25SEP20,1581591540447,open,0.18,434.0,0.122,0.234,0.176618,90.14,0.169,0.0,ETH-25SEP20-240-P,262.62,85.27,0.164,234.0,0.172,265.0,88.36,0.7484,-0.14999,-0.79314,0.00161,-0.2689
284.01,ETH-26JUN20,1581591540449,open,0.06,347.0,0.024,0.097,0.05553,94.05,0.059,0.0,ETH-26JUN20-520-C,262.64,92.05,0.052,291.0,0.059,140.0,95.97,0.50739,-0.17823,0.16984,0.00182,0.21857
273.41,ETH-27MAR20,1581591540449,open,0.75,0.0,0.735,0.754,0.744101,137.15,None,0.0,ETH-27MAR20-70-C,262.64,0.0,0.738,38.0,0.748,38.0,211.16,0.00276,-0.00441,0.08191,2e-05,0.99914
273.41,ETH-27MAR20,1581591540449,open,0.01,3408.0,0.001,0.028,0.010305,101.81,0.009,0.0,ETH-27MAR20-480-C,262.64,99.02,0.009,478.0,0.012,790.0,105.16,0.13285,-0.15773,0.02083,0.00149,0.07515
273.41,ETH-27MAR20,1581591540449,open,0.0,275.0,0.001,0.011,4.2e-05,124.97,0.003,0.0,ETH-27MAR20-70-P,262.64,0.0,0.0,0.0,0.001,650.0,171.56,0.00117,-0.00171,-0.00012,1e-05,-0.00034
284.01,ETH-26JUN20,1581591540449,open,0.6,308.0,0.57,0.61,0.589227,97.08,0.577,0.0,ETH-26JUN20-120-C,262.64,0.0,0.576,31.0,0.606,31.0,123.24,0.14601,-0.05294,0.387,0.00051,0.96073
273.41,ETH-27MAR20,1581591540449,open,0.01,2294.0,0.003,0.029,0.012632,95.62,0.01,0.0,ETH-27MAR20-180-P,262.64,94.3,0.012,10.0,0.014,1280.0,98.37,0.13267,-0.14794,-0.02815,0.00158,-0.07502
284.01,ETH-26JUN20,1581591540449,open,0.06,732.0,0.037,0.105,0.068158,88.59,0.075,0.0,ETH-26JUN20-200-P,262.64,85.3,0.063,899.0,0.072,200.0,91.01,0.44863,-0.14843,-0.25672,0.00171,-0.17829
273.41,ETH-27MAR20,1581591540449,open,0.61,20.0,0.586,0.614,0.599273,124.89,0.272,0.0,ETH-27MAR20-110-C,262.64,0.0,0.597,2.0,0.606,30.0,166.82,0.02412,-0.03513,0.12561,0.00022,0.99039
273.41,ETH-27MAR20,1581591540449,open,0.01,1782.0,0.001,0.017,0.004973,107.05,0.006,0.0,ETH-27MAR20-560-C,262.64,103.41,0.004,286.0,0.006,712.0,110.45,0.07797,-0.09734,0.01071,0.00083,0.03831
273.41,ETH-27MAR20,1581591540449,open,0.68,0.0,0.661,0.681,0.671292,128.67,None,0.0,ETH-27MAR20-90-C,262.64,0.0,0.666,34.0,0.677,34.0,188.31,0.00876,-0.01314,0.10458,8e-05,0.99693
273.41,ETH-27MAR20,1581591540449,open,0.46,5.0,0.432,0.545,0.485763,94.28,2.004,0.0,ETH-27MAR20-400-P,262.64,0.0,0.046,50.0,0.995,1.0,500.0,0.22313,-0.24533,-0.42745,0.0027,-0.84517
273.41,ETH-27MAR20,1581591540449,open,0.0,1277.0,0.001,0.011,0.000359,124.96,0.001,0.0,ETH-27MAR20-90-P,262.64,0.0,0.0,0.0,0.001,650.0,141.12,0.00724,-0.01055,-0.00091,7e-05,-0.00249
284.01,ETH-26JUN20,1581591540449,open,0.28,0.0,0.23,0.36,0.293639,88.58,1.06,0.0,ETH-26JUN20-320-P,262.64,82.93,0.28,180.0,0.316,180.0,97.86,0.68548,-0.22678,-0.80769,0.00262,-0.48172
284.01,ETH-26JUN20,1581591540450,open,0.0,1844.0,0.001,0.011,0.00048,101.1,0.001,0.0,ETH-26JUN20-60-P,262.64,0.0,0.0,0.0,0.001,1.0,110.43,0.01198,-0.00452,-0.00281,4e-05,-0.00222
284.01,ETH-26JUN20,1581591540450,open,0.66,1.0,0.64,0.67,0.654061,100.54,0.38,0.0,ETH-26JUN20-100-C,262.64,0.0,0.644,34.0,0.663,34.0,122.42,0.08942,-0.03358,0.3377,0.0003,0.97825
273.43,ETH-27MAR20,1581591540450,open,0.3,3392.0,0.258,0.321,0.290135,90.49,0.305,0.0,ETH-27MAR20-200-C,262.64,55.68,0.272,348.0,0.298,325.0,101.22,0.19002,-0.20051,0.18871,0.00239,0.87767
284.01,ETH-26JUN20,1581591540450,open,0.0,2429.0,0.001,0.012,0.00219,101.0,0.003,0.0,ETH-26JUN20-80-P,262.64,90.52,0.001,708.0,0.004,950.0,111.35,0.04068,-0.01535,-0.01137,0.00014,-0.00872
262.91,SYN.ETH-14FEB20,1581591540449,open,0.48,1.0,0.452,0.483,0.467784,500.0,0.27,0.0,ETH-14FEB20-140-C,262.64,0.0,0.458,14.0,0.475,14.0,500.0,0.00136,-0.33953,0.00333,0.00016,0.99649
284.01,ETH-26JUN20,1581591540450,open,0.07,801.0,0.032,0.113,0.06796,93.14,0.075,0.0,ETH-26JUN20-480-C,262.64,91.1,0.064,288.0,0.072,140.0,95.19,0.55616,-0.19348,0.1984,0.00202,0.25842
284.03,ETH-26JUN20,1581591540450,open,0.73,0.0,0.681,0.841,0.757387,92.86,None,0.0,ETH-26JUN20-480-P,262.64,0.0,0.01,50.0,0.0,0.0,0.0,0.55493,-0.19246,-1.56277,0.00202,-0.74272
284.01,ETH-26JUN20,1581591540450,open,0.61,0.0,0.557,0.713,0.632598,91.9,None,0.0,ETH-26JUN20-440-P,262.64,0.0,0.01,50.0,0.0,0.0,0.0,0.60305,-0.20699,-1.38229,0.00222,-0.69436
273.43,ETH-27MAR20,1581591540451,open,0.22,12.0,0.182,0.286,0.232907,88.43,0.21,0.0,ETH-27MAR20-320-P,262.64,0.0,0.15,5.0,0.748,1.0,500.0,0.34947,-0.36039,-0.28144,0.0045,-0.64333
262.91,SYN.ETH-14FEB20,1581591540449,open,0.0,466.0,0.001,0.011,0.0003,121.75,0.001,0.0,ETH-14FEB20-300-C,262.64,0.0,0.0,0.0,0.002,219.0,167.59,0.00474,-0.07884,9e-05,0.00235,0.01451
284.01,ETH-26JUN20,1581591540450,open,0.01,1001.0,0.002,0.025,0.011583,96.76,0.013,0.0,ETH-26JUN20-120-P,262.64,93.55,0.01,301.0,0.013,721.0,99.46,0.14501,-0.05241,-0.05263,0.00051,-0.03894
262.91,SYN.ETH-14FEB20,1581591540449,open,0.0,574.0,0.001,0.011,0.0,94.04,0.001,0.0,ETH-14FEB20-130-P,262.64,0.0,0.0,0.0,0.001,651.0,500.0,0.0,0.0,0.0,0.0,0.0
273.43,ETH-27MAR20,1581591540451,open,0.0,1856.0,0.001,0.011,0.000807,124.97,0.001,0.0,ETH-27MAR20-100-P,262.64,128.46,0.001,210.0,0.002,650.0,141.6,0.01402,-0.02043,-0.00193,0.00013,-0.00519
284.03,ETH-26JUN20,1581591540451,open,0.38,1.0,0.33,0.472,0.399391,90.07,1.827,0.0,ETH-26JUN20-360-P,262.64,0.0,0.015,2.0,0.0,0.0,0.0,0.67732,-0.22784,-1.00391,0.00254,-0.56427
284.03,ETH-26JUN20,1581591540451,open,0.42,2723.0,0.377,0.449,0.413404,89.5,0.425,0.0,ETH-26JUN20-180-C,262.64,68.86,0.389,28.0,0.444,28.0,111.63,0.3696,-0.12355,0.47258,0.0014,0.86704
273.43,ETH-27MAR20,1581591540451,open,0.0,598.0,0.001,0.011,0.001467,123.35,0.001,0.0,ETH-27MAR20-110-P,262.64,117.03,0.001,90.0,0.002,650.0,129.11,0.0228,-0.0328,-0.00337,0.00021,-0.00901
284.03,ETH-26JUN20,1581591540451,open,0.04,2628.0,0.014,0.075,0.038629,96.11,0.043,0.0,ETH-26JUN20-600-C,262.64,94.3,0.036,330.0,0.042,120.0,98.35,0.41879,-0.15032,0.1266,0.00147,0.16015
284.03,ETH-26JUN20,1581591540451,open,0.49,0.0,0.44,0.59,0.513169,91.21,None,0.0,ETH-26JUN20-400-P,262.64,0.0,0.01,50.0,0.0,0.0,0.0,0.64691,-0.22038,-1.19553,0.0024,-0.63442
262.91,SYN.ETH-14FEB20,1581591540449,open,0.51,39.0,0.491,0.519,0.505799,500.0,0.318,0.0,ETH-14FEB20-130-C,262.64,0.0,0.497,15.0,0.513,15.0,500.0,0.00057,-0.14347,0.00311,7e-05,0.99864
273.43,ETH-27MAR20,1581591540452,open,0.0,2324.0,0.001,0.011,0.000137,124.97,0.001,0.0,ETH-27MAR20-80-P,262.64,0.0,0.0,0.0,0.001,650.0,155.35,0.00322,-0.0047,-0.00037,3e-05,-0.00102
273.43,ETH-27MAR20,1581591540452,open,0.0,1411.0,0.001,0.011,0.001852,116.36,0.002,0.0,ETH-27MAR20-120-P,262.64,106.61,0.001,813.0,0.003,680.0,125.65,0.02879,-0.03907,-0.00438,0.00028,-0.01177
284.03,ETH-26JUN20,1581591540453,open,0.33,959.0,0.274,0.364,0.32008,88.29,0.335,0.0,ETH-26JUN20-220-C,262.64,70.37,0.288,28.0,0.345,33.0,101.78,0.51991,-0.17144,0.47068,0.00199,0.77189
273.43,ETH-27MAR20,1581591540453,open,0.0,14020.0,0.001,0.014,0.003864,110.64,0.007,0.0,ETH-27MAR20-600-C,262.64,106.61,0.003,936.0,0.005,330.0,115.14,0.06352,-0.08195,0.00835,0.00065,0.02986
284.03,ETH-26JUN20,1581591540453,open,0.86,0.0,0.808,0.972,0.886036,93.89,None,0.0,ETH-26JUN20-520-P,262.64,0.0,0.01,50.0,0.0,0.0,0.0,0.50653,-0.17761,-1.73781,0.00182,-0.78209
262.91,SYN.ETH-14FEB20,1581591540449,open,0.0,2070.0,0.001,0.011,0.0,93.84,0.001,0.0,ETH-14FEB20-160-P,262.64,0.0,0.0,0.0,0.001,651.0,471.01,0.0,0.0,0.0,0.0,0.0
288.96,SYN.ETH-25SEP20,1581591540449,open,0.43,270.0,0.37,0.464,0.417819,90.47,0.384,0.0,ETH-25SEP20-200-C,262.64,85.39,0.407,120.0,0.435,120.0,98.46,0.618,-0.12431,0.69593,0.00133,0.80873
264.67,SYN.ETH-21FEB20,1581591540449,open,0.0,23.0,0.001,0.011,0.00022,117.2,0.001,0.0,ETH-21FEB20-170-P,262.64,0.0,0.0,0.0,0.001,650.0,141.76,0.00454,-0.03377,-0.00024,0.00026,-0.00393
273.43,ETH-27MAR20,1581591540454,open,0.19,4940.0,0.142,0.219,0.181638,86.0,0.171,0.0,ETH-27MAR20-240-C,262.64,80.19,0.175,300.0,0.188,325.0,91.51,0.31418,-0.31511,0.17367,0.00416,0.72233
266.44,SYN.ETH-28FEB20,1581591540449,open,0.01,1147.0,0.001,0.026,0.009145,96.2,0.008,0.0,ETH-28FEB20-210-P,262.64,92.69,0.008,93.0,0.01,640.0,98.7,0.08946,-0.28928,-0.01109,0.00321,-0.09296
264.67,SYN.ETH-21FEB20,1581591540449,open,0.2,0.0,0.177,0.265,0.219064,108.61,None,0.0,ETH-21FEB20-320-P,262.64,0.0,0.0,0.0,0.0,0.0,0.0,0.08377,-0.5776,-0.062,0.0051,-0.8665
266.44,SYN.ETH-28FEB20,1581591540450,open,0.14,1914.0,0.092,0.161,0.127563,87.08,0.112,0.0,ETH-28FEB20-240-C,262.64,50.71,0.107,42.0,0.144,42.0,111.87,0.17002,-0.49762,0.06786,0.00675,0.75249
273.43,ETH-27MAR20,1581591540454,open,0.74,0.0,0.708,0.83,0.765333,100.86,None,0.0,ETH-27MAR20-480-P,262.64,0.0,0.004,50.0,0.0,0.0,0.0,0.12972,-0.15258,-0.54362,0.00146,-0.92717
266.44,SYN.ETH-28FEB20,1581591540449,open,0.2,1410.0,0.156,0.219,0.187423,91.82,0.213,0.0,ETH-28FEB20-220-C,262.64,0.0,0.166,41.0,0.21,41.0,136.18,0.11386,-0.35139,0.07411,0.00429,0.86988
266.44,SYN.ETH-28FEB20,1581591540449,open,0.0,1679.0,0.001,0.011,0.000144,115.35,0.001,0.0,ETH-28FEB20-140-P,262.64,0.0,0.0,0.0,0.001,650.0,144.35,0.0034,-0.01316,-0.00023,0.0001,-0.00199
288.96,SYN.ETH-25SEP20,1581591540449,open,0.56,17.0,0.524,0.586,0.554624,91.35,0.49,0.0,ETH-25SEP20-140-C,262.64,79.47,0.541,32.0,0.577,32.0,108.39,0.35444,-0.07199,0.64071,0.00075,0.91452
288.96,SYN.ETH-25SEP20,1581591540450,open,0.89,0.0,0.823,1.017,0.917351,94.95,None,0.0,ETH-25SEP20-520-P,262.64,0.0,0.0,0.0,0.0,0.0,0.0,0.82994,-0.17522,-2.81022,0.0017,-0.66118
284.03,ETH-26JUN20,1581591540455,open,0.53,528.0,0.502,0.552,0.526348,93.04,0.546,0.0,ETH-26JUN20-140-C,262.64,61.68,0.51,30.0,0.548,30.0,117.98,0.21054,-0.07316,0.42873,0.00076,0.93788
262.91,SYN.ETH-14FEB20,1581591540449,open,0.0,1665.0,0.001,0.015,0.001313,121.81,0.001,0.0,ETH-14FEB20-290-C,262.64,115.48,0.001,1019.0,0.004,885.0,158.39,0.01397,-0.34508,0.00033,0.00692,0.05328
262.91,SYN.ETH-14FEB20,1581591540449,open,0.0,2213.0,0.001,0.011,0.0,93.43,0.001,0.0,ETH-14FEB20-200-P,262.64,0.0,0.0,0.0,0.001,650.0,278.71,0.0,0.0,0.0,0.0,0.0
266.44,SYN.ETH-28FEB20,1581591540449,open,0.15,1.0,0.115,0.205,0.159114,94.9,0.133,0.0,ETH-28FEB20-300-P,262.64,0.0,0.0,0.0,0.0,0.0,0.0,0.18711,-0.59682,-0.09325,0.00681,-0.69969
262.91,SYN.ETH-14FEB20,1581591540449,open,0.36,10.0,0.334,0.372,0.353738,364.83,0.375,0.0,ETH-14FEB20-170-C,262.64,0.0,0.342,12.0,0.363,12.0,500.0,0.0021,-0.38248,0.00404,0.00035,0.99429
264.67,SYN.ETH-21FEB20,1581591540449,open,0.37,0.0,0.338,0.379,0.358269,131.22,None,0.0,ETH-21FEB20-170-C,262.64,0.0,0.347,22.0,0.368,22.0,221.36,0.00885,-0.07373,0.03617,0.00045,0.99165
266.44,SYN.ETH-28FEB20,1581591540451,open,0.0,1867.0,0.001,0.011,0.000894,115.2,0.002,0.0,ETH-28FEB20-160-P,262.64,0.0,0.0,0.0,0.002,707.0,130.05,0.01492,-0.05778,-0.00123,0.00045,-0.01047
288.96,SYN.ETH-25SEP20,1581591540449,open,0.66,0.0,0.589,0.769,0.677,93.6,None,0.0,ETH-25SEP20-440-P,262.64,0.0,0.0,0.0,0.0,0.0,0.0,0.88602,-0.18438,-2.23999,0.00184,-0.58123
262.91,SYN.ETH-14FEB20,1581591540449,open,0.0,1494.0,0.001,0.011,0.0,93.3,0.001,0.0,ETH-14FEB20-210-P,262.64,0.0,0.0,0.0,0.001,650.0,235.36,0.0,0.0,0.0,0.0,0.0
262.91,SYN.ETH-14FEB20,1581591540449,open,0.0,1010.0,0.001,0.011,2e-05,92.95,0.001,0.0,ETH-14FEB20-230-P,262.64,0.0,0.0,0.0,0.001,650.0,151.92,0.00064,-0.00532,-1e-05,0.00042,-0.00154
262.91,SYN.ETH-14FEB20,1581591540449,open,0.09,0.0,0.071,0.14,0.10376,108.86,None,0.0,ETH-14FEB20-290-P,262.64,0.0,0.003,10.0,0.0,0.0,0.0,0.00994,-0.54101,-0.00674,0.00551,-0.96505
266.44,SYN.ETH-28FEB20,1581591540451,open,0.0,2926.0,0.001,0.012,0.002946,110.87,0.002,0.0,ETH-28FEB20-180-P,262.64,103.44,0.002,950.0,0.004,1030.0,117.67,0.03776,-0.14073,-0.0037,0.00118,-0.03116
262.91,SYN.ETH-14FEB20,1581591540449,open,0.0,1171.0,0.001,0.011,0.00036,92.69,0.001,0.0,ETH-14FEB20-240-P,262.64,0.0,0.0,0.0,0.002,540.0,128.82,0.00653,-0.09469,-0.00014,0.00425,-0.02113
264.67,SYN.ETH-21FEB20,1581591540449,open,0.33,6.0,0.299,0.343,0.3209,125.1,0.205,0.0,ETH-21FEB20-180-C,262.64,0.0,0.309,21.0,0.331,21.0,202.05,0.0141,-0.11199,0.03797,0.00075,0.98573
266.44,SYN.ETH-28FEB20,1581591540451,open,0.3,1764.0,0.266,0.317,0.291292,106.11,0.315,0.0,ETH-28FEB20-190-C,262.64,0.0,0.276,41.0,0.305,41.0,153.45,0.05185,-0.18493,0.07197,0.00169,0.95405
288.96,SYN.ETH-25SEP20,1581591540450,open,0.78,0.0,0.704,0.892,0.795901,94.42,None,0.0,ETH-25SEP20-480-P,262.64,0.0,0.0,0.0,0.0,0.0,0.0,0.86126,-0.18082,-2.52658,0.00177,-0.62331
264.67,SYN.ETH-21FEB20,1581591540449,open,0.15,208.0,0.109,0.173,0.141311,93.81,0.177,0.0,ETH-21FEB20-230-C,262.64,0.0,0.115,20.0,0.169,20.0,162.25,0.08582,-0.51114,0.04114,0.00605,0.86168
264.67,SYN.ETH-21FEB20,1581591540449,open,0.0,225.0,0.001,0.011,0.001483,116.93,0.002,0.0,ETH-21FEB20-190-P,262.64,109.85,0.001,651.0,0.002,588.0,123.05,0.02033,-0.15095,-0.00134,0.00115,-0.02191
288.96,SYN.ETH-25SEP20,1581591540450,open,0.36,181.0,0.291,0.399,0.346493,90.31,0.34,0.0,ETH-25SEP20-240-C,262.64,85.49,0.334,120.0,0.36,120.0,95.53,0.74832,-0.15026,0.68481,0.00161,0.73116
264.67,SYN.ETH-21FEB20,1581591540449,open,0.0,227.0,0.001,0.011,0.001897,105.66,0.001,0.0,ETH-21FEB20-200-P,262.64,94.9,0.001,951.0,0.003,840.0,115.31,0.02635,-0.17679,-0.00181,0.00165,-0.02987
266.44,SYN.ETH-28FEB20,1581591540449,open,0.0,838.0,0.001,0.011,3e-06,115.56,0.001,0.0,ETH-28FEB20-110-P,262.64,0.0,0.0,0.0,0.001,650.0,193.42,0.0001,-0.0004,-1e-05,0.0,-5e-05
264.67,SYN.ETH-21FEB20,1581591540449,open,0.17,0.0,0.142,0.23,0.184256,104.38,None,0.0,ETH-21FEB20-310-P,262.64,0.0,0.0,0.0,0.0,0.0,0.0,0.09837,-0.65183,-0.05793,0.00623,-0.83004
288.96,SYN.ETH-25SEP20,1581591540452,open,0.39,505.0,0.328,0.43,0.380382,90.38,0.336,0.0,ETH-25SEP20-220-C,262.64,85.6,0.369,120.0,0.394,120.0,96.09,0.6886,-0.13838,0.69373,0.00148,0.77006
264.67,SYN.ETH-21FEB20,1581591540449,open,0.11,0.0,0.078,0.162,0.119388,97.45,None,0.0,ETH-21FEB20-290-P,262.64,0.0,0.052,5.0,0.203,25.0,246.33,0.13209,-0.81719,-0.04763,0.00897,-0.71458
264.67,SYN.ETH-21FEB20,1581591540449,open,0.01,53.0,0.001,0.025,0.006811,119.31,0.007,0.0,ETH-21FEB20-340-C,262.64,115.8,0.006,300.0,0.008,650.0,124.1,0.06308,-0.47778,0.00474,0.0035,0.08989
288.96,SYN.ETH-25SEP20,1581591540450,open,0.62,0.0,0.585,0.634,0.608732,91.88,0.359,0.0,ETH-25SEP20-120-C,262.64,81.28,0.6,33.0,0.629,33.0,111.86,0.26005,-0.05312,0.59482,0.00055,0.94285
266.44,SYN.ETH-28FEB20,1581591540449,open,0.45,672.0,0.42,0.456,0.437709,124.0,0.439,0.0,ETH-28FEB20-150-C,262.64,0.0,0.428,24.0,0.447,24.0,198.01,0.01148,-0.04784,0.06022,0.00032,0.99224
264.67,SYN.ETH-21FEB20,1581591540449,open,0.0,357.0,0.001,0.011,0.000613,117.08,0.001,0.0,ETH-21FEB20-180-P,262.64,0.0,0.0,0.0,0.002,708.0,140.08,0.01033,-0.07678,-0.0006,0.00058,-0.00996
262.91,SYN.ETH-14FEB20,1581591540449,open,0.4,2.0,0.373,0.409,0.391753,407.87,0.36,0.0,ETH-14FEB20-160-C,262.64,0.0,0.381,13.0,0.4,13.0,500.0,0.00181,-0.37006,0.00381,0.00027,0.99514
262.91,SYN.ETH-14FEB20,1581591540449,open,0.33,77.0,0.295,0.335,0.315722,323.49,0.189,0.0,ETH-14FEB20-180-C,262.64,0.0,0.304,12.0,0.326,12.0,500.0,0.00243,-0.39311,0.00427,0.00045,0.99325
266.44,SYN.ETH-28FEB20,1581591540452,open,0.0,2180.0,0.001,0.011,0.000383,115.28,0.001,0.0,ETH-28FEB20-150-P,262.64,0.0,0.0,0.0,0.002,748.0,144.5,0.0076,-0.02943,-0.00057,0.00023,-0.00487
266.44,SYN.ETH-28FEB20,1581591540449,open,0.7,1.0,0.69,0.709,0.699907,211.62,0.522,0.0,ETH-28FEB20-80-C,262.64,0.0,0.695,35.0,0.705,35.0,334.05,0.00218,-0.0155,0.03245,4e-05,0.99878
266.44,SYN.ETH-28FEB20,1581591540451,open,0.17,925.0,0.122,0.188,0.155791,88.36,0.15,0.0,ETH-28FEB20-230-C,262.64,0.0,0.133,41.0,0.18,41.0,129.36,0.14137,-0.41985,0.07207,0.00553,0.81954
266.44,SYN.ETH-28FEB20,1581591540450,open,0.0,3072.0,0.001,0.015,0.004012,104.04,0.002,0.0,ETH-28FEB20-190-P,262.64,98.14,0.003,1290.0,0.005,370.0,109.07,0.04933,-0.17251,-0.00513,0.00164,-0.0432
266.44,SYN.ETH-28FEB20,1581591540449,open,0.52,38.0,0.497,0.527,0.512395,138.51,0.537,0.0,ETH-28FEB20-130-C,262.64,0.0,0.505,27.0,0.52,27.0,227.09,0.00551,-0.02567,0.05258,0.00014,0.9966
266.44,SYN.ETH-28FEB20,1581591540452,open,0.67,20.0,0.652,0.672,0.662395,193.85,0.328,0.0,ETH-28FEB20-90-C,262.64,0.0,0.657,33.0,0.668,33.0,308.95,0.00262,-0.01704,0.0365,5e-05,0.99851
264.67,SYN.ETH-21FEB20,1581591540449,open,0.27,0.0,0.249,0.338,0.290714,116.31,None,0.0,ETH-21FEB20-340-P,262.64,0.0,0.0,0.0,0.0,0.0,0.0,0.05981,-0.44162,-0.06893,0.0034,-0.91629
262.91,SYN.ETH-14FEB20,1581591540449,open,0.16,0.0,0.145,0.215,0.178534,0.0,None,0.0,ETH-14FEB20-310-P,262.64,0.0,0.0,0.0,0.0,0.0,0.0,0.0,0.0,-0.00744,0.0,-1.0
288.96,SYN.ETH-25SEP20,1581591540454,open,1.02,0.0,0.946,1.145,1.041797,95.55,None,0.0,ETH-25SEP20-560-P,262.64,0.0,0.0,0.0,0.0,0.0,0.0,0.79565,-0.16904,-3.09015,0.00162,-0.69398
262.91,SYN.ETH-14FEB20,1581591540449,open,0.0,1344.0,0.001,0.011,0.0,93.75,0.001,0.0,ETH-14FEB20-170-P,262.64,0.0,0.0,0.0,0.001,651.0,419.42,0.0,0.0,0.0,0.0,0.0
262.91,SYN.ETH-14FEB20,1581591540449,open,0.0,664.0,0.001,0.011,0.0,93.66,0.001,0.0,ETH-14FEB20-180-P,262.64,0.0,0.0,0.0,0.001,684.0,370.41,0.0,0.0,0.0,0.0,0.0
262.91,SYN.ETH-14FEB20,1581591540449,open,0.12,0.0,0.108,0.176,0.140763,0.0,None,0.0,ETH-14FEB20-300-P,262.64,0.0,0.0,0.0,0.0,0.0,0.0,0.0,0.0,-0.0072,0.0,-1.0
262.91,SYN.ETH-14FEB20,1581591540449,open,0.0,803.0,0.001,0.011,0.0,93.14,0.002,0.0,ETH-14FEB20-220-P,262.64,0.0,0.0,0.0,0.001,650.0,193.22,2e-05,-0.00012,0.0,1e-05,-4e-05
266.44,SYN.ETH-28FEB20,1581591540450,open,0.37,1113.0,0.343,0.386,0.36417,118.48,0.333,0.0,ETH-28FEB20-170-C,262.64,0.0,0.352,22.0,0.374,22.0,169.77,0.02914,-0.11605,0.06656,0.00085,0.97716
262.91,SYN.ETH-14FEB20,1581591540449,open,0.25,458.0,0.216,0.261,0.239691,244.94,0.241,0.0,ETH-14FEB20-200-C,262.64,0.0,0.226,11.0,0.251,11.0,472.64,0.00333,-0.40757,0.00473,0.00082,0.99035
288.96,SYN.ETH-25SEP20,1581591540451,open,0.52,211.0,0.468,0.542,0.504907,91.02,0.49,0.0,ETH-25SEP20-160-C,262.64,79.68,0.488,31.0,0.53,31.0,106.58,0.44861,-0.09079,0.67116,0.00096,0.88191
266.44,SYN.ETH-28FEB20,1581591540450,open,0.63,21.0,0.614,0.635,0.624884,177.72,0.267,0.0,ETH-28FEB20-100-C,262.64,0.0,0.619,31.0,0.631,31.0,286.1,0.0031,-0.01853,0.04054,6e-05,0.9982
266.44,SYN.ETH-28FEB20,1581591540451,open,0.0,830.0,0.001,0.011,0.0,115.63,0.001,0.0,ETH-28FEB20-90-P,262.64,0.0,0.0,0.0,0.001,650.0,234.31,0.0,-1e-05,0.0,0.0,0.0
264.67,SYN.ETH-21FEB20,1581591540449,open,0.24,0.0,0.213,0.302,0.254603,112.53,None,0.0,ETH-21FEB20-330-P,262.64,0.0,0.0,0.0,0.0,0.0,0.0,0.07084,-0.50606,-0.06564,0.00416,-0.8947
262.91,SYN.ETH-14FEB20,1581591540449,open,0.0,38.0,0.001,0.011,0.0,93.98,0.001,0.0,ETH-14FEB20-140-P,262.64,0.0,0.0,0.0,0.001,651.0,500.0,0.0,0.0,0.0,0.0,0.0
288.96,SYN.ETH-25SEP20,1581591540450,open,0.47,176.0,0.417,0.501,0.459293,90.69,0.397,0.0,ETH-25SEP20-180-C,262.64,86.74,0.452,120.0,0.474,120.0,98.51,0.53737,-0.10836,0.68904,0.00115,0.84634
266.44,SYN.ETH-28FEB20,1581591540451,open,0.59,46.0,0.575,0.599,0.587375,163.0,0.428,0.0,ETH-28FEB20-110-C,262.64,0.0,0.581,30.0,0.594,30.0,265.06,0.00367,-0.02009,0.04457,8e-05,0.99783
266.44,SYN.ETH-28FEB20,1581591540449,open,0.18,1.0,0.145,0.238,0.190419,97.6,0.162,0.0,ETH-28FEB20-310-P,262.64,0.0,0.0,0.0,0.0,0.0,0.0,0.17144,-0.56239,-0.10196,0.00607,-0.74859
266.44,SYN.ETH-28FEB20,1581591540453,open,0.0,930.0,0.001,0.011,1.2e-05,115.5,0.001,0.0,ETH-28FEB20-120-P,262.64,0.0,0.0,0.0,0.001,650.0,175.73,0.00041,-0.0016,-2e-05,1e-05,-0.0002
266.44,SYN.ETH-28FEB20,1581591540449,open,0.12,1.0,0.088,0.174,0.129922,92.75,0.103,0.0,ETH-28FEB20-290-P,262.64,0.0,0.0,0.0,0.0,0.0,0.0,0.20119,-0.62723,-0.08362,0.0075,-0.64019
264.67,SYN.ETH-21FEB20,1581591540449,open,0.0,741.0,0.001,0.011,6.7e-05,117.3,0.001,0.0,ETH-21FEB20-160-P,262.64,0.0,0.0,0.0,0.001,651.0,158.95,0.00169,-0.01256,-8e-05,0.0001,-0.00132
264.67,SYN.ETH-21FEB20,1581591540449,open,0.14,0.0,0.109,0.195,0.150958,100.94,None,0.0,ETH-21FEB20-300-P,262.64,0.0,0.0,0.0,0.235,25.0,256.93,0.11524,-0.73844,-0.05314,0.00755,-0.7796
266.44,SYN.ETH-28FEB20,1581591540451,open,0.56,101.0,0.536,0.563,0.549873,149.79,0.397,0.0,ETH-28FEB20-120-C,262.64,0.0,0.543,28.0,0.557,28.0,245.48,0.00439,-0.0221,0.04859,0.0001,0.99736
266.44,SYN.ETH-28FEB20,1581591540449,open,0.0,404.0,0.001,0.011,0.0,115.6,0.001,0.0,ETH-28FEB20-100-P,262.64,0.0,0.0,0.0,0.001,650.0,212.82,2e-05,-8e-05,0.0,0.0,-1e-05
266.44,SYN.ETH-28FEB20,1581591540449,open,0.0,901.0,0.001,0.011,4.7e-05,115.43,0.001,0.0,ETH-28FEB20-130-P,262.64,0.0,0.0,0.0,0.001,650.0,159.45,0.0013,-0.00504,-8e-05,4e-05,-0.0007
288.96,SYN.ETH-25SEP20,1581591540449,open,0.8,0.0,0.786,0.806,0.795978,104.07,0.764,0.0,ETH-25SEP20-60-C,262.64,81.55,0.793,42.0,0.805,42.0,133.43,0.05955,-0.01378,0.34571,0.00011,0.99017
266.44,SYN.ETH-28FEB20,1581591540450,open,0.0,1339.0,0.001,0.011,0.0,115.64,0.002,0.0,ETH-28FEB20-80-P,262.64,0.0,0.0,0.0,0.001,690.0,258.42,0.0,0.0,0.0,0.0,0.0
288.96,SYN.ETH-25SEP20,1581591540461,open,0.26,1.0,0.192,0.323,0.256736,90.06,0.282,0.0,ETH-25SEP20-280-P,262.64,85.33,0.243,212.0,0.252,238.0,88.43,0.83593,-0.1674,-1.0718,0.0018,-0.34531
266.44,SYN.ETH-28FEB20,1581591540453,open,0.01,1610.0,0.003,0.032,0.012678,90.75,0.009,0.0,ETH-28FEB20-220-P,262.64,86.67,0.011,990.0,0.014,640.0,93.82,0.11243,-0.34295,-0.01525,0.00428,-0.12778
288.96,SYN.ETH-25SEP20,1581591540450,open,0.44,0.0,0.374,0.535,0.453135,91.92,None,0.0,ETH-25SEP20-360-P,262.64,0.0,0.0,0.0,0.0,0.0,0.0,0.90342,-0.18463,-1.65705,0.00191,-0.47765
264.67,SYN.ETH-21FEB20,1581591540449,open,0.41,0.0,0.377,0.415,0.395878,140.88,None,0.0,ETH-21FEB20-160-C,262.64,0.0,0.386,23.0,0.405,23.0,241.04,0.00623,-0.05571,0.03418,0.00029,0.99439
288.96,SYN.ETH-25SEP20,1581591540454,open,0.55,0.0,0.479,0.652,0.564067,93.31,None,0.0,ETH-25SEP20-400-P,262.64,0.0,0.0,0.0,0.0,0.0,0.0,0.9021,-0.18715,-1.94955,0.00188,-0.53102
262.91,SYN.ETH-14FEB20,1581591540449,open,0.0,30.0,0.001,0.011,0.0,93.91,0.001,0.0,ETH-14FEB20-150-P,262.64,0.0,0.0,0.0,0.001,651.0,500.0,0.0,0.0,0.0,0.0,0.0
262.91,SYN.ETH-14FEB20,1581591540449,open,0.0,2004.0,0.001,0.011,0.0,93.55,0.001,0.0,ETH-14FEB20-190-P,262.64,0.0,0.0,0.0,0.001,650.0,323.62,0.0,0.0,0.0,0.0,0.0
262.91,SYN.ETH-14FEB20,1581591540449,open,0.44,1.0,0.412,0.446,0.429768,452.89,0.332,0.0,ETH-14FEB20-150-C,262.64,0.0,0.42,14.0,0.438,14.0,500.0,0.00157,-0.35607,0.00357,0.00021,0.99586
288.96,SYN.ETH-25SEP20,1581591540453,open,0.34,0.0,0.28,0.428,0.352969,91.78,None,0.0,ETH-25SEP20-320-P,262.64,78.48,0.312,176.0,0.344,176.0,88.85,0.88348,-0.18029,-1.36451,0.00187,-0.41349
288.96,SYN.ETH-25SEP20,1581591540493,open,0.11,563.0,0.055,0.162,0.104838,95.93,0.099,0.0,ETH-25SEP20-560-C,262.64,94.17,0.1,489.0,0.11,386.0,97.79,0.79762,-0.17013,0.36124,0.00162,0.30775
264.67,SYN.ETH-21FEB20,1581591540496,open,0.08,265.0,0.052,0.132,0.090595,94.67,0.062,0.0,ETH-21FEB20-280-P,262.64,80.78,0.083,205.0,0.091,650.0,95.41,0.14663,-0.8813,-0.04123,0.01025,-0.63128
288.96,SYN.ETH-25SEP20,1581591540497,open,0.1,166.0,0.046,0.148,0.092313,96.25,0.089,0.0,ETH-25SEP20-600-C,262.64,94.99,0.089,200.0,0.096,3.0,97.65,0.76059,-0.16277,0.33024,0.00154,0.27781
288.96,SYN.ETH-25SEP20,1581591540499,open,0.09,1701.0,0.039,0.136,0.082335,96.84,0.075,0.0,ETH-25SEP20-640-C,262.64,95.5,0.079,202.0,0.086,3.0,98.29,0.72479,-0.15606,0.30323,0.00145,0.25266
266.44,SYN.ETH-28FEB20,1581591540499,open,0.05,315.0,0.016,0.074,0.042085,93.54,0.059,0.0,ETH-28FEB20-290-C,262.64,89.45,0.039,270.0,0.045,1188.0,97.38,0.20153,-0.63364,0.03469,0.00745,0.36155
288.96,SYN.ETH-25SEP20,1581591540502,open,0.08,2.0,0.034,0.127,0.074658,97.76,0.057,0.0,ETH-25SEP20-680-C,262.64,96.22,0.071,224.0,0.078,4.0,99.14,0.69234,-0.15048,0.28043,0.00138,0.23218
266.44,SYN.ETH-28FEB20,1581591540502,open,0.09,35.0,0.047,0.116,0.081313,86.28,0.089,0.0,ETH-28FEB20-260-C,262.64,83.33,0.079,860.0,0.088,210.0,94.79,0.2091,-0.60638,0.05524,0.00838,0.58998
288.96,SYN.ETH-25SEP20,1581591540504,open,0.07,12.0,0.03,0.119,0.068253,98.73,0.057,0.0,ETH-25SEP20-720-C,262.64,97.29,0.065,196.0,0.072,393.0,100.35,0.66195,-0.14531,0.26049,0.0013,0.21457
288.96,SYN.ETH-25SEP20,1581591540506,open,0.06,0.0,0.026,0.113,0.063226,99.9,None,0.0,ETH-25SEP20-760-C,262.64,97.95,0.059,195.0,0.068,187.0,102.04,0.63519,-0.14109,0.24369,0.00124,0.20011
288.96,SYN.ETH-25SEP20,1581591540509,open,0.01,721.0,0.001,0.017,0.00701,96.57,0.008,0.0,ETH-25SEP20-80-P,262.64,93.69,0.006,655.0,0.008,170.0,99.19,0.10549,-0.02265,-0.04644,0.00021,-0.01908
288.96,SYN.ETH-25SEP20,1581591540511,open,0.06,0.0,0.023,0.106,0.057682,100.47,None,0.0,ETH-25SEP20-800-C,262.64,98.19,0.053,245.0,0.062,186.0,102.5,0.60513,-0.13518,0.22641,0.00117,0.18486
266.44,SYN.ETH-28FEB20,1581591540516,open,0.02,290.0,0.008,0.055,0.027842,86.3,0.033,0.0,ETH-28FEB20-240-P,262.64,81.79,0.025,930.0,0.03,280.0,89.67,0.16949,-0.49162,-0.02974,0.00679,-0.24607
273.43,ETH-27MAR20,1581591540517,open,0.19,4940.0,0.142,0.219,0.181638,86.0,0.171,0.0,ETH-27MAR20-240-C,262.64,80.19,0.175,325.0,0.188,325.0,91.51,0.31418,-0.31511,0.17367,0.00416,0.72233
284.01,ETH-26JUN20,1581591540525,open,0.04,1038.0,0.023,0.078,0.046939,89.34,0.053,0.0,ETH-26JUN20-180-P,262.64,86.28,0.043,880.0,0.051,692.0,92.43,0.36919,-0.12319,-0.1872,0.0014,-0.13277
284.01,ETH-26JUN20,1581591540527,open,0.06,732.0,0.037,0.105,0.068158,88.59,0.075,0.0,ETH-26JUN20-200-P,262.64,85.3,0.063,926.0,0.072,200.0,91.01,0.44863,-0.14843,-0.25672,0.00171,-0.17829
10293.84,SYN.BTC-28FEB20,1581591540542,open,0.05,157.7,0.0365,0.09,0.06060494,61.45,0.053,0.0,BTC-28FEB20-10500-P,10164.32,53.2,0.054,6.0,0.0565,23.6,56.32,8.25091,-17.04205,-2.51535,0.00031,-0.53896
10293.84,SYN.BTC-28FEB20,1581591540554,open,0.11,395.7,0.072,0.122,0.09591363,61.78,0.105,0.0,BTC-28FEB20-9500-C,10164.32,57.88,0.0935,5.0,0.1035,22.2,73.47,6.46231,-13.41834,2.78546,0.00024,0.75986
10233.14,SYN.BTC-21FEB20,1581591540555,open,0.05,1.2,0.043,0.097,0.06792948,62.23,0.056,0.0,BTC-21FEB20-10750-P,10164.32,38.16,0.0565,21.9,0.0665,9.8,59.46,5.30978,-20.9792,-1.67154,0.00038,-0.6891
10233.14,SYN.BTC-21FEB20,1581591540556,open,0.0,155.0,0.0005,0.0145,0.00294845,77.06,0.003,0.0,BTC-21FEB20-12250-C,10164.32,74.47,0.0025,11.6,0.0035,80.4,79.97,1.85272,-9.06378,0.13188,0.00011,0.06268
10535.35,BTC-27MAR20,1581591540558,open,0.08,676.8,0.044,0.101,0.06969047,64.56,0.0685,0.0,BTC-27MAR20-11000-C,10164.32,63.32,0.068,6.6,0.0705,15.7,65.16,14.35395,-10.8074,4.90916,0.00017,0.46637
10233.14,SYN.BTC-21FEB20,1581591540559,open,0.05,1.2,0.043,0.097,0.06792948,62.23,0.056,0.0,BTC-21FEB20-10750-P,10164.32,38.16,0.0565,21.9,0.067,17.1,60.44,5.30978,-20.9792,-1.67154,0.00038,-0.6891
10535.35,BTC-27MAR20,1581591540560,open,0.03,774.7,0.0115,0.0535,0.02780112,69.97,0.0285,0.0,BTC-27MAR20-13000-C,10164.32,68.69,0.0265,50.6,0.029,38.2,71.13,10.81919,-8.82815,2.43585,0.00012,0.22463
10888.12,BTC-26JUN20,1581591540561,open,0.03,1163.4,0.0115,0.061,0.0288851,77.64,0.031,0.0,BTC-26JUN20-20000-C,10164.32,76.63,0.0275,25.1,0.03,20.9,78.44,15.03108,-4.3587,4.63803,4e-05,0.14502
10233.14,SYN.BTC-21FEB20,1581591540562,open,0.05,1.2,0.043,0.097,0.06792948,62.23,0.056,0.0,BTC-21FEB20-10750-P,10164.32,38.16,0.0565,21.9,0.067,5.0,60.44,5.30978,-20.9792,-1.67154,0.00038,-0.6891
10293.84,SYN.BTC-28FEB20,1581591540566,open,0.11,395.7,0.072,0.122,0.09591363,61.78,0.105,0.0,BTC-28FEB20-9500-C,10164.32,57.88,0.0935,17.2,0.1035,22.2,73.47,6.46231,-13.41834,2.78546,0.00024,0.75986
10888.12,BTC-26JUN20,1581591540567,open,0.03,1163.4,0.0115,0.061,0.0288851,77.64,0.031,0.0,BTC-26JUN20-20000-C,10164.32,76.63,0.0275,25.1,0.03,6.0,78.44,15.03108,-4.3587,4.63803,4e-05,0.14502
10233.14,SYN.BTC-21FEB20,1581591540569,open,0.05,1.2,0.043,0.097,0.06792948,62.23,0.056,0.0,BTC-21FEB20-10750-P,10164.32,38.16,0.0565,21.9,0.0665,12.1,59.46,5.30978,-20.9792,-1.67154,0.00038,-0.6891
10535.03,BTC-27MAR20,1581591540644,open,2.34,0.0,2.35,2.4865,2.41667398,0.0,None,0.0,BTC-27MAR20-36000-P,10164.32,0.0,0.0005,1.0,0.0,0.0,0.0,0.0,0.0,-42.28836,0.0,-1.0
10233.14,SYN.BTC-21FEB20,1581591540740,open,0.05,1.2,0.043,0.097,0.06792948,62.23,0.056,0.0,BTC-21FEB20-10750-P,10164.32,38.16,0.0565,21.9,0.067,17.1,60.44,5.30978,-20.9792,-1.67154,0.00038,-0.6891
264.67,SYN.ETH-21FEB20,1581591540749,open,0.15,208.0,0.109,0.173,0.141311,93.81,0.177,0.0,ETH-21FEB20-230-C,262.64,0.0,0.115,20.0,0.168,20.0,160.05,0.08582,-0.51114,0.04114,0.00605,0.86168
262.91,SYN.ETH-14FEB20,1581591540750,open,0.06,105.0,0.035,0.107,0.069057,116.91,0.065,0.0,ETH-14FEB20-280-P,262.64,0.0,0.065,60.0,0.072,650.0,140.98,0.02895,-1.69223,-0.00585,0.01493,-0.85794
264.67,SYN.ETH-21FEB20,1581591540755,open,0.05,351.0,0.03,0.103,0.065019,91.92,0.067,0.0,ETH-21FEB20-270-P,262.64,83.32,0.06,680.0,0.066,180.0,93.6,0.15461,-0.90223,-0.03409,0.01113,-0.5319
264.67,SYN.ETH-21FEB20,1581591540757,open,0.08,265.0,0.052,0.132,0.090595,94.67,0.062,0.0,ETH-21FEB20-280-P,262.64,80.78,0.083,205.0,0.092,830.0,97.21,0.14663,-0.8813,-0.04123,0.01025,-0.63128
264.67,SYN.ETH-21FEB20,1581591540761,open,0.01,112.0,0.002,0.037,0.013639,106.07,0.021,0.0,ETH-21FEB20-310-C,262.64,101.64,0.012,930.0,0.016,890.0,112.15,0.10003,-0.67361,0.00919,0.00624,0.17448
264.67,SYN.ETH-21FEB20,1581591540763,open,0.01,112.0,0.002,0.037,0.013639,106.07,0.021,0.0,ETH-21FEB20-310-C,262.64,101.64,0.012,930.0,0.016,1182.0,112.15,0.10003,-0.67361,0.00919,0.00624,0.17448
10535.03,BTC-27MAR20,1581591540800,open,2.71,1.4,2.7225,2.874,2.79624144,0.0,3.051,0.0,BTC-27MAR20-40000-P,10164.32,0.0,0.0005,1.0,0.0,0.0,0.0,0.0,0.0,-46.98706,0.0,-1.0
284.03,ETH-26JUN20,1581591540814,open,0.09,34.0,0.056,0.138,0.094401,88.16,0.086,0.0,ETH-26JUN20-220-P,262.64,84.65,0.088,926.0,0.099,940.0,90.67,0.51979,-0.17114,-0.33588,0.00199,-0.22801
284.03,ETH-26JUN20,1581591540815,open,0.12,208.0,0.081,0.175,0.126016,88.16,0.127,0.0,ETH-26JUN20-240-P,262.64,84.72,0.119,866.0,0.13,10.0,90.12,0.57918,-0.19071,-0.42312,0.00222,-0.28014
284.03,ETH-26JUN20,1581591540841,open,0.42,2723.0,0.377,0.449,0.413404,89.5,0.425,0.0,ETH-26JUN20-180-C,262.64,68.86,0.389,28.0,0.443,28.0,110.94,0.3696,-0.12355,0.47258,0.0014,0.86704
10535.03,BTC-27MAR20,1581591540921,open,2.71,1.4,2.7235,2.875,2.79691518,113.62,3.051,0.0,BTC-27MAR20-40000-P,10164.18,0.0,0.0005,1.0,0.0,0.0,0.0,0.07783,-0.10312,-46.98016,0.0,-0.99938
10535.03,BTC-27MAR20,1581591540921,open,2.15,0.0,2.165,2.2935,2.22758303,113.61,None,0.0,BTC-27MAR20-34000-P,10164.18,0.0,0.0005,1.0,0.0,0.0,0.0,0.27459,-0.36381,-39.9119,0.0,-0.99756
10535.03,BTC-27MAR20,1581591540921,open,0.68,0.0,0.677,0.7585,0.7142715,87.34,1.23,0.0,BTC-27MAR20-18000-P,10164.18,0.0,0.0125,1.0,0.0,0.0,0.0,3.75468,-3.82411,-20.58937,3e-05,-0.94948
10535.03,BTC-27MAR20,1581591540922,open,0.0,338.2,0.0005,0.012,0.00246821,98.4,0.0025,0.0,BTC-27MAR20-22000-C,10164.18,95.61,0.002,74.0,0.003,47.5,101.17,1.89251,-2.17162,0.24127,1e-05,0.02196
10887.29,BTC-26JUN20,1581591540922,open,1.18,0.0,1.168,1.286,1.22079903,81.29,None,0.0,BTC-26JUN20-24000-P,10164.18,0.0,0.0,0.0,0.0,0.0,0.0,10.44018,-3.16961,-85.20844,3e-05,-0.913
10535.03,BTC-27MAR20,1581591540922,open,1.97,0.0,1.9785,2.1,2.03790964,113.61,None,0.0,BTC-27MAR20-32000-P,10164.18,0.0,0.0005,1.0,0.0,0.0,0.0,0.42028,-0.5568,-37.54637,0.0,-0.99608
10887.29,BTC-26JUN20,1581591540922,open,1.36,0.0,1.346,1.4675,1.40100367,83.08,None,0.0,BTC-26JUN20-26000-P,10164.18,0.0,0.0,0.0,0.0,0.0,0.0,8.81759,-2.73599,-93.09784,2e-05,-0.93036
10535.03,BTC-27MAR20,1581591540922,open,1.04,5.6,1.0485,1.1395,1.09073943,98.4,1.545,0.0,BTC-27MAR20-22000-P,10164.18,0.0,0.0005,1.0,0.0,0.0,0.0,1.89251,-2.17162,-25.60161,1e-05,-0.97804
10887.29,BTC-26JUN20,1581591540923,open,0.04,447.8,0.018,0.076,0.03985724,75.6,0.04,0.0,BTC-26JUN20-18000-C,10164.18,74.77,0.0385,19.9,0.0415,27.4,76.58,18.02913,-5.09048,6.09012,5e-05,0.19237
10534.89,BTC-27MAR20,1581591540923,open,0.32,68.5,0.3125,0.3885,0.34703614,72.77,0.3265,0.0,BTC-27MAR20-14000-P,10164.18,0.0,0.2925,4.0,0.3885,1.0,113.04,8.60173,-7.29952,-14.75225,9e-05,-0.84506
10171.89,SYN.BTC-14FEB20,1581591540921,open,0.11,0.0,0.1085,0.1535,0.13054305,0.0,0.124,0.0,BTC-14FEB20-11500-P,10164.18,0.0,0.0775,4.0,0.178,4.0,479.05,0.0,0.0,-0.2759,0.0,-1.0
10232.41,SYN.BTC-21FEB20,1581591540921,open,0.06,117.6,0.025,0.072,0.04396842,54.06,0.048,0.0,BTC-21FEB20-10000-C,10164.18,56.81,0.0455,3.0,0.049,24.0,63.07,5.68036,-19.4948,1.29154,0.00047,0.62894
10887.29,BTC-26JUN20,1581591540924,open,0.66,1.0,0.643,0.7545,0.69313997,75.59,0.9,0.0,BTC-26JUN20-18000-P,10164.18,0.0,0.001,2.0,1.0,1.0,210.7,18.02561,-5.08862,-59.93238,5e-05,-0.80769
10534.89,BTC-27MAR20,1581591540924,open,1.78,0.0,1.7925,1.9075,1.84835499,112.95,None,0.0,BTC-27MAR20-30000-P,10164.18,0.0,0.0005,1.0,0.0,0.0,0.0,0.61781,-0.8138,-35.17386,0.0,-0.99396
10534.89,BTC-27MAR20,1581591540924,open,1.6,0.0,1.6065,1.715,1.65869633,109.39,None,0.0,BTC-27MAR20-28000-P,10164.18,0.0,0.0005,1.0,0.0,0.0,0.0,0.77078,-0.98323,-32.80554,1e-05,-0.99224
10534.89,BTC-27MAR20,1581591540924,open,0.24,1.1,0.227,0.3025,0.26174159,69.93,0.241,0.0,BTC-27MAR20-13000-P,10164.18,0.0,0.2075,4.0,0.304,1.0,106.13,10.81202,-8.81668,-12.83741,0.00012,-0.77562
10534.89,BTC-27MAR20,1581591540924,open,1.23,0.0,1.2345,1.3315,1.2800572,104.17,None,0.0,BTC-27MAR20-24000-P,10164.18,0.0,0.0095,1.0,0.0,0.0,0.0,1.49798,-1.81973,-28.00945,1e-05,-0.98332
10887.29,BTC-26JUN20,1581591540926,open,0.02,113.7,0.0075,0.05,0.02157636,79.6,0.023,0.0,BTC-26JUN20-22000-C,10164.18,78.21,0.02,21.0,0.0225,21.0,80.4,12.52679,-3.72423,3.59463,4e-05,0.11159
10534.89,BTC-27MAR20,1581591540924,open,2.34,0.0,2.351,2.4875,2.41732558,110.58,None,0.0,BTC-27MAR20-36000-P,10164.18,0.0,0.0005,1.0,0.0,0.0,0.0,0.13635,-0.17583,-42.27568,0.0,-0.99887
11158.87,SYN.BTC-25SEP20,1581591540923,open,1.84,0.0,1.821,1.9755,1.89022229,82.16,None,0.0,BTC-25SEP20-32000-P,10164.18,0.0,0.0005,1.0,0.0,0.0,0.0,14.79148,-2.70201,-192.17778,2e-05,-0.90511
10171.89,SYN.BTC-14FEB20,1581591540921,open,0.0,553.6,0.0005,0.0115,0.00092889,59.5,0.0005,0.0,BTC-14FEB20-9750-P,10164.18,52.03,0.0005,50.0,0.0015,99.0,67.1,0.67661,-9.44859,-0.01756,0.00046,-0.07104
10292.94,SYN.BTC-28FEB20,1581591540922,open,0.2,0.0,0.193,0.2535,0.22085714,71.16,None,0.0,BTC-28FEB20-12500-P,10164.18,0.0,0.133,4.0,0.2205,3.0,70.14,3.65214,-8.73585,-4.70105,0.00012,-0.8998
11158.87,SYN.BTC-25SEP20,1581591540924,open,0.38,95.2,0.339,0.461,0.3941075,70.93,0.3815,0.0,BTC-25SEP20-14000-P,10164.18,66.05,0.379,3.6,0.389,3.6,69.28,34.65294,-5.46518,-64.99853,6e-05,-0.55133
10232.41,SYN.BTC-21FEB20,1581591540921,open,0.02,289.2,0.0045,0.039,0.01753589,62.5,0.017,0.0,BTC-21FEB20-10750-C,10164.18,60.49,0.0165,20.0,0.018,24.0,63.39,5.31379,-21.08324,0.64902,0.00038,0.31149
11158.87,SYN.BTC-25SEP20,1581591540922,open,2.18,0.0,2.1695,2.3335,2.24368478,84.31,None,0.0,BTC-25SEP20-36000-P,10164.18,0.0,0.0005,1.0,0.0,0.0,0.0,12.40741,-2.3259,-217.84084,2e-05,-0.92493
10292.94,SYN.BTC-28FEB20,1581591540922,open,0.08,11.3,0.067,0.1255,0.09391776,63.19,0.08,0.0,BTC-28FEB20-11000-P,10164.18,44.36,0.081,16.5,0.093,16.5,61.92,7.46779,-15.86177,-3.23042,0.00027,-0.67616
10171.89,SYN.BTC-14FEB20,1581591540921,open,0.01,742.1,0.0005,0.017,0.00264247,64.44,0.0025,0.0,BTC-14FEB20-10500-C,10164.18,63.24,0.0025,3.7,0.003,47.1,67.36,1.21764,-26.87891,0.03867,0.00076,0.16109
10171.89,SYN.BTC-14FEB20,1581591540921,open,0.13,0.0,0.133,0.1785,0.15508815,0.0,None,0.0,BTC-14FEB20-11750-P,10164.18,0.0,0.102,4.0,0.2025,4.0,500.0,0.0,0.0,-0.2819,0.0,-1.0
11158.87,SYN.BTC-25SEP20,1581591540923,open,0.67,0.2,0.6355,0.768,0.694949,73.59,1.02,0.0,BTC-25SEP20-18000-P,10164.18,0.0,0.0005,1.0,0.815,0.3,113.9,30.21799,-4.94412,-96.25012,5e-05,-0.70506
10171.89,SYN.BTC-14FEB20,1581591540921,open,0.18,1.1,0.1475,0.183,0.1644092,131.14,0.184,0.0,BTC-14FEB20-8500-C,10164.18,0.0,0.162,11.0,0.1755,7.4,342.57,0.03649,-2.39237,0.20335,1e-05,0.99766
11158.87,SYN.BTC-25SEP20,1581591540926,open,0.83,0.1,0.797,0.933,0.85786434,75.24,1.21,0.0,BTC-25SEP20-20000-P,10164.18,0.0,0.0005,1.0,1.0,1.0,124.4,27.48953,-4.59899,-110.93485,5e-05,-0.75574
10171.89,SYN.BTC-14FEB20,1581591540921,open,0.16,10.0,0.157,0.2035,0.17965861,0.0,0.227,0.0,BTC-14FEB20-12000-P,10164.18,0.0,0.1265,4.0,0.227,4.0,500.0,0.0,0.0,-0.2879,0.0,-1.0
10232.41,SYN.BTC-21FEB20,1581591540921,open,0.1,50.0,0.0585,0.105,0.07920564,55.23,0.1,0.0,BTC-21FEB20-9500-C,10164.18,40.55,0.0745,8.4,0.0875,5.0,75.21,3.79694,-13.31382,1.65867,0.0003,0.83046
10171.89,SYN.BTC-14FEB20,1581591540922,open,0.13,19.8,0.0975,0.1345,0.11525691,93.15,0.1365,0.0,BTC-14FEB20-9000-C,10164.18,0.0,0.113,7.0,0.126,4.0,260.55,0.05114,-2.38197,0.21508,2e-05,0.99659
11158.87,SYN.BTC-25SEP20,1581591540923,open,0.25,237.8,0.213,0.3235,0.2627999,69.54,0.253,0.0,BTC-25SEP20-12000-P,10164.18,65.58,0.2505,4.9,0.2575,5.5,67.83,34.60294,-5.35018,-48.62109,6e-05,-0.44442
10171.89,SYN.BTC-14FEB20,1581591540921,open,0.2,4.4,0.1725,0.206,0.1889854,150.5,0.167,0.0,BTC-14FEB20-8250-C,10164.18,0.0,0.1865,11.0,0.1995,7.4,376.18,0.03164,-2.38096,0.19743,1e-05,0.998
10171.89,SYN.BTC-14FEB20,1581591540922,open,0.06,504.7,0.022,0.0635,0.0424571,60.27,0.041,0.0,BTC-14FEB20-9750-C,10164.18,0.0,0.0405,7.0,0.0525,7.4,140.17,0.69504,-20.94572,0.21572,0.00046,0.92642
10171.89,SYN.BTC-14FEB20,1581591540921,open,0.08,266.6,0.047,0.086,0.06620103,63.45,0.089,0.0,BTC-14FEB20-9500-C,10164.18,0.0,0.0545,4.0,0.081,6.0,209.19,0.17127,-5.43374,0.22461,0.00011,0.98659
10232.41,SYN.BTC-21FEB20,1581591540921,open,0.12,121.6,0.08,0.124,0.10037058,56.8,0.0705,0.0,BTC-21FEB20-9250-C,10164.18,51.27,0.099,7.4,0.1085,4.0,81.06,2.7405,-9.88302,1.75357,0.00021,0.89461
11158.87,SYN.BTC-25SEP20,1581591540926,open,1.49,0.0,1.474,1.621,1.5395664,79.94,None,0.0,BTC-25SEP20-28000-P,10164.18,0.0,0.0005,1.0,0.0,0.0,0.0,17.98474,-3.19646,-166.03143,3e-05,-0.87545
10292.94,SYN.BTC-28FEB20,1581591540923,open,0.15,18.2,0.148,0.2085,0.17589825,68.53,0.15,0.0,BTC-28FEB20-12000-P,10164.18,0.0,0.0885,4.0,0.182,5.0,80.4,4.82705,-11.11866,-4.30703,0.00016,-0.85083
10171.89,SYN.BTC-14FEB20,1581591540921,open,0.09,24.6,0.0845,0.129,0.10610691,85.51,0.0925,0.0,BTC-14FEB20-11250-P,10164.18,0.0,0.053,4.0,0.1535,4.0,442.71,0.11583,-4.95209,-0.26785,5e-05,-0.99145
10171.89,SYN.BTC-14FEB20,1581591540921,open,0.06,22.8,0.0605,0.107,0.08205015,88.6,0.068,0.0,BTC-14FEB20-11000-P,10164.18,0.0,0.029,4.0,0.1295,4.0,406.47,0.40646,-18.00722,-0.25494,0.00018,-0.9626
10292.94,SYN.BTC-28FEB20,1581591540961,open,0.08,1226.3,0.0405,0.0915,0.06445169,61.65,0.0695,0.0,BTC-28FEB20-10000-C,10164.18,58.47,0.062,6.0,0.0655,0.2,63.01,7.93861,-16.44995,2.31246,0.0003,0.6157
10292.94,SYN.BTC-28FEB20,1581591540963,open,0.08,1226.3,0.0405,0.0915,0.06445169,61.65,0.0695,0.0,BTC-28FEB20-10000-C,10164.18,58.47,0.062,6.0,0.0655,2.2,63.01,7.93861,-16.44995,2.31246,0.0003,0.6157
10292.94,SYN.BTC-28FEB20,1581591540966,open,0.08,1226.3,0.0405,0.0915,0.06445169,61.65,0.0695,0.0,BTC-28FEB20-10000-C,10164.18,58.47,0.062,9.3,0.0655,2.2,63.01,7.93861,-16.44995,2.31246,0.0003,0.6157
10292.94,SYN.BTC-28FEB20,1581591540972,open,0.08,1226.3,0.0405,0.0915,0.06445169,61.65,0.0695,0.0,BTC-28FEB20-10000-C,10164.18,58.47,0.062,6.0,0.0655,2.2,63.01,7.93861,-16.44995,2.31246,0.0003,0.6157
284.03,ETH-26JUN20,1581591541124,open,0.17,1711.0,0.115,0.219,0.167258,88.75,0.161,0.0,ETH-26JUN20-320-C,262.64,86.53,0.162,447.0,0.173,389.0,91.09,0.68549,-0.22722,0.36603,0.00261,0.51871
273.43,ETH-27MAR20,1581591541136,open,0.11,7893.0,0.068,0.146,0.106751,85.93,0.105,0.0,ETH-27MAR20-280-C,262.64,83.85,0.104,1.0,0.111,889.0,88.98,0.37304,-0.37381,0.13481,0.00494,0.52656
273.43,ETH-27MAR20,1581591541138,open,0.01,3408.0,0.001,0.028,0.010292,101.8,0.009,0.0,ETH-27MAR20-480-C,262.64,99.01,0.009,451.0,0.012,790.0,105.15,0.13287,-0.15773,0.02083,0.00149,0.07516
266.44,SYN.ETH-28FEB20,1581591541148,open,0.05,307.0,0.026,0.092,0.056863,85.59,0.052,0.0,ETH-28FEB20-260-P,262.64,80.98,0.053,650.0,0.06,270.0,89.9,0.20908,-0.60151,-0.05065,0.00844,-0.40985
266.44,SYN.ETH-28FEB20,1581591541150,open,0.05,307.0,0.026,0.092,0.056863,85.59,0.052,0.0,ETH-28FEB20-260-P,262.64,80.98,0.053,650.0,0.06,920.0,89.9,0.20908,-0.60151,-0.05065,0.00844,-0.40985
10292.94,SYN.BTC-28FEB20,1581591541221,open,0.11,395.7,0.072,0.122,0.09579506,61.68,0.105,0.0,BTC-28FEB20-9500-C,10164.18,57.97,0.0935,5.0,0.1035,22.2,73.55,6.46079,-13.39421,2.78599,0.00024,0.75993
284.03,ETH-26JUN20,1581591541289,open,0.17,1711.0,0.115,0.219,0.167258,88.75,0.161,0.0,ETH-26JUN20-320-C,262.64,86.53,0.162,447.0,0.172,180.0,90.68,0.68549,-0.22722,0.36603,0.00261,0.51871
273.43,ETH-27MAR20,1581591541358,open,0.5,653.0,0.474,0.512,0.491982,110.41,0.507,0.0,ETH-27MAR20-140-C,262.64,0.0,0.487,359.0,0.496,325.0,126.28,0.05496,-0.07076,0.15507,0.00057,0.9749
262.91,SYN.ETH-14FEB20,1581591541365,open,0.02,441.0,0.001,0.032,0.00802,94.09,0.015,0.0,ETH-14FEB20-270-C,262.64,93.07,0.008,920.0,0.013,557.0,121.83,0.04406,-2.07268,0.00178,0.02824,0.28968
264.67,SYN.ETH-21FEB20,1581591541368,open,0.05,351.0,0.031,0.103,0.065307,91.92,0.067,0.0,ETH-21FEB20-270-P,262.64,83.32,0.06,680.0,0.066,210.0,93.6,0.15461,-0.90223,-0.03409,0.01113,-0.5319
284.03,ETH-26JUN20,1581591541420,open,0.22,993.0,0.163,0.267,0.215964,88.12,0.221,0.0,ETH-26JUN20-280-C,262.64,85.93,0.211,180.0,0.222,746.0,90.68,0.65729,-0.21632,0.41608,0.00252,0.61547
266.44,SYN.ETH-28FEB20,1581591541421,open,0.05,307.0,0.026,0.092,0.056863,85.59,0.052,0.0,ETH-28FEB20-260-P,262.64,80.98,0.053,890.0,0.06,920.0,89.9,0.20908,-0.60151,-0.05065,0.00844,-0.40985
284.03,ETH-26JUN20,1581591541422,open,0.19,89.0,0.146,0.26,0.201776,87.98,0.197,0.0,ETH-26JUN20-280-P,262.64,84.28,0.193,743.0,0.207,327.0,90.33,0.65736,-0.21601,-0.61074,0.00253,-0.38467
284.03,ETH-26JUN20,1581591541440,open,0.05,1691.0,0.018,0.084,0.045558,94.78,0.053,0.0,ETH-26JUN20-560-C,262.64,93.17,0.043,327.0,0.049,140.0,96.87,0.45947,-0.16264,0.14547,0.00164,0.1852
284.01,ETH-26JUN20,1581591541447,open,0.03,0.0,0.009,0.059,0.027712,97.91,None,0.0,ETH-26JUN20-680-C,262.64,94.71,0.024,395.0,0.032,417.0,101.31,0.34374,-0.1257,0.09593,0.00119,0.11983
273.43,ETH-27MAR20,1581591541450,open,0.0,2283.0,0.001,0.013,0.003996,109.75,0.004,0.0,ETH-27MAR20-140-P,262.64,104.31,0.003,1074.0,0.005,680.0,114.54,0.05395,-0.06905,-0.00917,0.00056,-0.02455
273.43,ETH-27MAR20,1581591541454,open,0.05,572.0,0.03,0.094,0.05925,85.81,0.055,0.0,ETH-27MAR20-240-P,262.64,83.06,0.056,928.0,0.062,192.0,88.28,0.31406,-0.31427,-0.10811,0.00417,-0.27744
284.03,ETH-26JUN20,1581591541456,open,1.38,0.0,1.336,1.519,1.421994,98.02,None,0.0,ETH-26JUN20-680-P,262.61,0.0,0.0,0.0,0.0,0.0,0.0,0.34459,-0.12615,-2.3979,0.00119,-0.87976
273.42,ETH-27MAR20,1581591541456,open,1.3,0.0,1.274,1.421,1.343476,112.28,None,0.0,ETH-27MAR20-640-P,262.61,0.0,0.01,50.0,0.0,0.0,0.0,0.04884,-0.06395,-0.74567,0.0005,-0.97818
273.39,ETH-27MAR20,1581591541456,open,1.16,0.0,1.132,1.272,1.198204,109.21,None,0.0,ETH-27MAR20-600-P,262.61,0.0,0.03,50.0,0.0,0.0,0.0,0.06,-0.07641,-0.69699,0.00063,-0.97211
266.38,SYN.ETH-28FEB20,1581591541456,open,0.02,283.0,0.005,0.042,0.018683,87.62,0.02,0.0,ETH-28FEB20-230-P,262.61,86.32,0.018,10.0,0.021,577.0,91.93,0.14069,-0.41431,-0.02148,0.00555,-0.17914
273.39,ETH-27MAR20,1581591541458,open,0.88,0.0,0.849,0.977,0.909035,104.33,None,0.0,ETH-27MAR20-520-P,262.61,0.0,0.006,50.0,0.0,0.0,0.0,0.10078,-0.12262,-0.59615,0.0011,-0.94729
273.39,ETH-27MAR20,1581591541459,open,1.02,0.0,0.99,1.123,1.053014,105.94,None,0.0,ETH-27MAR20-560-P,262.61,0.0,0.02,50.0,0.0,0.0,0.0,0.07487,-0.09249,-0.64761,0.0008,-0.96354
284.0,ETH-26JUN20,1581591541459,open,0.98,0.0,0.937,1.106,1.01718,94.65,None,0.0,ETH-26JUN20-560-P,262.61,0.0,0.01,50.0,0.0,0.0,0.0,0.45854,-0.16209,-1.9089,0.00164,-0.81537
273.39,ETH-27MAR20,1581591541459,open,0.6,0.0,0.569,0.686,0.623967,97.42,None,0.0,ETH-27MAR20-440-P,262.61,0.0,0.003,50.0,1.122,1.0,500.0,0.16938,-0.19243,-0.48808,0.00198,-0.89585
284.0,ETH-26JUN20,1581591541459,open,1.24,0.0,1.202,1.38,1.285915,96.88,None,0.0,ETH-26JUN20-640-P,262.61,0.0,0.01,50.0,0.0,0.0,0.0,0.37822,-0.13685,-2.23789,0.00132,-0.86247
273.39,ETH-27MAR20,1581591541460,open,0.01,6985.0,0.001,0.022,0.007269,105.08,0.01,0.0,ETH-27MAR20-520-C,262.61,98.39,0.005,1506.0,0.009,1440.0,109.39,0.10308,-0.12632,0.01508,0.00112,0.05423
266.38,SYN.ETH-28FEB20,1581591541457,open,0.41,534.0,0.381,0.42,0.400383,117.45,0.368,0.0,ETH-28FEB20-160-C,262.61,0.0,0.386,23.0,0.41,23.0,182.16,0.01637,-0.06463,0.06383,0.00048,0.98835
288.9,SYN.ETH-25SEP20,1581591541456,open,1.65,0.0,1.586,1.813,1.693289,99.65,None,0.0,ETH-25SEP20-760-P,262.61,0.0,0.0,0.0,0.0,0.0,0.0,0.63279,-0.14021,-4.43981,0.00123,-0.80108
288.9,SYN.ETH-25SEP20,1581591541456,open,1.52,0.0,1.455,1.676,1.559884,98.5,None,0.0,ETH-25SEP20-720-P,262.61,0.0,0.0,0.0,0.0,0.0,0.0,0.6598,-0.1445,-4.17649,0.0013,-0.78655
288.9,SYN.ETH-25SEP20,1581591541456,open,1.78,0.0,1.716,1.949,1.826169,100.19,None,0.0,ETH-25SEP20-800-P,262.61,0.0,0.0,0.0,0.0,0.0,0.0,0.60237,-0.1342,-4.70366,0.00117,-0.81644
288.9,SYN.ETH-25SEP20,1581591541459,open,1.14,0.0,1.071,1.275,1.168639,96.08,None,0.0,ETH-25SEP20-600-P,262.61,0.0,0.0,0.0,0.0,0.0,0.0,0.75925,-0.1622,-3.36713,0.00154,-0.72308
288.9,SYN.ETH-25SEP20,1581591541456,open,1.39,0.0,1.325,1.541,1.427847,97.55,None,0.0,ETH-25SEP20-680-P,262.61,0.0,0.0,0.0,0.0,0.0,0.0,0.69044,-0.14975,-3.91002,0.00138,-0.76888
288.9,SYN.ETH-25SEP20,1581591541459,open,1.27,0.0,1.197,1.407,1.297096,96.65,None,0.0,ETH-25SEP20-640-P,262.61,0.0,0.0,0.0,0.0,0.0,0.0,0.72318,-0.1554,-3.64068,0.00146,-0.74831
273.39,ETH-27MAR20,1581591541470,open,0.12,445.0,0.088,0.176,0.130779,85.8,0.13,0.0,ETH-27MAR20-280-P,262.61,83.03,0.127,820.0,0.136,717.0,89.62,0.373,-0.3732,-0.19415,0.00495,-0.47378
273.39,ETH-27MAR20,1581591541476,open,0.46,5.0,0.432,0.546,0.486108,94.58,2.004,0.0,ETH-27MAR20-400-P,262.61,0.0,0.046,50.0,0.996,1.0,500.0,0.22404,-0.24711,-0.42722,0.0027,-0.8442
262.86,SYN.ETH-14FEB20,1581591541480,open,0.29,156.0,0.255,0.298,0.277321,251.84,0.305,0.0,ETH-14FEB20-190-C,262.61,0.0,0.261,11.0,0.284,10.0,467.21,0.00137,-0.17212,0.00454,0.00033,0.99646
266.38,SYN.ETH-28FEB20,1581591541480,open,0.09,35.0,0.046,0.115,0.081023,86.05,0.089,0.0,ETH-28FEB20-260-C,262.61,84.74,0.08,650.0,0.088,210.0,94.93,0.20911,-0.60478,0.05521,0.0084,0.58956
266.38,SYN.ETH-28FEB20,1581591541483,open,0.07,143.0,0.041,0.115,0.076337,85.61,0.079,0.0,ETH-28FEB20-270-P,262.61,80.23,0.072,860.0,0.08,830.0,90.16,0.21453,-0.61732,-0.06221,0.00867,-0.49668
262.86,SYN.ETH-14FEB20,1581591541493,open,0.29,156.0,0.255,0.298,0.277321,251.84,0.305,0.0,ETH-14FEB20-190-C,262.61,0.0,0.261,11.0,0.283,11.0,450.0,0.00137,-0.17212,0.00454,0.00033,0.99646
262.86,SYN.ETH-14FEB20,1581591541703,open,0.06,105.0,0.035,0.107,0.069554,119.77,0.065,0.0,ETH-14FEB20-280-P,262.61,0.0,0.065,60.0,0.071,279.0,131.91,0.02968,-1.77738,-0.00582,0.01495,-0.85254
264.62,SYN.ETH-21FEB20,1581591541708,open,0.01,1014.0,0.001,0.029,0.009904,92.47,0.012,0.0,ETH-21FEB20-230-P,262.61,89.6,0.009,625.0,0.01,300.0,92.77,0.08466,-0.49704,-0.00831,0.00606,-0.13563
264.62,SYN.ETH-21FEB20,1581591541712,open,0.05,818.0,0.016,0.078,0.045184,92.56,0.042,0.0,ETH-21FEB20-270-C,262.61,87.11,0.042,680.0,0.048,650.0,97.38,0.15458,-0.90834,0.02415,0.01105,0.4681
264.62,SYN.ETH-21FEB20,1581591541714,open,0.05,351.0,0.031,0.103,0.065307,92.21,0.067,0.0,ETH-21FEB20-270-P,262.61,83.11,0.06,680.0,0.066,860.0,93.39,0.15456,-0.9048,-0.03412,0.01109,-0.53223
264.62,SYN.ETH-21FEB20,1581591541716,open,0.01,112.0,0.002,0.037,0.013559,105.95,0.021,0.0,ETH-21FEB20-310-C,262.61,101.72,0.012,912.0,0.016,1182.0,112.24,0.09977,-0.67106,0.00915,0.00623,0.17381
264.62,SYN.ETH-21FEB20,1581591541718,open,0.01,112.0,0.002,0.037,0.013559,105.95,0.021,0.0,ETH-21FEB20-310-C,262.61,101.72,0.012,912.0,0.015,577.0,109.7,0.09977,-0.67106,0.00915,0.00623,0.17381
264.62,SYN.ETH-21FEB20,1581591541720,open,0.01,1001.0,0.001,0.028,0.008407,114.88,0.008,0.0,ETH-21FEB20-330-C,262.61,109.59,0.007,888.0,0.01,650.0,120.41,0.07331,-0.53471,0.00583,0.00422,0.11047
288.9,SYN.ETH-25SEP20,1581591541722,open,0.01,413.0,0.005,0.029,0.014473,94.86,0.015,0.0,ETH-25SEP20-100-P,262.61,92.44,0.013,226.0,0.016,411.0,97.26,0.17995,-0.03796,-0.09012,0.00037,-0.03616
288.9,SYN.ETH-25SEP20,1581591541724,open,0.03,483.0,0.01,0.044,0.023831,91.65,0.02,0.0,ETH-25SEP20-120-P,262.61,89.58,0.022,288.0,0.025,170.0,92.94,0.25925,-0.05283,-0.14377,0.00055,-0.05694
288.9,SYN.ETH-25SEP20,1581591541726,open,0.04,403.0,0.018,0.066,0.038901,91.15,0.031,0.0,ETH-25SEP20-140-P,262.61,87.92,0.035,261.0,0.04,170.0,92.05,0.3538,-0.07171,-0.22107,0.00075,-0.0853
288.9,SYN.ETH-25SEP20,1581591541728,open,0.06,223.0,0.031,0.092,0.058369,90.84,0.105,0.0,ETH-25SEP20-160-P,262.61,87.34,0.053,228.0,0.059,733.0,91.25,0.44816,-0.09052,-0.31385,0.00096,-0.11796
288.9,SYN.ETH-25SEP20,1581591541730,open,0.09,1065.0,0.047,0.122,0.081923,90.51,0.079,0.0,ETH-25SEP20-180-P,262.61,86.21,0.074,267.0,0.081,289.0,90.01,0.53707,-0.10808,-0.41918,0.00115,-0.15358
288.9,SYN.ETH-25SEP20,1581591541743,open,0.11,314.0,0.068,0.156,0.109636,90.29,0.099,0.0,ETH-25SEP20-200-P,262.61,86.24,0.101,211.0,0.108,282.0,89.53,0.61785,-0.12404,-0.53556,0.00133,-0.19125
288.9,SYN.ETH-25SEP20,1581591541746,open,0.14,665.0,0.093,0.193,0.141387,90.2,0.121,0.0,ETH-25SEP20-220-P,262.61,85.84,0.131,214.0,0.138,274.0,88.78,0.68858,-0.1381,-0.66105,0.00148,-0.23
288.9,SYN.ETH-25SEP20,1581591541748,open,0.18,434.0,0.122,0.234,0.176702,90.14,0.169,0.0,ETH-25SEP20-240-P,262.61,85.24,0.164,254.0,0.172,265.0,88.32,0.74838,-0.14999,-0.7933,0.00161,-0.26899
288.9,SYN.ETH-25SEP20,1581591541750,open,0.26,1.0,0.192,0.324,0.256885,90.08,0.282,0.0,ETH-25SEP20-280-P,262.61,85.29,0.243,237.0,0.252,238.0,88.39,0.83585,-0.1674,-1.07201,0.0018,-0.34539
288.9,SYN.ETH-25SEP20,1581591541754,open,0.25,412.0,0.183,0.306,0.245954,91.94,0.25,0.0,ETH-25SEP20-320-C,262.61,90.32,0.241,267.0,0.25,212.0,93.26,0.8832,-0.18054,0.60657,0.00187,0.58674
284.0,ETH-26JUN20,1581591541756,open,0.19,89.0,0.146,0.26,0.201776,88.04,0.197,0.0,ETH-26JUN20-280-P,262.61,84.69,0.194,326.0,0.207,327.0,90.3,0.6573,-0.21614,-0.61089,0.00252,-0.38468
284.0,ETH-26JUN20,1581591541759,open,0.19,89.0,0.146,0.26,0.201776,88.04,0.197,0.0,ETH-26JUN20-280-P,262.61,84.69,0.194,326.0,0.207,326.0,90.3,0.6573,-0.21614,-0.61089,0.00252,-0.38468
284.0,ETH-26JUN20,1581591541762,open,0.03,0.0,0.009,0.059,0.027712,97.89,None,0.0,ETH-26JUN20-680-C,262.61,94.71,0.024,397.0,0.032,417.0,101.31,0.34353,-0.12559,0.09586,0.00119,0.11973
10887.08,BTC-26JUN20,1581591541929,open,0.0,436.2,0.0005,0.012,0.00248092,82.49,0.0035,0.0,BTC-26JUN20-4000-P,10163.59,79.8,0.002,43.5,0.003,31.0,85.06,2.07408,-0.63901,-0.58219,1e-05,-0.0121
10534.61,BTC-27MAR20,1581591541929,open,0.0,221.1,0.0005,0.0105,0.00025478,113.62,0.0005,0.0,BTC-27MAR20-34000-C,10163.59,0.0,0.0,0.0,0.001,48.1,129.41,0.27457,-0.36379,0.0271,0.0,0.00244
10534.61,BTC-27MAR20,1581591541929,open,0.0,1344.7,0.0005,0.0135,0.00396966,71.66,0.0035,0.0,BTC-27MAR20-7000-P,10163.59,69.9,0.0035,51.8,0.004,24.0,71.77,2.91728,-2.43787,-0.5065,3e-05,-0.03696
10534.61,BTC-27MAR20,1581591541929,open,0.0,164.2,0.0005,0.0105,0.00071241,113.59,0.0005,0.0,BTC-27MAR20-30000-C,10163.59,109.64,0.0005,20.0,0.001,24.0,117.73,0.64322,-0.85204,0.06945,0.0,0.00632
10534.61,BTC-27MAR20,1581591541929,open,0.02,1889.3,0.0065,0.04,0.01813627,72.8,0.018,0.0,BTC-27MAR20-14000-C,10163.59,72.01,0.0175,51.0,0.019,1.0,73.84,8.60453,-7.3045,1.69398,9e-05,0.15503
10534.61,BTC-27MAR20,1581591541929,open,0.0,199.0,0.0005,0.0105,0.00080507,83.34,0.0014,0.0,BTC-27MAR20-5500-P,10163.59,78.49,0.0005,56.2,0.001,24.0,85.8,0.77376,-0.75196,-0.10645,1e-05,-0.0078
10534.61,BTC-27MAR20,1581591541929,open,0.49,18.4,0.4675,0.491,0.47873727,83.62,0.436,0.0,BTC-27MAR20-5500-C,10163.59,0.0,0.475,7.0,0.4875,7.0,128.2,0.78726,-0.76766,6.3521,1e-05,0.99205
10534.61,BTC-27MAR20,1581591541929,open,0.54,27.1,0.516,0.536,0.52570095,84.84,0.4665,0.0,BTC-27MAR20-5000-C,10163.59,0.0,0.5225,7.0,0.533,7.0,137.12,0.36795,-0.36405,5.82749,0.0,0.99662
10534.61,BTC-27MAR20,1581591541929,open,0.01,1065.4,0.0005,0.0245,0.01016999,65.16,0.01,0.0,BTC-27MAR20-8000-P,10163.59,63.93,0.0095,20.0,0.0105,24.2,65.75,5.8375,-4.4358,-1.233,7e-05,-0.08947
10534.61,BTC-27MAR20,1581591541929,open,0.0,37.0,0.0005,0.0105,9.17e-05,84.69,0.0005,0.0,BTC-27MAR20-4500-P,10163.59,0.0,0.0,0.0,0.001,55.0,109.85,0.12724,-0.12567,-0.01414,0.0,-0.00105
10534.61,BTC-27MAR20,1581591541929,open,0.0,898.4,0.0005,0.0105,5.841e-05,113.62,0.0005,0.0,BTC-27MAR20-40000-C,10163.59,0.0,0.0,0.0,0.0005,30.0,134.88,0.07782,-0.10312,0.0069,0.0,0.00062
10534.61,BTC-27MAR20,1581591541930,open,0.01,824.0,0.0005,0.019,0.00568595,87.34,0.007,0.0,BTC-27MAR20-18000-C,10163.59,85.34,0.005,64.6,0.0065,72.9,89.54,3.75439,-3.82404,0.55476,3e-05,0.05052
10887.08,BTC-26JUN20,1581591541929,open,0.01,514.1,0.0005,0.024,0.00719684,88.2,0.007,0.0,BTC-26JUN20-32000-C,10163.59,86.82,0.0065,28.0,0.008,21.0,89.69,5.67623,-1.86987,1.30794,1e-05,0.03995
10534.61,BTC-27MAR20,1581591541929,open,0.0,1427.9,0.0005,0.0115,0.00153537,80.19,0.0015,0.0,BTC-27MAR20-6000-P,10163.59,75.33,0.001,55.0,0.002,24.0,83.59,1.32225,-1.23653,-0.19752,1e-05,-0.01443
10534.61,BTC-27MAR20,1581591541930,open,0.0,267.1,0.0005,0.0105,0.00042422,113.61,0.0005,0.0,BTC-27MAR20-32000-C,10163.59,0.0,0.0,0.0,0.001,20.0,123.78,0.42025,-0.55678,0.04328,0.0,0.00392
10887.08,BTC-26JUN20,1581591541930,open,0.01,150.0,0.0005,0.0275,0.00869611,86.75,0.008,0.0,BTC-26JUN20-30000-C,10163.59,85.57,0.008,15.0,0.0095,21.0,88.05,6.56037,-2.1256,1.5616,2e-05,0.0478
10534.61,BTC-27MAR20,1581591541930,open,0.01,404.0,0.003,0.0315,0.01266334,76.32,0.014,0.0,BTC-27MAR20-15000-C,10163.59,75.29,0.012,56.7,0.0135,13.3,77.59,6.84228,-6.08988,1.21939,7e-05,0.1112
10887.08,BTC-26JUN20,1581591541930,open,0.02,497.9,0.005,0.0415,0.01642206,81.32,0.017,0.0,BTC-26JUN20-24000-C,10163.59,80.34,0.0155,15.0,0.0175,21.0,82.42,10.44944,-3.17363,2.82244,3e-05,0.0871
10534.61,BTC-27MAR20,1581591541930,open,0.0,1389.6,0.0005,0.0105,2.008e-05,84.83,0.0009,0.0,BTC-27MAR20-4000-P,10163.59,0.0,0.0,0.0,0.0005,20.0,113.8,0.03424,-0.03387,-0.0034,0.0,-0.00025
10534.61,BTC-27MAR20,1581591541930,open,0.58,28.5,0.563,0.5825,0.57294531,86.01,0.5365,0.0,BTC-27MAR20-4500-C,10163.59,0.0,0.57,7.0,0.58,7.0,152.1,0.14496,-0.1454,5.26971,0.0,0.99879
10534.61,BTC-27MAR20,1581591541930,open,0.0,530.5,0.0005,0.0105,0.00030805,84.29,0.0005,0.0,BTC-27MAR20-5000-P,10163.59,0.0,0.0,0.0,0.001,40.0,97.23,0.35242,-0.3464,-0.0437,0.0,-0.00322
10534.61,BTC-27MAR20,1581591541930,open,0.63,33.4,0.6105,0.63,0.62033441,88.5,0.5865,0.0,BTC-27MAR20-4000-C,10163.59,0.0,0.6175,8.0,0.627,8.0,168.64,0.05368,-0.0554,4.69317,0.0,0.99959
10887.08,BTC-26JUN20,1581591541930,open,0.0,322.6,0.0005,0.011,0.00123894,94.67,0.0015,0.0,BTC-26JUN20-3000-P,10163.59,92.03,0.001,8.0,0.0015,28.0,97.18,1.0585,-0.37424,-0.27405,0.0,-0.00562
10232.41,SYN.BTC-21FEB20,1581591541928,open,0.01,141.9,0.0005,0.0185,0.00485588,71.18,0.0045,0.0,BTC-21FEB20-11750-C,10163.59,67.76,0.004,70.0,0.005,30.0,71.73,2.67579,-12.0919,0.21443,0.00017,0.10198
10534.61,BTC-27MAR20,1581591541930,open,0.0,500.9,0.0005,0.011,0.00122423,106.5,0.002,0.0,BTC-27MAR20-26000-C,10163.59,104.06,0.001,70.0,0.0015,15.0,109.1,1.04043,-1.29217,0.12019,1e-05,0.01094
10534.61,BTC-27MAR20,1581591541931,open,0.45,22.0,0.4195,0.4465,0.43200686,80.37,0.4315,0.0,BTC-27MAR20-6000-C,10163.59,0.0,0.423,6.0,0.442,6.0,118.83,1.33466,-1.25094,6.84831,1e-05,0.98542
10534.61,BTC-27MAR20,1581591541930,open,0.05,580.3,0.0385,0.0945,0.0627632,64.5,0.0595,0.0,BTC-27MAR20-10000-P,10163.59,61.18,0.0585,19.3,0.061,22.3,63.13,13.56665,-10.2043,-5.28881,0.00016,-0.36462
10886.49,BTC-26JUN20,1581591541931,open,1.54,0.0,1.525,1.6515,1.5821804,84.52,None,0.0,BTC-26JUN20-28000-P,10163.59,0.0,0.0,0.0,0.0,0.0,0.0,7.43696,-2.34773,-100.87072,2e-05,-0.94402
10534.02,BTC-27MAR20,1581591541932,open,0.0,256.6,0.0005,0.0105,0.00089659,109.87,0.001,0.0,BTC-27MAR20-28000-C,10163.59,103.43,0.0005,81.2,0.0015,64.0,116.46,0.79353,-1.01672,0.0882,1e-05,0.00802
10886.49,BTC-26JUN20,1581591541932,open,0.26,752.2,0.2165,0.29,0.25046392,67.72,0.2545,0.0,BTC-26JUN20-9000-C,10163.59,65.14,0.2455,14.1,0.2505,3.5,67.74,21.02808,-5.31853,19.87728,7e-05,0.74827
10534.02,BTC-27MAR20,1581591541932,open,0.0,317.4,0.0005,0.0105,0.00015449,113.62,0.0005,0.0,BTC-27MAR20-36000-C,10163.59,0.0,0.0,0.0,0.001,55.0,134.68,0.17976,-0.23819,0.01706,0.0,0.00153
10534.02,BTC-27MAR20,1581591541932,open,1.41,0.0,1.42,1.524,1.46918113,103.92,None,0.0,BTC-27MAR20-26000-P,10163.59,0.0,0.001,1.0,0.0,0.0,0.0,0.89248,-1.08161,-30.44028,1e-05,-0.99083
10534.02,BTC-27MAR20,1581591541933,open,0.0,807.5,0.0005,0.0155,0.00395593,94.48,0.004,0.0,BTC-27MAR20-20000-C,10163.59,92.67,0.0035,16.0,0.0045,64.6,96.47,2.75886,-3.0396,0.37831,2e-05,0.03453
10232.41,SYN.BTC-21FEB20,1581591541928,open,0.26,0.1,0.2275,0.2585,0.24277729,74.77,0.2215,0.0,BTC-21FEB20-7750-C,10163.59,0.0,0.2375,5.0,0.2555,5.0,164.11,0.21232,-1.00786,1.6611,1e-05,0.99513
10232.41,SYN.BTC-21FEB20,1581591541928,open,0.2,0.0,0.198,0.254,0.2238123,79.0,None,0.0,BTC-21FEB20-12500-P,10163.59,0.0,0.0,0.0,0.0,0.0,0.0,1.4947,-7.49671,-2.59655,8e-05,-0.95223
10232.41,SYN.BTC-21FEB20,1581591541929,open,0.09,0.0,0.0825,0.138,0.10826006,65.97,None,0.0,BTC-21FEB20-11250-P,10163.59,0.0,0.0815,4.0,0.1155,4.0,83.19,3.89133,-16.29706,-2.05787,0.00026,-0.8238
10232.41,SYN.BTC-21FEB20,1581591541928,open,0.0,54.8,0.0005,0.0125,0.00229079,79.59,0.0025,0.0,BTC-21FEB20-12500-C,10163.59,77.56,0.002,15.6,0.0025,30.0,80.95,1.52765,-7.71878,0.10333,8e-05,0.04909
10232.41,SYN.BTC-21FEB20,1581591541928,open,0.15,0.1,0.1505,0.206,0.17610053,72.26,0.195,0.0,BTC-21FEB20-12000-P,10163.59,0.0,0.1525,3.0,0.1855,3.0,104.25,2.10162,-9.64183,-2.43374,0.00013,-0.9262
10171.89,SYN.BTC-14FEB20,1581591541928,open,0.0,191.4,0.0005,0.0105,0.0,63.79,0.0005,0.0,BTC-14FEB20-7250-P,10163.59,0.0,0.0,0.0,0.0005,20.1,304.38,0.0,0.0,0.0,0.0,0.0
10292.94,SYN.BTC-28FEB20,1581591541932,open,0.0,858.9,0.0005,0.011,0.00124522,79.46,0.0005,0.0,BTC-28FEB20-7500-P,10163.59,76.78,0.001,20.0,0.0015,50.0,81.92,1.0065,-2.6882,-0.08916,3e-05,-0.02001
10232.41,SYN.BTC-21FEB20,1581591541928,open,0.23,0.3,0.2025,0.2355,0.21851012,72.66,0.189,0.0,BTC-21FEB20-8000-C,10163.59,0.0,0.213,5.0,0.232,5.0,153.41,0.37089,-1.71095,1.70521,2e-05,0.99084
10292.94,SYN.BTC-28FEB20,1581591541929,open,0.0,309.6,0.0005,0.0105,5.435e-05,89.41,0.0005,0.0,BTC-28FEB20-6000-P,10163.59,0.0,0.0,0.0,0.0005,15.0,112.39,0.07214,-0.2168,-0.00457,0.0,-0.00103
10232.41,SYN.BTC-21FEB20,1581591541928,open,0.0,275.2,0.0005,0.011,0.00134764,60.98,0.001,0.0,BTC-21FEB20-8750-P,10163.59,57.76,0.001,40.0,0.0015,30.0,62.23,1.20367,-4.65969,-0.0837,9e-05,-0.03656
10292.94,SYN.BTC-28FEB20,1581591541929,open,0.0,1031.6,0.0005,0.0115,0.00185387,70.02,0.0015,0.0,BTC-28FEB20-8000-P,10163.59,67.42,0.0015,43.0,0.002,30.0,71.01,1.48776,-3.5015,-0.14161,5e-05,-0.0319
10292.94,SYN.BTC-28FEB20,1581591541930,open,0.0,248.8,0.0005,0.0105,2e-06,93.48,0.0005,0.0,BTC-28FEB20-5000-P,10163.59,0.0,0.0,0.0,0.0005,40.1,146.84,0.00381,-0.01198,-0.00019,0.0,-4e-05
10292.94,SYN.BTC-28FEB20,1581591541930,open,0.43,1.1,0.4055,0.4295,0.41718124,94.94,0.3535,0.0,BTC-28FEB20-6000-C,10163.59,0.0,0.412,6.0,0.427,6.0,187.69,0.11958,-0.38162,2.43734,0.0,0.9982
10292.94,SYN.BTC-28FEB20,1581591541929,open,0.0,1170.5,0.0005,0.0135,0.00358893,64.02,0.004,0.0,BTC-28FEB20-8500-P,10163.59,61.49,0.003,54.0,0.004,30.0,65.66,2.51095,-5.40292,-0.27139,9e-05,-0.06111
10232.41,SYN.BTC-21FEB20,1581591541928,open,0.13,0.0,0.1275,0.183,0.15308611,70.87,None,0.0,BTC-21FEB20-11750-P,10163.59,0.0,0.1285,3.0,0.1615,3.0,96.38,2.65523,-11.94632,-2.32308,0.00017,-0.8991
10171.89,SYN.BTC-14FEB20,1581591541929,open,0.0,453.1,0.0005,0.0105,1.02e-06,90.04,0.0005,0.0,BTC-14FEB20-12000-C,10163.59,0.0,0.0,0.0,0.0005,80.0,158.36,0.00193,-0.01036,2e-05,0.0,0.0001
10232.41,SYN.BTC-21FEB20,1581591541928,open,0.11,0.0,0.1045,0.16,0.13021669,68.05,None,0.0,BTC-21FEB20-11500-P,10163.59,0.0,0.105,4.0,0.138,4.0,89.12,3.20862,-13.86252,-2.20456,0.00021,-0.86828
10180.54,SYN.BTC-15FEB20,1581591541928,open,20.0,0.0005,0.0105,0.00033036,57.35,0.0005,0.0,BTC-15FEB20-9375-P,10163.59,0.0,0.0,0.0,0.001,50.0,69.84,0.37419,-3.3632,-0.01137,0.00012,-0.0214
10292.94,SYN.BTC-28FEB20,1581591541929,open,0.01,782.5,0.0005,0.023,0.00829886,61.6,0.007,0.0,BTC-28FEB20-9000-P,10163.59,57.12,0.0065,46.8,0.008,50.0,60.88,4.32058,-8.94562,-0.56677,0.00016,-0.12681
10171.89,SYN.BTC-14FEB20,1581591541928,open,0.3,0.1,0.273,0.301,0.2872902,231.68,0.274,0.0,BTC-14FEB20-7250-C,10163.59,0.0,0.279,5.0,0.2965,5.0,500.0,0.01952,-2.26141,0.17364,0.0,0.99882
10232.41,SYN.BTC-21FEB20,1581591541928,open,0.0,158.9,0.0005,0.0105,0.00012063,71.83,0.0005,0.0,BTC-21FEB20-7750-P,10163.59,0.0,0.0,0.0,0.001,40.3,94.22,0.16255,-0.74127,-0.00824,1e-05,-0.00361
11158.87,SYN.BTC-25SEP20,1581591541929,open,0.07,191.9,0.0345,0.113,0.06578874,75.33,0.066,0.0,BTC-25SEP20-20000-C,10163.59,75.22,0.0655,5.0,0.0665,4.9,75.62,27.51856,-4.60932,12.30247,5e-05,0.24473
10292.94,SYN.BTC-28FEB20,1581591541931,open,0.48,4.1,0.455,0.4765,0.46571117,103.49,0.414,0.0,BTC-28FEB20-5500-C,10163.59,0.0,0.4625,6.0,0.4745,6.0,207.15,0.067,-0.23306,2.2373,0.0,0.99905
11158.87,SYN.BTC-25SEP20,1581591541931,open,0.52,1.9,0.4815,0.6105,0.53973537,72.31,0.6255,0.0,BTC-25SEP20-16000-P,10163.59,0.0,0.0005,1.0,0.655,0.5,109.75,32.85321,-5.28179,-80.91834,6e-05,-0.63727
10232.41,SYN.BTC-21FEB20,1581591541928,open,0.16,0.0,0.128,0.166,0.14628258,61.49,None,0.0,BTC-21FEB20-8750-C,10163.59,0.0,0.1405,4.0,0.1635,4.0,125.21,1.2343,-4.81813,1.80166,9e-05,0.9623
10232.41,SYN.BTC-21FEB20,1581591541928,open,0.21,0.0,0.1775,0.212,0.19433402,69.82,None,0.0,BTC-21FEB20-8250-C,10163.59,62.43,0.194,5.0,0.209,5.0,144.09,0.59308,-2.62878,1.74407,4e-05,0.98427
10292.94,SYN.BTC-28FEB20,1581591541929,open,0.01,852.8,0.0005,0.0175,0.00466433,75.53,0.0045,0.0,BTC-28FEB20-13000-C,10163.59,73.06,0.004,65.1,0.0055,68.5,78.39,2.87599,-7.30119,0.28592,9e-05,0.07282
10232.41,SYN.BTC-21FEB20,1581591541928,open,0.0,647.9,0.0005,0.0125,0.00238792,58.46,0.0025,0.0,BTC-21FEB20-9000-P,10163.59,56.2,0.002,40.2,0.003,30.0,61.67,1.83895,-6.82475,-0.14235,0.00014,-0.06209
10232.41,SYN.BTC-21FEB20,1581591541930,open,0.18,0.0,0.1745,0.23,0.20003077,76.56,None,0.0,BTC-21FEB20-12250-P,10163.59,0.0,0.0,0.0,0.0,0.0,0.0,1.82056,-8.84888,-2.51419,0.00011,-0.93871
10232.41,SYN.BTC-21FEB20,1581591541928,open,0.0,185.5,0.0005,0.0155,0.00343988,72.67,0.004,0.0,BTC-21FEB20-12000-C,10163.59,70.48,0.003,40.0,0.004,30.0,75.26,2.12788,-9.81658,0.15802,0.00013,0.07501
10292.94,SYN.BTC-28FEB20,1581591541931,open,0.24,284.9,0.2075,0.2435,0.22468972,70.48,0.2445,0.0,BTC-28FEB20-8000-C,10163.59,0.0,0.2155,5.0,0.2415,5.0,125.57,1.51908,-3.5989,3.11511,5e-05,0.96728
10232.41,SYN.BTC-21FEB20,1581591541929,open,0.0,236.6,0.0005,0.0105,0.00028389,71.04,0.0005,0.0,BTC-21FEB20-8000-P,10163.59,0.0,0.0,0.0,0.0005,1.0,76.53,0.32803,-1.47946,-0.0182,2e-05,-0.00796
10180.54,SYN.BTC-15FEB20,1581591541929,open,0.0,0.0605,0.099,0.07950776,58.7,None,0.0,BTC-15FEB20-9375-C,10163.59,0.0,0.0005,0.2,0.0,0.0,0.0,0.41012,-6.41767,0.46909,0.00013,0.97614
10232.41,SYN.BTC-21FEB20,1581591541929,open,0.0,266.7,0.0005,0.0105,0.00081168,64.4,0.0005,0.0,BTC-21FEB20-8500-P,10163.59,59.78,0.0005,54.0,0.001,30.0,66.66,0.79829,-3.26378,-0.05105,5e-05,-0.02231
10292.94,SYN.BTC-28FEB20,1581591541929,open,0.0,278.7,0.0005,0.0105,1.153e-05,91.25,0.001,0.0,BTC-28FEB20-5500-P,10163.59,0.0,0.0,0.0,0.0005,40.1,128.87,0.0185,-0.05673,-0.00105,0.0,-0.00024
11158.87,SYN.BTC-25SEP20,1581591541932,open,0.01,302.4,0.0005,0.016,0.00600931,75.98,0.0065,0.0,BTC-25SEP20-4000-P,10163.59,74.7,0.0055,9.7,0.0065,16.0,77.16,4.55663,-0.76978,-1.90987,1e-05,-0.02177
11158.87,SYN.BTC-25SEP20,1581591541929,open,0.57,1.0,0.5485,0.584,0.56404367,70.94,0.581,0.0,BTC-25SEP20-5000-C,10163.59,56.55,0.556,5.0,0.5795,5.0,88.64,7.95821,-1.25524,27.03618,1e-05,0.9573
10232.41,SYN.BTC-21FEB20,1581591541928,open,0.0,816.0,0.0005,0.0185,0.0042965,56.56,0.004,0.0,BTC-21FEB20-9250-P,10163.59,55.43,0.004,12.1,0.0045,30.0,57.32,2.72352,-9.78033,-0.24019,0.00021,-0.10449
10886.49,BTC-26JUN20,1581591541966,open,0.21,712.6,0.163,0.2425,0.19985284,67.72,0.1995,0.0,BTC-26JUN20-10000-C,10163.59,67.33,0.199,6.5,0.2005,1.0,68.01,24.16093,-6.11051,18.36919,8e-05,0.65989
10886.49,BTC-26JUN20,1581591541967,open,0.21,712.6,0.163,0.2425,0.19985284,67.72,0.1995,0.0,BTC-26JUN20-10000-C,10163.59,67.33,0.199,6.5,0.2005,2.0,68.01,24.16093,-6.11051,18.36919,8e-05,0.65989
284.0,ETH-26JUN20,1581591542029,open,0.03,3824.0,0.011,0.066,0.032631,97.06,0.032,0.0,ETH-26JUN20-640-C,262.61,95.05,0.03,452.0,0.036,781.0,99.52,0.37949,-0.13756,0.10998,0.00132,0.13821
288.9,SYN.ETH-25SEP20,1581591542104,open,0.19,407.0,0.119,0.243,0.180384,93.51,0.184,0.0,ETH-25SEP20-400-C,262.61,92.75,0.178,2.0,0.184,353.0,94.67,0.90204,-0.18755,0.51478,0.00188,0.4696
288.9,SYN.ETH-25SEP20,1581591542132,open,0.14,427.0,0.08,0.196,0.135531,94.69,0.113,0.0,ETH-25SEP20-480-C,262.61,93.17,0.131,281.0,0.141,599.0,96.52,0.86185,-0.18146,0.43113,0.00177,0.37775
288.9,SYN.ETH-25SEP20,1581591542381,open,0.19,407.0,0.119,0.243,0.180384,93.51,0.184,0.0,ETH-25SEP20-400-C,262.61,92.75,0.178,2.0,0.183,222.0,94.35,0.90204,-0.18755,0.51478,0.00188,0.4696
288.9,SYN.ETH-25SEP20,1581591542385,open,0.16,242.0,0.096,0.216,0.154973,93.83,0.138,0.0,ETH-25SEP20-440-C,262.61,92.54,0.151,278.0,0.159,201.0,95.14,0.88623,-0.1849,0.47102,0.00184,0.4196
288.9,SYN.ETH-25SEP20,1581591542391,open,0.12,300.0,0.066,0.178,0.118635,95.26,0.115,0.0,ETH-25SEP20-520-C,262.61,93.64,0.114,284.0,0.124,599.0,97.12,0.83099,-0.17601,0.3942,0.0017,0.34011
284.0,ETH-26JUN20,1581591542598,open,0.19,89.0,0.146,0.26,0.201776,88.04,0.197,0.0,ETH-26JUN20-280-P,262.61,84.69,0.194,562.0,0.207,326.0,90.3,0.6573,-0.21614,-0.61089,0.00252,-0.38468
264.62,SYN.ETH-21FEB20,1581591542601,open,0.01,112.0,0.002,0.037,0.013559,105.95,0.021,0.0,ETH-21FEB20-310-C,262.61,101.72,0.012,912.0,0.015,869.0,109.7,0.09977,-0.67106,0.00915,0.00623,0.17381
10232.41,SYN.BTC-21FEB20,1581591542727,open,0.02,284.5,0.008,0.048,0.02118564,53.93,0.0235,0.0,BTC-21FEB20-10000-P,10163.59,51.79,0.02,12.3,0.0215,23.0,54.5,5.67928,-19.44611,-0.86555,0.00047,-0.37084
10292.94,SYN.BTC-28FEB20,1581591542729,open,0.11,395.7,0.072,0.122,0.09579506,61.68,0.105,0.0,BTC-28FEB20-9500-C,10163.59,57.97,0.0935,17.2,0.1035,22.2,73.55,6.46079,-13.39421,2.78599,0.00024,0.75993
10292.94,SYN.BTC-28FEB20,1581591542730,open,0.01,414.5,0.0005,0.021,0.00653815,71.46,0.0065,0.0,BTC-28FEB20-12500-C,10163.59,69.93,0.006,84.3,0.007,50.0,72.73,3.67991,-8.83907,0.39731,0.00012,0.10125
10534.61,BTC-27MAR20,1581591542734,open,0.08,676.8,0.044,0.101,0.06960756,64.52,0.0685,0.0,BTC-27MAR20-11000-C,10163.59,63.34,0.068,22.8,0.0705,15.7,65.18,14.35232,-10.79941,4.90734,0.00017,0.46617
11158.87,SYN.BTC-25SEP20,1581591542741,open,0.03,81.9,0.012,0.067,0.03066056,80.13,0.032,0.0,BTC-25SEP20-28000-C,10163.59,79.4,0.0295,17.9,0.0315,6.0,80.64,18.07283,-3.21979,6.51483,3e-05,0.12542
10232.41,SYN.BTC-21FEB20,1581591542845,open,0.06,117.6,0.025,0.0725,0.04396842,54.06,0.048,0.0,BTC-21FEB20-10000-C,10163.59,56.81,0.0455,3.0,0.049,18.0,63.07,5.68036,-19.4948,1.29154,0.00047,0.62894
10232.41,SYN.BTC-21FEB20,1581591542847,open,0.06,117.6,0.025,0.0725,0.04396842,54.06,0.048,0.0,BTC-21FEB20-10000-C,10163.59,56.81,0.0455,7.7,0.049,18.0,63.07,5.68036,-19.4948,1.29154,0.00047,0.62894
10171.89,SYN.BTC-14FEB20,1581591542852,open,0.02,780.2,0.0005,0.0275,0.00657632,50.71,0.007,0.0,BTC-14FEB20-10250-C,10163.59,52.98,0.007,16.7,0.0085,4.0,60.92,1.90273,-48.24823,0.09206,0.00151,0.3838
10232.41,SYN.BTC-21FEB20,1581591542860,open,0.06,117.6,0.025,0.0725,0.04396842,54.06,0.048,0.0,BTC-21FEB20-10000-C,10163.59,56.81,0.0455,3.0,0.049,18.0,63.07,5.68036,-19.4948,1.29154,0.00047,0.62894
10171.89,SYN.BTC-14FEB20,1581591542864,open,0.02,780.2,0.0005,0.0275,0.00657632,50.71,0.007,0.0,BTC-14FEB20-10250-C,10163.59,52.98,0.007,16.2,0.0085,4.0,60.92,1.90273,-48.24823,0.09206,0.00151,0.3838
10171.89,SYN.BTC-14FEB20,1581591542866,open,0.01,325.3,0.001,0.038,0.01420052,50.42,0.013,0.0,BTC-14FEB20-10250-P,10163.59,43.96,0.013,12.9,0.0145,23.0,52.02,1.90168,-47.94369,-0.15402,0.00152,-0.61691
10232.41,SYN.BTC-21FEB20,1581591542876,open,0.0,155.0,0.0005,0.0145,0.00293969,77.03,0.003,0.0,BTC-21FEB20-12250-C,10163.59,74.49,0.0025,11.6,0.0035,60.4,79.99,1.84929,-9.04405,0.13158,0.00011,0.06253
10534.61,BTC-27MAR20,1581591542885,open,0.1,202.8,0.083,0.1505,0.11374317,64.49,0.1125,0.0,BTC-27MAR20-11000-P,10163.59,62.85,0.1115,3.0,0.114,3.0,64.68,14.35215,-10.79416,-8.0143,0.00017,-0.53389
10534.61,BTC-27MAR20,1581591542887,open,0.03,774.7,0.0115,0.0535,0.02776314,69.95,0.0285,0.0,BTC-27MAR20-13000-C,10163.59,68.71,0.0265,50.6,0.029,19.3,71.14,10.81329,-8.82038,2.43382,0.00012,0.22444
10886.49,BTC-26JUN20,1581591542888,open,0.02,113.7,0.0075,0.05,0.02157636,79.61,0.023,0.0,BTC-26JUN20-22000-C,10163.59,78.21,0.02,21.0,0.0225,6.0,80.4,12.52541,-3.72408,3.59413,4e-05,0.11159
10886.49,BTC-26JUN20,1581591542891,open,0.02,113.7,0.0075,0.05,0.02157636,79.61,0.023,0.0,BTC-26JUN20-22000-C,10163.59,78.21,0.02,26.1,0.0225,6.0,80.4,12.52541,-3.72408,3.59413,4e-05,0.11159
10232.41,SYN.BTC-21FEB20,1581591542893,open,0.04,158.6,0.0145,0.0585,0.03070703,53.82,0.035,0.0,BTC-21FEB20-10250-C,10163.59,57.73,0.033,22.0,0.0355,31.4,62.0,5.99539,-20.48577,1.05183,0.00049,0.5071
10232.41,SYN.BTC-21FEB20,1581591542895,open,0.03,288.9,0.008,0.0475,0.02463569,61.03,0.025,0.0,BTC-21FEB20-10500-C,10163.59,59.03,0.0235,14.5,0.0255,37.1,62.55,5.82171,-22.55725,0.83749,0.00042,0.40395
10292.94,SYN.BTC-28FEB20,1581591542897,open,0.03,291.6,0.0165,0.062,0.03590688,61.54,0.0325,0.0,BTC-28FEB20-10000-P,10163.59,53.2,0.0295,46.9,0.032,18.1,56.46,7.9379,-16.41915,-1.76223,0.0003,-0.38418
10232.41,SYN.BTC-21FEB20,1581591542897,open,0.03,288.9,0.008,0.0475,0.02463569,61.03,0.025,0.0,BTC-21FEB20-10500-C,10163.59,59.03,0.0235,14.5,0.0255,26.0,62.55,5.82171,-22.55725,0.83749,0.00042,0.40395
10232.41,SYN.BTC-21FEB20,1581591542899,open,0.04,67.1,0.0275,0.0785,0.05071376,60.9,0.044,0.0,BTC-21FEB20-10500-P,10163.59,51.67,0.0455,13.8,0.048,19.9,56.12,5.82072,-22.50619,-1.42856,0.00042,-0.59632
10232.41,SYN.BTC-21FEB20,1581591542900,open,0.04,158.6,0.0145,0.0585,0.03070703,53.82,0.035,0.0,BTC-21FEB20-10250-C,10163.59,57.73,0.033,21.9,0.0355,31.4,62.0,5.99539,-20.48577,1.05183,0.00049,0.5071
10232.41,SYN.BTC-21FEB20,1581591542901,open,0.02,664.8,0.0025,0.0315,0.01235869,64.01,0.012,0.0,BTC-21FEB20-11000-C,10163.59,63.21,0.012,14.0,0.013,31.7,65.42,4.61958,-18.77327,0.4917,0.00032,0.23506
10232.41,SYN.BTC-21FEB20,1581591542903,open,0.01,122.2,0.0005,0.026,0.0088907,66.17,0.009,0.0,BTC-21FEB20-11250-C,10163.59,65.14,0.0085,14.2,0.0095,24.0,67.75,3.90281,-16.39585,0.37121,0.00026,0.17702
10232.41,SYN.BTC-21FEB20,1581591542903,open,0.04,67.1,0.0275,0.0785,0.05071376,60.9,0.044,0.0,BTC-21FEB20-10500-P,10163.59,51.67,0.0455,13.8,0.048,29.7,56.12,5.82072,-22.50619,-1.42856,0.00042,-0.59632
10232.41,SYN.BTC-21FEB20,1581591542905,open,0.01,80.5,0.0005,0.0215,0.00641689,68.31,0.0075,0.0,BTC-21FEB20-11500-C,10163.59,66.96,0.006,19.7,0.007,30.0,70.12,3.22484,-13.98444,0.27878,0.00021,0.13268
10232.41,SYN.BTC-21FEB20,1581591542905,open,0.02,664.8,0.0025,0.0315,0.01235869,64.01,0.012,0.0,BTC-21FEB20-11000-C,10163.59,63.21,0.012,14.0,0.013,32.4,65.42,4.61958,-18.77327,0.4917,0.00032,0.23506
10534.61,BTC-27MAR20,1581591542911,open,0.01,404.0,0.003,0.0315,0.01266334,76.32,0.014,0.0,BTC-27MAR20-15000-C,10163.59,75.29,0.012,56.8,0.0135,13.3,77.59,6.84228,-6.08988,1.21939,7e-05,0.1112
10292.94,SYN.BTC-28FEB20,1581591542913,open,0.02,267.6,0.0045,0.0365,0.01610553,66.23,0.017,0.0,BTC-28FEB20-11500-C,10163.59,64.38,0.015,37.8,0.017,44.0,67.7,6.19853,-13.79861,0.8674,0.00022,0.22288
10292.94,SYN.BTC-28FEB20,1581591542919,open,0.01,374.8,0.0005,0.0275,0.01015202,68.75,0.012,0.0,BTC-28FEB20-12000-C,10163.59,67.34,0.0095,15.1,0.011,50.0,70.52,4.84569,-11.19684,0.58681,0.00016,0.15004
10887.08,BTC-26JUN20,1581591542925,open,0.01,514.1,0.0005,0.024,0.00719684,88.2,0.007,0.0,BTC-26JUN20-32000-C,10163.59,86.82,0.0065,28.0,0.0075,6.0,88.78,5.67623,-1.86987,1.30794,1e-05,0.03995
10887.08,BTC-26JUN20,1581591542928,open,0.09,749.2,0.0515,0.128,0.08395798,71.31,0.085,0.0,BTC-26JUN20-14000-C,10163.59,70.89,0.083,1.0,0.085,8.8,71.77,24.59682,-6.55084,10.90488,8e-05,0.35704
264.62,SYN.ETH-21FEB20,1581591542930,open,0.01,1014.0,0.001,0.029,0.009904,92.47,0.012,0.0,ETH-21FEB20-230-P,262.61,89.6,0.009,631.0,0.01,300.0,92.77,0.08466,-0.49704,-0.00831,0.00606,-0.13563
264.62,SYN.ETH-21FEB20,1581591542932,open,0.01,112.0,0.002,0.037,0.013559,105.95,0.021,0.0,ETH-21FEB20-310-C,262.61,101.72,0.012,925.0,0.015,869.0,109.7,0.09977,-0.67106,0.00915,0.00623,0.17381
264.62,SYN.ETH-21FEB20,1581591542934,open,0.01,1001.0,0.001,0.028,0.008407,114.88,0.008,0.0,ETH-21FEB20-330-C,262.61,109.59,0.007,902.0,0.01,650.0,120.41,0.07331,-0.53471,0.00583,0.00422,0.11047
10886.33,BTC-26JUN20,1581591542936,open,1.89,0.0,1.8835,2.02,1.94636614,87.63,None,0.0,BTC-26JUN20-32000-P,10163.4,0.0,0.0,0.0,0.0,0.0,0.0,5.52748,-1.80904,-116.10185,1e-05,-0.96133
10886.33,BTC-26JUN20,1581591542938,open,1.01,0.0,0.9905,1.106,1.04225526,79.43,None,0.0,BTC-26JUN20-22000-P,10163.4,0.0,0.001,2.0,2.21,1.0,500.0,12.4671,-3.69852,-77.11882,4e-05,-0.88913
10171.89,SYN.BTC-14FEB20,1581591542935,open,0.0,175.9,0.0005,0.0105,0.0,62.53,0.0005,0.0,BTC-14FEB20-7750-P,10163.4,0.0,0.0,0.0,0.0005,20.1,250.58,0.0,0.0,0.0,0.0,0.0
10886.14,BTC-26JUN20,1581591542939,open,1.71,0.0,1.704,1.8355,1.76416732,86.21,None,0.0,BTC-26JUN20-30000-P,10163.4,0.0,0.0,0.0,0.0,0.0,0.0,6.40843,-2.06338,-108.5151,2e-05,-0.95357
10171.89,SYN.BTC-14FEB20,1581591542935,open,0.0,336.4,0.0005,0.0105,0.00017792,90.05,0.001,0.0,BTC-14FEB20-11250-C,10163.4,0.0,0.0,0.0,0.0005,10.0,104.59,0.15392,-1.80975,0.00285,7e-05,0.01185
10171.89,SYN.BTC-14FEB20,1581591542935,open,0.0,210.8,0.0005,0.0105,6.76e-06,90.04,0.0005,0.0,BTC-14FEB20-11750-C,10163.4,0.0,0.0,0.0,0.0005,50.0,141.18,0.01018,-0.06872,0.00014,0.0,0.00058
10171.89,SYN.BTC-14FEB20,1581591542935,open,0.0,445.5,0.0005,0.0105,0.0,60.53,0.0005,0.0,BTC-14FEB20-8750-P,10163.4,0.0,0.0,0.0,0.0005,40.1,149.73,0.0,-1e-05,0.0,0.0,0.0
10171.89,SYN.BTC-14FEB20,1581591542935,open,0.0,689.9,0.0005,0.0105,9.663e-05,60.01,0.001,0.0,BTC-14FEB20-9500-P,10163.4,0.0,0.0,0.0,0.0005,40.0,76.87,0.12871,-0.98286,-0.00238,9e-05,-0.00965
10171.89,SYN.BTC-14FEB20,1581591542935,open,0.0,754.4,0.0005,0.011,0.00069736,90.04,0.0005,0.0,BTC-14FEB20-11000-C,10163.4,84.88,0.0005,0.1,0.001,52.0,96.5,0.42784,-7.09348,0.00955,0.00019,0.03983
10171.89,SYN.BTC-14FEB20,1581591542935,open,0.0,326.0,0.0005,0.0105,0.0,60.85,0.0005,0.0,BTC-14FEB20-8500-P,10163.4,0.0,0.0,0.0,0.0005,40.1,174.3,0.0,0.0,0.0,0.0,0.0
10171.89,SYN.BTC-14FEB20,1581591542935,open,0.0,78.2,0.0005,0.0105,0.0,63.18,0.0005,0.0,BTC-14FEB20-7500-P,10163.4,0.0,0.0,0.0,0.0005,20.1,277.13,0.0,0.0,0.0,0.0,0.0
10171.89,SYN.BTC-14FEB20,1581591542936,open,0.0,705.1,0.0005,0.0105,4.78e-06,60.18,0.0005,0.0,BTC-14FEB20-9250-P,10163.4,0.0,0.0,0.0,0.0005,70.0,101.19,0.01052,-0.04864,-0.00015,1e-05,-0.0006
10171.89,SYN.BTC-14FEB20,1581591542935,open,0.25,2.0,0.223,0.253,0.2381378,190.25,0.2175,0.0,BTC-14FEB20-7750-C,10163.4,0.0,0.2305,5.0,0.248,5.0,448.45,0.02453,-2.3333,0.18556,1e-05,0.99849
10171.89,SYN.BTC-14FEB20,1581591542935,open,0.0,690.5,0.0005,0.0105,1e-07,60.33,0.0005,0.0,BTC-14FEB20-9000-P,10163.4,0.0,0.0,0.0,0.0005,43.7,125.4,0.00035,-0.00107,0.0,0.0,-2e-05
10171.89,SYN.BTC-14FEB20,1581591542935,open,0.23,15.6,0.1975,0.2295,0.2135616,170.19,0.233,0.0,BTC-14FEB20-8000-C,10163.4,0.0,0.2055,5.0,0.2235,5.0,409.3,0.02774,-2.36072,0.1915,1e-05,0.99827
10171.89,SYN.BTC-14FEB20,1581591542935,open,0.0,466.5,0.0005,0.0105,0.0,61.3,0.0005,0.0,BTC-14FEB20-8250-P,10163.4,0.0,0.0,0.0,0.0005,40.1,199.24,0.0,0.0,0.0,0.0,0.0
10292.94,SYN.BTC-28FEB20,1581591542954,open,0.05,157.7,0.0365,0.09,0.06071399,61.52,0.053,0.0,BTC-28FEB20-10500-P,10163.4,52.5,0.0535,6.0,0.0565,23.6,56.26,8.24983,-17.05945,-2.51634,0.00031,-0.53914
10171.89,SYN.BTC-14FEB20,1581591542935,open,0.0,269.1,0.0005,0.0105,0.0,61.88,0.0005,0.0,BTC-14FEB20-8000-P,10163.4,0.0,0.0,0.0,0.0005,40.2,224.64,0.0,0.0,0.0,0.0,0.0
10171.89,SYN.BTC-14FEB20,1581591542936,open,0.0,489.6,0.0005,0.0105,3.786e-05,90.05,0.0005,0.0,BTC-14FEB20-11500-C,10163.4,0.0,0.0,0.0,0.0005,50.2,123.3,0.04404,-0.38509,0.0007,2e-05,0.00289
11158.87,SYN.BTC-25SEP20,1581591542958,open,0.11,314.2,0.067,0.1585,0.10607489,72.37,0.1095,0.0,BTC-25SEP20-16000-C,10163.4,71.66,0.104,9.0,0.1075,4.9,72.85,32.86198,-5.28758,17.6648,6e-05,0.36302
10171.89,SYN.BTC-14FEB20,1581591542936,open,0.28,5.0,0.248,0.277,0.262714,210.73,0.237,0.0,BTC-14FEB20-7500-C,10163.4,0.0,0.2555,5.0,0.272,5.0,481.42,0.02183,-2.29991,0.1796,0.0,0.99867
288.9,SYN.ETH-25SEP20,1581591542959,open,0.14,665.0,0.093,0.193,0.141387,90.2,0.121,0.0,ETH-25SEP20-220-P,262.61,85.84,0.131,215.0,0.138,274.0,88.78,0.68858,-0.1381,-0.66105,0.00148,-0.23
10292.94,SYN.BTC-28FEB20,1581591542962,open,0.05,157.7,0.0365,0.09,0.06071399,61.52,0.053,0.0,BTC-28FEB20-10500-P,10163.4,52.5,0.0535,23.7,0.0565,23.6,56.26,8.24983,-17.05945,-2.51634,0.00031,-0.53914
288.9,SYN.ETH-25SEP20,1581591542963,open,0.18,434.0,0.122,0.234,0.176702,90.14,0.169,0.0,ETH-25SEP20-240-P,262.61,85.24,0.164,255.0,0.172,265.0,88.32,0.74838,-0.14999,-0.7933,0.00161,-0.26899
10886.33,BTC-26JUN20,1581591542966,open,0.32,230.0,0.2815,0.345,0.31062297,67.73,0.313,0.0,BTC-26JUN20-8000-C,10163.4,65.01,0.3065,11.0,0.319,21.0,73.11,16.65309,-4.21274,20.75785,6e-05,0.83049
288.9,SYN.ETH-25SEP20,1581591542968,open,0.26,1.0,0.192,0.324,0.256885,90.08,0.282,0.0,ETH-25SEP20-280-P,262.61,85.29,0.243,238.0,0.252,238.0,88.39,0.83585,-0.1674,-1.07201,0.0018,-0.34539
288.9,SYN.ETH-25SEP20,1581591543011,open,0.14,427.0,0.08,0.196,0.135531,94.69,0.113,0.0,ETH-25SEP20-480-C,262.61,93.17,0.131,281.0,0.14,209.0,96.19,0.86185,-0.18146,0.43113,0.00177,0.37775
262.86,SYN.ETH-14FEB20,1581591543017,open,0.07,1422.0,0.021,0.082,0.052126,94.53,0.05,0.0,ETH-14FEB20-250-C,262.61,44.39,0.049,85.0,0.058,60.0,140.16,0.02785,-1.31636,0.00513,0.01777,0.86574
288.9,SYN.ETH-25SEP20,1581591543028,open,0.12,300.0,0.066,0.178,0.118635,95.26,0.115,0.0,ETH-25SEP20-520-C,262.61,93.64,0.114,284.0,0.124,600.0,97.12,0.83099,-0.17601,0.3942,0.0017,0.34011
288.9,SYN.ETH-25SEP20,1581591543030,open,0.11,563.0,0.055,0.162,0.104735,95.91,0.099,0.0,ETH-25SEP20-560-C,262.61,94.18,0.1,493.0,0.11,386.0,97.8,0.79724,-0.17001,0.361,0.00162,0.30755
288.9,SYN.ETH-25SEP20,1581591543034,open,0.11,563.0,0.055,0.162,0.104735,95.91,0.099,0.0,ETH-25SEP20-560-C,262.61,94.18,0.1,493.0,0.11,588.0,97.8,0.79724,-0.17001,0.361,0.00162,0.30755
288.9,SYN.ETH-25SEP20,1581591543042,open,0.1,166.0,0.046,0.148,0.09222,96.23,0.089,0.0,ETH-25SEP20-600-C,262.61,95.0,0.089,204.0,0.096,3.0,97.66,0.76019,-0.16265,0.33001,0.00154,0.27763
288.9,SYN.ETH-25SEP20,1581591543045,open,0.09,1701.0,0.039,0.136,0.082249,96.81,0.075,0.0,ETH-25SEP20-640-C,262.61,95.51,0.079,206.0,0.086,3.0,98.3,0.72438,-0.15593,0.303,0.00146,0.25248
288.9,SYN.ETH-25SEP20,1581591543069,open,0.08,2.0,0.034,0.127,0.074572,97.73,0.057,0.0,ETH-25SEP20-680-C,262.61,96.23,0.071,227.0,0.078,4.0,99.15,0.6919,-0.15035,0.2802,0.00138,0.232
288.9,SYN.ETH-25SEP20,1581591543170,open,0.07,12.0,0.03,0.119,0.068181,98.71,0.057,0.0,ETH-25SEP20-720-C,262.61,97.31,0.065,200.0,0.072,393.0,100.36,0.66153,-0.14519,0.26028,0.0013,0.21441
288.9,SYN.ETH-25SEP20,1581591543173,open,0.06,0.0,0.026,0.113,0.063158,99.88,None,0.0,ETH-25SEP20-760-C,262.61,97.96,0.059,199.0,0.068,187.0,102.05,0.63478,-0.14097,0.24349,0.00124,0.19996
10292.94,SYN.BTC-28FEB20,1581591543226,open,0.05,157.7,0.0365,0.09,0.06071399,61.52,0.053,0.0,BTC-28FEB20-10500-P,10163.4,52.5,0.0535,6.0,0.0565,23.6,56.26,8.24983,-17.05945,-2.51634,0.00031,-0.53914
288.9,SYN.ETH-25SEP20,1581591543468,open,0.01,721.0,0.001,0.017,0.007023,96.59,0.008,0.0,ETH-25SEP20-80-P,262.61,93.68,0.006,661.0,0.008,170.0,99.18,0.10559,-0.02268,-0.0465,0.00021,-0.0191
273.38,ETH-27MAR20,1581591543471,open,0.36,2570.0,0.327,0.382,0.354357,95.9,0.367,0.0,ETH-27MAR20-180-C,262.62,83.59,0.349,300.0,0.359,325.0,104.8,0.13336,-0.14915,0.18308,0.00158,0.92446
273.38,ETH-27MAR20,1581591543471,open,0.71,20.0,0.698,0.717,0.707558,128.97,0.625,0.0,ETH-27MAR20-80-C,262.62,0.0,0.702,35.0,0.713,35.0,203.33,0.00414,-0.00622,0.09348,4e-05,0.99865
284.01,ETH-26JUN20,1581591543471,open,0.79,2.0,0.78,0.799,0.789236,101.47,0.749,0.0,ETH-26JUN20-60-C,262.62,0.0,0.783,41.0,0.795,41.0,147.28,0.01226,-0.00465,0.21718,4e-05,0.99772
273.38,ETH-27MAR20,1581591543471,open,0.57,158.0,0.548,0.579,0.562986,117.12,0.211,0.0,ETH-27MAR20-120-C,262.62,0.0,0.561,1.0,0.57,29.0,154.95,0.02961,-0.04044,0.13643,0.00029,0.98784
284.01,ETH-26JUN20,1581591543470,open,1.11,0.0,1.069,1.243,1.151051,95.99,None,0.0,ETH-26JUN20-600-P,262.62,0.0,0.01,50.0,0.0,0.0,0.0,0.41792,-0.14983,-2.07444,0.00147,-0.84034
273.38,ETH-27MAR20,1581591543471,open,0.02,2108.0,0.007,0.043,0.021327,90.08,0.02,0.0,ETH-27MAR20-200-P,262.62,86.65,0.019,1220.0,0.024,1220.0,93.86,0.18926,-0.19882,-0.04592,0.00239,-0.12167
264.62,SYN.ETH-21FEB20,1581591543470,open,0.26,1.0,0.222,0.272,0.246266,107.25,0.114,0.0,ETH-21FEB20-200-C,262.62,0.0,0.244,1.0,0.259,20.0,172.17,0.02771,-0.18867,0.04122,0.00171,0.96827
284.02,ETH-26JUN20,1581591543473,open,0.29,1031.0,0.232,0.328,0.281096,88.2,0.286,0.0,ETH-26JUN20-240-C,262.62,85.7,0.276,180.0,0.294,180.0,94.53,0.57919,-0.1908,0.45705,0.00222,0.71983
273.38,ETH-27MAR20,1581591543473,open,0.33,7.0,0.301,0.412,0.354604,91.87,1.702,0.0,ETH-27MAR20-360-P,262.62,0.0,0.01,30.0,0.871,1.0,500.0,0.28913,-0.30976,-0.35897,0.00358,-0.76322
273.38,ETH-27MAR20,1581591543473,open,0.54,112.0,0.511,0.544,0.527076,111.87,0.194,0.0,ETH-27MAR20-130-C,262.62,0.0,0.524,1.0,0.536,28.0,150.19,0.03864,-0.05042,0.14655,0.00039,0.98343
273.38,ETH-27MAR20,1581591543474,open,0.64,1148.0,0.623,0.647,0.635084,126.25,0.346,0.0,ETH-27MAR20-100-C,262.62,0.0,0.634,1.0,0.641,32.0,175.02,0.01483,-0.02183,0.11541,0.00013,0.99447
266.38,SYN.ETH-28FEB20,1581591543471,open,0.48,113.0,0.459,0.491,0.474693,122.4,0.233,0.0,ETH-28FEB20-140-C,262.62,0.0,0.466,25.0,0.483,25.0,210.27,0.00521,-0.02144,0.05668,0.00015,0.9968
266.38,SYN.ETH-28FEB20,1581591543470,open,0.04,1918.0,0.011,0.064,0.033624,95.66,0.048,0.0,ETH-28FEB20-300-C,262.62,91.91,0.031,280.0,0.037,1206.0,100.42,0.18752,-0.60294,0.02913,0.00678,0.30192
288.9,SYN.ETH-25SEP20,1581591543477,open,0.06,0.0,0.023,0.106,0.05761,100.45,None,0.0,ETH-25SEP20-800-C,262.62,98.21,0.053,248.0,0.062,186.0,102.51,0.60468,-0.13505,0.2262,0.00117,0.18469
262.86,SYN.ETH-14FEB20,1581591543470,open,0.0,363.0,0.001,0.011,5.4e-05,121.57,0.001,0.0,ETH-14FEB20-310-C,262.62,0.0,0.0,0.0,0.001,11.0,176.04,0.0012,-0.01429,2e-05,0.0006,0.00307
264.62,SYN.ETH-21FEB20,1581591543470,open,0.0,119.0,0.001,0.015,0.003605,102.43,0.004,0.0,ETH-21FEB20-210-P,262.62,98.46,0.003,650.0,0.004,300.0,104.83,0.04231,-0.27512,-0.00326,0.00273,-0.05351
264.62,SYN.ETH-21FEB20,1581591543470,open,0.29,45.0,0.26,0.308,0.283631,118.85,0.16,0.0,ETH-21FEB20-190-C,262.62,68.12,0.282,2.0,0.295,20.0,187.81,0.02163,-0.16321,0.03956,0.0012,0.97642
264.62,SYN.ETH-21FEB20,1581591543471,open,0.22,56.0,0.183,0.238,0.210175,103.42,0.236,0.0,ETH-21FEB20-210-C,262.62,0.0,0.206,1.0,0.223,19.0,155.8,0.04327,-0.28414,0.04195,0.00277,0.94495
264.62,SYN.ETH-21FEB20,1581591543470,open,0.12,128.0,0.076,0.144,0.110841,92.3,0.14,0.0,ETH-21FEB20-240-C,262.62,0.0,0.082,21.0,0.14,21.0,153.56,0.11368,-0.66617,0.03847,0.00815,0.78466
262.86,SYN.ETH-14FEB20,1581591543471,open,0.01,172.0,0.001,0.041,0.01302,92.31,0.023,0.0,ETH-14FEB20-260-P,262.62,86.89,0.012,650.0,0.017,270.0,113.29,0.0496,-2.28913,-0.00258,0.03241,-0.39567
262.86,SYN.ETH-14FEB20,1581591543470,open,0.18,1561.0,0.138,0.189,0.163214,148.96,0.149,0.0,ETH-14FEB20-220-C,262.62,0.0,0.144,10.0,0.184,10.0,427.11,0.0024,-0.17842,0.00524,0.00097,0.99336
284.02,ETH-26JUN20,1581591543504,open,0.04,1038.0,0.023,0.078,0.046995,89.39,0.053,0.0,ETH-26JUN20-180-P,262.62,86.28,0.043,898.0,0.051,692.0,92.44,0.36931,-0.12329,-0.18732,0.0014,-0.13282
264.62,SYN.ETH-21FEB20,1581591543520,open,0.04,1016.0,0.009,0.064,0.033078,95.5,0.028,0.0,ETH-21FEB20-280-C,262.62,89.92,0.03,680.0,0.036,1149.0,100.75,0.14673,-0.88959,0.01922,0.01017,0.36972
266.38,SYN.ETH-28FEB20,1581591543521,open,0.07,337.0,0.031,0.096,0.062965,85.88,0.068,0.0,ETH-28FEB20-270-C,262.62,84.68,0.062,860.0,0.07,460.0,94.62,0.21453,-0.61926,0.04783,0.00864,0.50352
273.38,ETH-27MAR20,1581591543533,open,0.11,7893.0,0.068,0.146,0.106751,85.92,0.105,0.0,ETH-27MAR20-280-C,262.62,83.9,0.104,258.0,0.111,889.0,89.03,0.37298,-0.37371,0.13473,0.00494,0.5263
273.38,ETH-27MAR20,1581591543548,open,0.04,3204.0,0.015,0.069,0.037996,92.1,0.046,0.0,ETH-27MAR20-360-C,262.62,89.24,0.035,943.0,0.041,768.0,94.9,0.28966,-0.3111,0.06409,0.00358,0.23757
284.02,ETH-26JUN20,1581591543556,open,0.04,1038.0,0.023,0.078,0.046995,89.39,0.053,0.0,ETH-26JUN20-180-P,262.62,86.28,0.043,898.0,0.051,987.0,92.44,0.36931,-0.12329,-0.18732,0.0014,-0.13282
264.62,SYN.ETH-21FEB20,1581591543716,open,0.04,811.0,0.016,0.08,0.045005,91.79,0.045,0.0,ETH-21FEB20-260-P,262.62,83.08,0.04,680.0,0.045,210.0,91.78,0.15206,-0.88614,-0.02664,0.01096,-0.4215
10232.41,SYN.BTC-21FEB20,1581591543741,open,0.0,155.0,0.0005,0.0145,0.00293969,77.03,0.003,0.0,BTC-21FEB20-12250-C,10163.4,74.49,0.0025,11.6,0.0035,80.4,79.99,1.84929,-9.04405,0.13158,0.00011,0.06253
10292.94,SYN.BTC-28FEB20,1581591543742,open,0.05,157.7,0.0365,0.09,0.06071399,61.52,0.053,0.0,BTC-28FEB20-10500-P,10163.4,52.5,0.0535,23.7,0.0565,23.6,56.26,8.24983,-17.05945,-2.51634,0.00031,-0.53914
10533.4,BTC-27MAR20,1581591543743,open,0.1,202.8,0.083,0.1505,0.11374317,64.44,0.1125,0.0,BTC-27MAR20-11000-P,10163.4,62.79,0.1115,14.7,0.114,3.0,64.63,14.34954,-10.78306,-8.01721,0.00017,-0.5342
10533.4,BTC-27MAR20,1581591543745,open,0.03,774.7,0.0115,0.0535,0.02776314,69.97,0.0285,0.0,BTC-27MAR20-13000-C,10163.4,68.73,0.0265,50.6,0.029,38.2,71.17,10.81069,-8.82103,2.43293,0.00012,0.22439
10886.0,BTC-26JUN20,1581591543746,open,0.02,113.7,0.0075,0.05,0.02157636,79.61,0.023,0.0,BTC-26JUN20-22000-C,10163.4,78.22,0.02,26.1,0.0225,21.0,80.41,12.52456,-3.724,3.59383,4e-05,0.11158
264.62,SYN.ETH-21FEB20,1581591543750,open,0.01,1014.0,0.001,0.029,0.009904,92.47,0.012,0.0,ETH-21FEB20-230-P,262.62,89.6,0.009,630.0,0.01,300.0,92.77,0.08466,-0.49704,-0.00831,0.00606,-0.13563
264.62,SYN.ETH-21FEB20,1581591543754,open,0.08,265.0,0.052,0.132,0.090984,95.11,0.062,0.0,ETH-21FEB20-280-P,262.62,80.49,0.083,205.0,0.091,635.0,95.14,0.14663,-0.88542,-0.04122,0.0102,-0.631
264.62,SYN.ETH-21FEB20,1581591543790,open,0.01,112.0,0.002,0.037,0.013559,105.95,0.021,0.0,ETH-21FEB20-310-C,262.62,101.72,0.012,930.0,0.015,869.0,109.7,0.09977,-0.67106,0.00915,0.00623,0.17381
264.62,SYN.ETH-21FEB20,1581591543792,open,0.01,1001.0,0.001,0.028,0.008407,114.88,0.008,0.0,ETH-21FEB20-330-C,262.62,109.59,0.007,912.0,0.01,650.0,120.41,0.07331,-0.53471,0.00583,0.00422,0.11047
284.02,ETH-26JUN20,1581591543794,open,0.06,732.0,0.037,0.105,0.068183,88.61,0.075,0.0,ETH-26JUN20-200-P,262.62,85.3,0.063,948.0,0.072,200.0,91.01,0.44866,-0.14847,-0.25676,0.00171,-0.17829
284.02,ETH-26JUN20,1581591543798,open,0.09,34.0,0.056,0.138,0.094506,88.21,0.086,0.0,ETH-26JUN20-220-P,262.62,84.64,0.088,952.0,0.099,940.0,90.66,0.51984,-0.17126,-0.33604,0.00199,-0.22807
10533.4,BTC-27MAR20,1581591543800,open,2.71,1.4,2.723,2.8745,2.79691518,0.0,3.051,0.0,BTC-27MAR20-40000-P,10163.4,0.0,0.0005,1.0,0.0,0.0,0.0,0.0,0.0,-46.98706,0.0,-1.0
284.02,ETH-26JUN20,1581591543804,open,0.12,208.0,0.081,0.175,0.126077,88.19,0.127,0.0,ETH-26JUN20-240-P,262.62,84.72,0.119,896.0,0.13,10.0,90.11,0.57919,-0.19076,-0.42319,0.00222,-0.28016
284.02,ETH-26JUN20,1581591543805,open,0.19,89.0,0.146,0.26,0.201776,88.06,0.197,0.0,ETH-26JUN20-280-P,262.62,85.57,0.196,180.0,0.207,326.0,90.32,0.65731,-0.21618,-0.61086,0.00252,-0.38461
284.02,ETH-26JUN20,1581591543820,open,0.22,993.0,0.163,0.267,0.215964,88.08,0.221,0.0,ETH-26JUN20-280-C,262.62,85.93,0.211,180.0,0.221,307.0,90.25,0.65731,-0.21622,0.41611,0.00252,0.6154
284.02,ETH-26JUN20,1581591543828,open,0.14,2030.0,0.083,0.184,0.13223,90.2,0.135,0.0,ETH-26JUN20-360-C,262.62,88.43,0.128,140.0,0.136,400.0,91.78,0.6774,-0.22821,0.31658,0.00254,0.43612
284.02,ETH-26JUN20,1581591543833,open,0.11,5119.0,0.06,0.155,0.105246,91.38,0.108,0.0,ETH-26JUN20-400-C,262.62,89.52,0.101,140.0,0.11,398.0,93.46,0.64724,-0.22091,0.27183,0.00239,0.36618
284.01,ETH-26JUN20,1581591543860,open,0.03,0.0,0.009,0.059,0.027712,97.89,None,0.0,ETH-26JUN20-680-C,262.62,94.71,0.024,400.0,0.032,417.0,101.31,0.34354,-0.1256,0.09586,0.00119,0.11974
273.38,ETH-27MAR20,1581591543862,open,0.0,2283.0,0.001,0.013,0.003996,109.75,0.004,0.0,ETH-27MAR20-140-P,262.62,104.29,0.003,1089.0,0.005,680.0,114.51,0.054,-0.06911,-0.00918,0.00056,-0.02458
273.38,ETH-27MAR20,1581591543866,open,0.05,572.0,0.03,0.094,0.05925,85.84,0.055,0.0,ETH-27MAR20-240-P,262.62,83.0,0.056,953.0,0.062,192.0,88.23,0.31414,-0.31446,-0.1082,0.00417,-0.27769
273.38,ETH-27MAR20,1581591543870,open,0.12,445.0,0.088,0.176,0.130779,85.78,0.13,0.0,ETH-27MAR20-280-P,262.62,83.74,0.128,552.0,0.136,717.0,89.61,0.37299,-0.37312,-0.19416,0.00495,-0.47384
273.38,ETH-27MAR20,1581591543875,open,0.04,3204.0,0.015,0.069,0.037996,92.1,0.046,0.0,ETH-27MAR20-360-C,262.62,89.24,0.035,952.0,0.041,768.0,94.9,0.28966,-0.3111,0.06409,0.00358,0.23757
273.38,ETH-27MAR20,1581591543877,open,0.03,2756.0,0.007,0.049,0.023211,94.85,0.025,0.0,ETH-27MAR20-400-C,262.62,92.11,0.021,1120.0,0.026,1265.0,98.17,0.22485,-0.24872,0.04286,0.0027,0.15667
273.38,ETH-27MAR20,1581591543882,open,0.02,2204.0,0.004,0.036,0.01478,97.8,0.011,0.0,ETH-27MAR20-440-C,262.62,94.87,0.013,1469.0,0.017,590.0,101.24,0.17068,-0.19467,0.02906,0.00199,0.10526
273.38,ETH-27MAR20,1581591543883,open,0.01,3408.0,0.001,0.028,0.010292,101.8,0.009,0.0,ETH-27MAR20-480-C,262.62,99.04,0.009,462.0,0.012,790.0,105.17,0.13273,-0.15757,0.0208,0.00149,0.07507
273.38,ETH-27MAR20,1581591543886,open,0.01,1782.0,0.001,0.017,0.004957,107.01,0.006,0.0,ETH-27MAR20-560-C,262.62,103.42,0.004,669.0,0.006,712.0,110.46,0.07781,-0.0971,0.01068,0.00083,0.03822
266.38,SYN.ETH-28FEB20,1581591543904,open,0.09,7.0,0.064,0.146,0.1036,91.3,0.094,0.0,ETH-28FEB20-280-P,262.62,80.4,0.095,180.0,0.103,650.0,90.54,0.21115,-0.64798,-0.07321,0.008,-0.57079
266.38,SYN.ETH-28FEB20,1581591543915,open,0.03,3030.0,0.007,0.056,0.027434,98.48,0.024,0.0,ETH-28FEB20-310-C,262.62,94.67,0.025,930.0,0.03,972.0,102.4,0.17216,-0.56984,0.02455,0.00605,0.25353
10533.4,BTC-27MAR20,1581591543942,open,0.49,25.2,0.493,0.571,0.52836118,80.17,0.6,0.0,BTC-27MAR20-16000-P,10163.51,0.0,0.05,0.1,0.95,1.1,421.72,5.52631,-5.16632,-17.88193,5e-05,-0.91684
10533.4,BTC-27MAR20,1581591543943,open,0.86,5.3,0.8625,0.949,0.90238431,93.34,0.8605,0.0,BTC-27MAR20-20000-P,10163.51,0.0,0.0005,1.0,0.0,0.0,0.0,2.62866,-2.86115,-23.13595,2e-05,-0.96744
10886.0,BTC-26JUN20,1581591543943,open,0.39,125.9,0.358,0.409,0.38115649,68.54,0.3545,0.0,BTC-26JUN20-7000-C,10163.51,48.87,0.364,11.0,0.4,21.0,84.34,11.72222,-3.00065,20.6443,4e-05,0.8982
10533.4,BTC-27MAR20,1581591543943,open,0.4,0.0,0.3715,0.402,0.38545795,76.04,None,0.0,BTC-27MAR20-6500-C,10163.51,0.0,0.378,9.4,0.3975,6.0,111.49,2.01783,-1.78934,7.31062,2e-05,0.97629
10886.0,BTC-26JUN20,1581591543943,open,0.73,28.7,0.716,0.7355,0.72569182,95.03,0.715,0.0,BTC-26JUN20-3000-C,10163.51,0.0,0.7225,8.0,0.7325,8.0,129.27,1.07905,-0.38296,10.72308,0.0,0.99425
10886.11,BTC-26JUN20,1581591543943,open,0.64,0.5,0.6255,0.647,0.63508476,82.72,0.589,0.0,BTC-26JUN20-4000-C,10163.51,65.51,0.633,7.0,0.6425,7.0,106.88,2.0972,-0.6479,14.08112,1e-05,0.98774
10886.11,BTC-26JUN20,1581591543943,open,0.01,448.0,0.0005,0.0155,0.0057523,76.07,0.005,0.0,BTC-26JUN20-5000-P,10163.51,74.03,0.005,42.3,0.0065,31.0,77.96,4.17062,-1.18493,-1.32701,1e-05,-0.02748
