underlying_price,underlying_index,timestamp,state,settlement_price,open_interest,min_price,max_price,mark_price,mark_iv,last_price,interest_rate,instrument_name,index_price,bid_iv,best_bid_price,best_bid_amount,best_ask_price,best_ask_amount,ask_iv,vega,theta,rho,gamma,delta
8190.04,BTC-26JUN20,1578567540333,open,0.02,52.6,0.005,0.048,0.01773873,100.93,0.016,0.0,BTC-26JUN20-28000-C,7878.68,99.05,0.016,28.3,0.0195,30.1,102.73,7.79711,-2.32995,2.12798,2e-05,0.0739
8190.04,BTC-26JUN20,1578567540333,open,0.64,17.9,0.629,0.656,0.64047631,88.03,0.643,0.0,BTC-26JUN20-3000-C,7878.68,0.0,0.633,11.0,0.645,11.0,98.22,3.1512,-0.82136,12.71233,1e-05,0.97595
8190.04,BTC-26JUN20,1578567540333,open,0.1,463.4,0.0585,0.1495,0.09708378,82.1,0.107,0.0,BTC-26JUN20-12000-C,7878.68,80.86,0.094,19.1,0.1,15.7,83.26,20.47638,-4.97743,9.31161,8e-05,0.34282
8018.87,BTC-27MAR20,1578567540333,open,0.01,264.8,0.0005,0.0185,0.00478974,103.29,0.0045,0.0,BTC-27MAR20-22000-C,7878.68,100.65,0.004,20.0,0.005,24.0,103.95,2.5395,-1.68417,0.43605,2e-05,0.03028
8018.87,BTC-27MAR20,1578567540333,open,0.39,1.1,0.37,0.413,0.38929543,78.52,0.4155,0.0,BTC-27MAR20-5000-C,7878.68,64.3,0.382,16.0,0.396,16.0,88.47,4.91491,-2.4777,9.26907,5e-05,0.93106
8018.87,BTC-27MAR20,1578567540333,open,0.0,161.1,0.0005,0.0155,0.00359239,105.91,0.0035,0.0,BTC-27MAR20-24000-C,7878.68,103.41,0.003,20.0,0.004,24.0,107.48,2.01516,-1.37036,0.33132,1e-05,0.02296
8190.04,BTC-26JUN20,1578567540333,open,0.02,219.2,0.0035,0.04,0.01328811,103.42,0.0135,0.0,BTC-26JUN20-32000-C,7878.68,102.38,0.0125,14.6,0.014,2.0,104.33,6.32296,-1.9361,1.63436,2e-05,0.05642
8190.04,BTC-26JUN20,1578567540333,open,0.55,8.2,0.5035,0.634,0.5622763,82.1,0.8905,0.0,BTC-26JUN20-12000-P,7878.68,0.0,0.45,0.9,0.91,0.1,214.65,20.47631,-4.97737,-46.20921,8e-05,-0.65719
8190.04,BTC-26JUN20,1578567540333,open,0.43,0.0,0.4005,0.4595,0.42707578,77.27,None,0.0,BTC-26JUN20-5000-C,7878.68,60.19,0.407,9.0,0.435,9.0,83.12,10.79602,-2.46996,17.3619,5e-05,0.88526
8190.04,BTC-26JUN20,1578567540333,open,0.02,96.0,0.0065,0.053,0.02050115,99.24,0.0275,0.0,BTC-26JUN20-26000-C,7878.68,97.79,0.019,15.0,0.022,29.5,100.63,8.65019,-2.54166,2.43486,3e-05,0.08476
8018.87,BTC-27MAR20,1578567540333,open,0.09,1451.7,0.057,0.1285,0.08860923,72.75,0.09,0.0,BTC-27MAR20-9000-C,7878.68,72.14,0.0875,30.9,0.0895,0.6,73.25,14.55103,-6.79707,5.84707,0.00015,0.43037
8190.04,BTC-26JUN20,1578567540334,open,0.04,1004.4,0.013,0.0735,0.03395736,92.89,0.0375,0.0,BTC-26JUN20-20000-C,7878.68,91.9,0.0325,22.9,0.036,16.0,94.25,12.17512,-3.34852,3.87812,4e-05,0.1363
8190.04,BTC-26JUN20,1578567540333,open,0.03,27.1,0.01,0.065,0.02812955,95.13,0.03,0.0,BTC-26JUN20-22000-C,7878.68,93.88,0.0265,15.0,0.0295,17.0,96.16,10.7733,-3.03452,3.26921,4e-05,0.1144
8190.04,BTC-26JUN20,1578567540333,open,0.02,18.5,0.008,0.0585,0.02392289,97.35,0.028,0.0,BTC-26JUN20-24000-C,7878.68,96.12,0.0225,15.0,0.0255,29.8,98.67,9.63955,-2.77843,2.81027,3e-05,0.09809
7880.33,SYN.BTC-10JAN20,1578567540332,open,0.0,399.8,0.0005,0.0105,0.00012804,109.98,0.001,0.0,BTC-10JAN20-9000-C,7878.68,0.0,0.0,0.0,0.0005,41.2,131.77,0.07862,-1.00901,0.00137,5e-05,0.00736
8018.8,BTC-27MAR20,1578567540334,open,0.52,55.3,0.4845,0.582,0.52823449,80.42,0.49,0.0,BTC-27MAR20-12000-P,7878.68,0.0,0.4065,0.1,0.75,0.2,210.57,9.8609,-5.09182,-22.99445,9e-05,-0.81578
8018.8,BTC-27MAR20,1578567540334,open,0.2,619.4,0.1635,0.233,0.19595585,71.16,0.2245,0.0,BTC-27MAR20-7000-C,7878.68,65.7,0.1875,17.0,0.204,25.4,76.29,12.50521,-5.71309,8.93638,0.00013,0.71828
8018.8,BTC-27MAR20,1578567540334,open,0.01,644.1,0.0005,0.0215,0.00609412,99.17,0.01,0.0,BTC-27MAR20-20000-C,7878.68,97.58,0.0055,20.0,0.0065,24.0,100.19,3.10586,-1.97751,0.5575,2e-05,0.03868
8018.8,BTC-27MAR20,1578567540334,open,0.0,297.9,0.0005,0.0105,0.00046767,110.0,0.003,0.0,BTC-27MAR20-36000-C,7878.68,110.66,0.0005,52.6,0.0015,55.1,123.15,0.38438,-0.27147,0.05104,0.0,0.00345
8189.97,BTC-26JUN20,1578567540334,open,0.02,490.4,0.007,0.035,0.0168131,80.69,0.019,0.0,BTC-26JUN20-4000-P,7878.68,78.31,0.015,15.0,0.0185,37.1,82.81,6.3784,-1.52388,-2.79881,3e-05,-0.05705
8018.8,BTC-27MAR20,1578567540335,open,0.0,111.0,0.0005,0.0105,0.0009684,110.0,0.001,0.0,BTC-27MAR20-32000-C,7878.68,110.36,0.001,24.9,0.002,39.0,118.88,0.69996,-0.49435,0.0991,0.0,0.00676
7968.46,SYN.BTC-28FEB20,1578567540332,open,0.02,189.3,0.0065,0.042,0.01892057,74.23,0.018,0.0,BTC-28FEB20-11000-C,7878.68,72.56,0.0175,43.9,0.0195,35.0,74.9,6.85906,-5.10451,1.42411,0.00011,0.14971
8189.97,BTC-26JUN20,1578567540334,open,0.35,25.9,0.308,0.384,0.34286846,77.27,0.3185,0.0,BTC-26JUN20-6000-C,7878.68,65.63,0.3215,22.4,0.3615,14.0,87.02,15.42309,-3.52865,17.4608,6e-05,0.80366
8018.8,BTC-27MAR20,1578567540334,open,0.0,861.2,0.0005,0.0105,0.0002343,110.0,0.001,0.0,BTC-27MAR20-40000-C,7878.68,117.2,0.0005,62.8,0.001,15.0,124.98,0.21483,-0.15172,0.02701,0.0,0.00181
8189.97,BTC-26JUN20,1578567540335,open,0.53,0.5,0.5105,0.552,0.5284156,80.7,0.589,0.0,BTC-26JUN20-4000-C,7878.68,63.31,0.5175,10.0,0.5345,10.0,88.0,6.37919,-1.52419,15.70759,3e-05,0.94294
8018.8,BTC-27MAR20,1578567540335,open,0.29,27.1,0.257,0.3145,0.28340482,73.39,0.297,0.0,BTC-27MAR20-6000-C,7878.68,54.31,0.265,18.0,0.2955,18.9,84.0,8.73757,-4.1169,9.64825,9e-05,0.84734
8189.97,BTC-26JUN20,1578567540335,open,0.01,164.0,0.0005,0.0175,0.0067814,88.05,0.006,0.0,BTC-26JUN20-3000-P,7878.68,85.95,0.006,17.0,0.0075,14.1,89.87,3.15285,-0.82194,-1.16868,1e-05,-0.02406
8189.97,BTC-26JUN20,1578567540335,open,0.17,222.4,0.1275,0.225,0.17150888,77.27,0.1695,0.0,BTC-26JUN20-9000-C,7878.68,76.53,0.1695,17.5,0.178,11.7,79.67,22.14727,-5.067,13.70627,9e-05,0.53322
8018.8,BTC-27MAR20,1578567540335,open,0.01,1348.4,0.0005,0.0155,0.00542488,89.3,0.006,0.0,BTC-27MAR20-4000-P,7878.68,87.89,0.005,5.0,0.006,42.2,91.12,2.46617,-1.41404,-0.59284,2e-05,-0.02923
8312.56,SYN.BTC-25SEP20,1578567540332,open,0.24,51.7,0.18,0.2905,0.23036672,78.38,0.252,0.0,BTC-25SEP20-9000-C,7878.68,78.27,0.23,8.3,0.241,13.3,81.62,27.36868,-4.12747,20.89327,7e-05,0.58339
8018.8,BTC-27MAR20,1578567540335,open,0.01,308.3,0.003,0.0295,0.01282857,78.52,0.011,0.0,BTC-27MAR20-5000-P,7878.68,77.15,0.012,56.1,0.0135,8.2,79.61,4.91558,-2.4782,-1.39911,5e-05,-0.06895
8018.8,BTC-27MAR20,1578567540335,open,0.0,175.3,0.0005,0.011,0.00141458,110.0,0.003,0.0,BTC-27MAR20-30000-C,7878.68,110.7,0.0015,20.1,0.0025,48.9,117.38,0.9501,-0.671,0.13955,1e-05,0.00957
8018.8,BTC-27MAR20,1578567540335,open,0.0,116.2,0.0005,0.014,0.00296408,109.27,0.0045,0.0,BTC-27MAR20-26000-C,7878.68,106.96,0.0025,20.0,0.0035,39.0,111.65,1.70527,-1.19641,0.27176,1e-05,0.01885
8018.8,BTC-27MAR20,1578567540335,open,0.0,69.2,0.0005,0.012,0.0020894,110.0,0.003,0.0,BTC-27MAR20-28000-C,7878.68,109.44,0.002,26.0,0.0025,39.0,112.39,1.29407,-0.91394,0.19795,1e-05,0.01366
7892.92,SYN.BTC-17JAN20,1578567540333,open,0.23,0.0,0.2115,0.267,0.2370878,79.47,None,0.0,BTC-17JAN20-9750-P,7878.68,0.0,0.0,0.0,0.0,0.0,0.0,0.99714,-5.03061,-2.03889,9e-05,-0.9601
7905.51,SYN.BTC-24JAN20,1578567540333,open,0.0,0.095,0.154,0.12256873,62.39,None,0.0,BTC-24JAN20-8750-P,7878.68,0.0,0.0,0.0,0.0,0.0,0.0,4.8316,-10.13145,-2.87973,0.0003,-0.77123
7905.51,SYN.BTC-24JAN20,1578567540333,open,0.0,0.211,0.271,0.23849452,71.37,None,0.0,BTC-24JAN20-9750-P,7878.68,0.0,0.0,0.0,0.0,0.0,0.0,2.44536,-5.86619,-3.72204,0.00013,-0.91673
7918.1,SYN.BTC-31JAN20,1578567540333,open,0.14,347.4,0.109,0.158,0.13252662,61.71,0.144,0.0,BTC-31JAN20-7000-C,7878.68,51.95,0.1265,24.5,0.1345,16.5,64.67,5.19828,-7.332,3.23217,0.00022,0.81362
7905.51,SYN.BTC-24JAN20,1578567540333,open,0.0,0.0005,0.0245,0.00865378,66.51,None,0.0,BTC-24JAN20-9250-C,7878.68,63.8,0.0075,30.0,0.009,30.0,67.29,3.4668,-7.75016,0.40738,0.0002,0.1351
7918.1,SYN.BTC-31JAN20,1578567540333,open,0.0,749.2,0.0005,0.012,0.00231184,82.14,0.002,0.0,BTC-31JAN20-5500-P,7878.68,80.07,0.002,35.0,0.0025,0.4,83.32,1.24167,-2.33123,-0.14336,4e-05,-0.0279
7905.51,SYN.BTC-24JAN20,1578567540333,open,0.0,0.0005,0.013,0.00337489,74.44,None,0.0,BTC-24JAN20-6250-P,7878.68,69.94,0.0025,30.0,0.004,30.0,77.28,1.66253,-4.15971,-0.174,9e-05,-0.05063
7918.1,SYN.BTC-31JAN20,1578567540333,open,0.38,18.4,0.356,0.3855,0.36980463,91.11,0.295,0.0,BTC-31JAN20-5000-C,7878.68,0.0,0.3605,9.0,0.376,9.0,126.72,0.73013,-1.52043,2.91991,2e-05,0.98509
8312.56,SYN.BTC-25SEP20,1578567540332,open,0.39,2.1,0.338,0.4725,0.39887142,78.77,0.3825,0.0,BTC-25SEP20-10000-P,7878.68,0.0,0.0,0.0,0.4,1.0,79.11,27.94098,-4.23468,-51.91815,7e-05,-0.47835
7918.1,SYN.BTC-31JAN20,1578567540333,open,0.09,556.9,0.0625,0.1145,0.08707865,59.82,0.098,0.0,BTC-31JAN20-7500-C,7878.68,54.04,0.082,28.0,0.0885,12.0,61.42,7.0085,-9.58245,2.77272,0.00031,0.67135
7892.92,SYN.BTC-17JAN20,1578567540333,open,0.0,137.7,0.0005,0.012,0.00224925,74.64,0.002,0.0,BTC-17JAN20-9500-C,7878.68,69.2,0.0015,65.0,0.0025,32.5,76.22,1.21413,-5.75311,0.08297,0.00012,0.05097
7918.1,SYN.BTC-31JAN20,1578567540335,open,0.01,332.2,0.002,0.0295,0.0118418,66.64,0.014,0.0,BTC-31JAN20-9500-C,7878.68,65.14,0.011,35.0,0.0125,24.0,67.78,4.52683,-6.89488,0.65733,0.00018,0.15036
7905.51,SYN.BTC-24JAN20,1578567540333,open,0.0,0.0005,0.0205,0.00687151,65.38,None,0.0,BTC-24JAN20-6750-P,7878.68,62.91,0.006,30.0,0.007,0.1,65.73,2.86705,-6.30042,-0.35483,0.00017,-0.10326
7892.92,SYN.BTC-17JAN20,1578567540332,open,0.15,97.5,0.128,0.1685,0.14741977,69.79,0.188,0.0,BTC-17JAN20-6750-C,7878.68,0.0,0.1445,0.1,0.156,7.4,103.92,1.33388,-5.91044,1.35425,0.00014,0.9426
7918.1,SYN.BTC-31JAN20,1578567540335,open,0.0,529.8,0.0005,0.011,0.00128444,91.27,0.0015,0.0,BTC-31JAN20-5000-P,7878.68,87.96,0.001,20.0,0.0015,24.0,93.48,0.7356,-1.53453,-0.07745,2e-05,-0.01504
7905.51,SYN.BTC-24JAN20,1578567540333,open,0.0,0.0485,0.104,0.0739856,59.78,None,0.0,BTC-24JAN20-8250-P,7878.68,0.0,0.0,0.0,0.0,0.0,0.0,6.09924,-12.25464,-2.22076,0.0004,-0.61528
7892.92,SYN.BTC-17JAN20,1578567540333,open,0.0,194.9,0.0005,0.0115,0.00177527,79.25,0.0015,0.0,BTC-17JAN20-9750-C,7878.68,71.97,0.001,65.0,0.002,30.0,80.98,0.98814,-4.97147,0.06418,9e-05,0.03946
7892.92,SYN.BTC-17JAN20,1578567540333,open,0.26,0.0,0.2425,0.299,0.26846691,84.42,None,0.0,BTC-17JAN20-10000-P,7878.68,0.0,0.0,0.0,0.0,0.0,0.0,0.84136,-4.50906,-2.10506,7e-05,-0.96757
7905.51,SYN.BTC-24JAN20,1578567540333,open,13.0,0.005,0.036,0.01633815,60.31,0.0155,0.0,BTC-24JAN20-7250-P,7878.68,58.9,0.0155,24.0,0.016,0.1,59.75,4.7271,-9.58305,-0.76187,0.00031,-0.22013
7968.46,SYN.BTC-28FEB20,1578567540332,open,0.01,83.9,0.0005,0.0235,0.00944069,74.64,0.0105,0.0,BTC-28FEB20-5500-P,7878.68,72.68,0.0085,40.0,0.01,26.2,75.76,3.92089,-2.93387,-0.85647,6e-05,-0.06922
7918.1,SYN.BTC-31JAN20,1578567540334,open,0.01,655.8,0.0005,0.0155,0.00421687,79.22,0.006,0.0,BTC-31JAN20-11000-C,7878.68,76.45,0.0035,35.0,0.0045,24.0,80.24,2.15695,-3.90572,0.24108,7e-05,0.05502
7918.1,SYN.BTC-31JAN20,1578567540335,open,0.0,1064.1,0.0005,0.014,0.00421277,73.7,0.0035,0.0,BTC-31JAN20-6000-P,7878.68,70.83,0.0035,59.0,0.005,27.4,76.6,2.05663,-3.46459,-0.26586,7e-05,-0.05181
7892.92,SYN.BTC-17JAN20,1578567540333,open,0.0,109.2,0.0005,0.0145,0.0030629,70.57,0.0035,0.0,BTC-17JAN20-9250-C,7878.68,67.55,0.0025,35.0,0.0035,32.5,72.72,1.54985,-6.94337,0.11332,0.00016,0.0696
7880.33,SYN.BTC-10JAN20,1578567540333,open,0.0,219.4,0.0005,0.0105,2.438e-05,109.99,0.0005,0.0,BTC-10JAN20-9250-C,7878.68,0.0,0.0,0.0,0.0005,58.0,154.29,0.01998,-0.1921,0.0003,1e-05,0.0016
7918.1,SYN.BTC-31JAN20,1578567540335,open,0.0,244.8,0.0005,0.0135,0.00326826,83.43,0.0055,0.0,BTC-31JAN20-11500-C,7878.68,82.19,0.003,2.0,0.0035,24.0,84.46,1.74677,-3.33107,0.18507,6e-05,0.04227
7918.1,SYN.BTC-31JAN20,1578567540335,open,0.31,20.3,0.292,0.3255,0.30768406,82.04,0.33,0.0,BTC-31JAN20-5500-C,7878.68,0.0,0.305,0.1,0.3145,8.0,110.16,1.23649,-2.31854,3.15372,4e-05,0.97224
7905.51,SYN.BTC-24JAN20,1578567540333,open,0.0,0.0005,0.018,0.00514857,71.28,None,0.0,BTC-24JAN20-9750-C,7878.68,67.32,0.004,30.0,0.0055,30.0,72.4,2.43872,-5.84275,0.25072,0.00013,0.08297
7905.51,SYN.BTC-24JAN20,1578567540333,open,0.0,0.163,0.204,0.18228081,68.72,None,0.0,BTC-24JAN20-6500-C,7878.68,0.0,0.1675,5.0,0.19,5.0,91.04,2.12796,-4.91481,2.41112,0.00012,0.93063
7905.51,SYN.BTC-24JAN20,1578567540333,open,0.0,0.0005,0.0155,0.00451144,68.79,None,0.0,BTC-24JAN20-6500-P,7878.68,66.83,0.004,30.0,0.0045,0.1,68.74,2.13226,-4.92978,-0.23862,0.00012,-0.06955
7905.51,SYN.BTC-24JAN20,1578567540333,open,0.0,0.1945,0.2335,0.21276851,74.35,None,0.0,BTC-24JAN20-6250-C,7878.68,0.0,0.1995,5.0,0.22,5.0,99.41,1.65782,-4.14311,2.37384,9e-05,0.94955
7918.1,SYN.BTC-31JAN20,1578567540333,open,0.15,10.5,0.127,0.1895,0.1559395,63.82,0.1435,0.0,BTC-31JAN20-9000-P,7878.68,0.0,0.1155,1.0,0.2055,0.8,120.91,5.87417,-8.56888,-4.39806,0.00024,-0.77083
7892.92,SYN.BTC-17JAN20,1578567540333,open,0.01,282.4,0.0005,0.017,0.00431101,66.46,0.005,0.0,BTC-17JAN20-9000-C,7878.68,65.21,0.004,15.0,0.0045,30.0,67.2,1.99803,-8.43054,0.15878,0.00022,0.09754
8312.56,SYN.BTC-25SEP20,1578567540332,open,0.33,4.8,0.28,0.3785,0.32510558,78.31,0.336,0.0,BTC-25SEP20-7000-C,7878.68,67.68,0.295,1.0,0.36,0.2,90.7,23.50563,-3.54144,23.52328,6e-05,0.72256
7905.51,SYN.BTC-24JAN20,1578567540333,open,0.0,0.1225,0.1815,0.14996784,64.25,None,0.0,BTC-24JAN20-9000-P,7878.68,0.0,0.0,0.0,0.0,0.0,0.0,4.11292,-8.88172,-3.14149,0.00025,-0.82507
7918.1,SYN.BTC-31JAN20,1578567540336,open,0.38,0.0,0.3635,0.429,0.39347244,79.34,None,0.0,BTC-31JAN20-11000-P,7878.68,0.0,0.0025,1.0,0.0,0.0,0.0,2.1663,-3.92861,-6.35031,7e-05,-0.94468
7905.51,SYN.BTC-24JAN20,1578567540333,open,0.5,0.0005,0.021,0.00655863,68.71,0.0065,0.0,BTC-24JAN20-9500-C,7878.68,65.7,0.0055,30.0,0.007,30.0,69.9,2.89615,-6.68872,0.31622,0.00017,0.10471
7905.51,SYN.BTC-24JAN20,1578567540333,open,24.0,0.0015,0.0295,0.01149465,64.2,0.012,0.0,BTC-24JAN20-9000-C,7878.68,61.25,0.01,24.0,0.012,24.0,65.16,4.10972,-8.86786,0.52588,0.00025,0.17471
7918.1,SYN.BTC-31JAN20,1578567540333,open,0.02,631.0,0.0065,0.0405,0.01927585,63.79,0.02,0.0,BTC-31JAN20-9000-C,7878.68,62.05,0.018,15.0,0.0195,19.3,64.09,5.87196,-8.5608,0.99534,0.00024,0.22902
7905.51,SYN.BTC-24JAN20,1578567540333,open,10.0,0.001,0.027,0.01068716,62.74,0.0115,0.0,BTC-24JAN20-7000-P,7878.68,60.2,0.0095,24.0,0.011,0.3,63.39,3.76994,-7.95005,-0.52729,0.00024,-0.15297
7918.1,SYN.BTC-31JAN20,1578567540334,open,0.0,544.7,0.0005,0.012,0.00248047,86.79,0.0025,0.0,BTC-31JAN20-12000-C,7878.68,83.88,0.002,35.0,0.003,41.2,89.56,1.39547,-2.76813,0.14064,4e-05,0.03212
7880.33,SYN.BTC-10JAN20,1578567540333,open,0.16,0.0,0.151,0.1995,0.17385924,117.46,None,0.0,BTC-10JAN20-9250-P,7878.68,0.0,0.1255,1.0,0.0,0.0,0.0,0.03446,-2.02398,-0.22138,2e-05,-0.99708
7905.51,SYN.BTC-24JAN20,1578567540333,open,0.0,0.1025,0.1495,0.12520802,62.7,None,0.0,BTC-24JAN20-7000-C,7878.68,0.0,0.105,5.0,0.133,5.0,77.65,3.76759,-7.93969,2.32611,0.00024,0.84717
7905.51,SYN.BTC-24JAN20,1578567540333,open,0.0,0.07,0.128,0.09693421,60.75,None,0.0,BTC-24JAN20-8500-P,7878.68,0.0,0.0,0.0,0.0,0.0,0.0,5.53291,-11.29718,-2.57383,0.00036,-0.70192
7918.1,SYN.BTC-31JAN20,1578567540337,open,0.19,51.4,0.1665,0.21,0.18710053,66.39,0.1545,0.0,BTC-31JAN20-6500-C,7878.68,0.0,0.171,18.9,0.2015,15.0,93.8,3.34129,-5.07007,3.39465,0.00013,0.90243
7968.46,SYN.BTC-28FEB20,1578567540332,open,0.39,0.0,0.363,0.443,0.39939938,74.28,None,0.0,BTC-28FEB20-11000-P,7878.68,0.0,0.0,0.0,0.0,0.0,0.0,6.86433,-5.11132,-13.60543,0.00011,-0.85012
7905.51,SYN.BTC-24JAN20,1578567540334,open,0.0,0.151,0.2105,0.17875122,66.57,None,0.0,BTC-24JAN20-9250-P,7878.68,0.0,0.0,0.0,0.0,0.0,0.0,3.47115,-7.76702,-3.36177,0.0002,-0.86466
7905.51,SYN.BTC-24JAN20,1578567540334,open,0.0,0.132,0.176,0.15301662,65.33,None,0.0,BTC-24JAN20-6750-C,7878.68,0.0,0.1355,5.0,0.161,5.0,84.06,2.86366,-6.28777,2.39676,0.00017,0.89691
7918.1,SYN.BTC-31JAN20,1578567540340,open,0.2,4.8,0.1825,0.2455,0.21165343,66.69,0.3445,0.0,BTC-31JAN20-9500-P,7878.68,0.0,0.1855,1.0,0.223,13.7,84.1,4.531,-6.90635,-5.03549,0.00018,-0.84944
7905.51,SYN.BTC-24JAN20,1578567540334,open,0.0,0.181,0.2405,0.20828033,68.79,None,0.0,BTC-24JAN20-9500-P,7878.68,0.0,0.0,0.0,0.0,0.0,0.0,2.9017,-6.70886,-3.55473,0.00017,-0.89502
7892.92,SYN.BTC-17JAN20,1578567540336,open,0.0,167.3,0.0005,0.011,0.00147969,84.15,0.0015,0.0,BTC-17JAN20-10000-C,7878.68,79.04,0.001,20.4,0.002,63.0,88.64,0.83171,-4.44324,0.05194,7e-05,0.03198
7880.33,SYN.BTC-10JAN20,1578567540370,open,0.0,380.6,0.0005,0.014,0.00157158,71.16,0.0015,0.0,BTC-10JAN20-8250-C,7878.68,63.66,0.001,32.9,0.002,18.3,75.98,0.66333,-12.38452,0.01807,0.00063,0.09717
7892.92,SYN.BTC-17JAN20,1578567540559,open,0.03,166.9,0.011,0.0525,0.02650454,55.67,0.028,0.0,BTC-17JAN20-8000-C,7878.68,53.09,0.025,35.0,0.0275,26.2,57.39,4.58998,-16.22155,0.72244,0.00061,0.45069
8018.8,BTC-27MAR20,1578567540599,open,0.02,709.0,0.006,0.044,0.01840858,85.49,0.0215,0.0,BTC-27MAR20-14000-C,7878.68,84.45,0.0175,22.1,0.019,24.0,86.16,7.07405,-3.88289,1.6084,6e-05,0.11242
8018.8,BTC-27MAR20,1578567540601,open,0.02,709.0,0.006,0.044,0.01840858,85.49,0.0215,0.0,BTC-27MAR20-14000-C,7878.68,84.45,0.0175,22.2,0.019,24.0,86.16,7.07405,-3.88289,1.6084,6e-05,0.11242
8018.8,BTC-27MAR20,1578567540610,open,0.0,69.2,0.0005,0.012,0.00208937,110.0,0.003,0.0,BTC-27MAR20-28000-C,7878.68,109.44,0.002,26.1,0.0025,39.0,112.39,1.29407,-0.91394,0.19795,1e-05,0.01366
8018.8,BTC-27MAR20,1578567540612,open,0.01,308.3,0.003,0.0295,0.01282873,78.52,0.011,0.0,BTC-27MAR20-5000-P,7878.68,77.15,0.012,55.8,0.0135,8.2,79.61,4.91558,-2.4782,-1.39911,5e-05,-0.06895
8018.8,BTC-27MAR20,1578567540614,open,0.03,682.3,0.015,0.0575,0.03164511,73.39,0.0325,0.0,BTC-27MAR20-6000-P,7878.68,71.86,0.03,39.3,0.033,33.9,74.62,8.73773,-4.11708,-3.15334,9e-05,-0.15266
8018.87,BTC-27MAR20,1578567540617,open,0.13,351.9,0.094,0.173,0.12920641,71.16,0.13,0.0,BTC-27MAR20-8000-P,7878.68,70.49,0.128,34.2,0.1305,0.6,71.87,14.56097,-6.65239,-9.60018,0.00015,-0.43191
8018.87,BTC-27MAR20,1578567540621,open,0.09,1451.7,0.057,0.1285,0.08861854,72.75,0.09,0.0,BTC-27MAR20-9000-C,7878.68,72.14,0.0875,31.3,0.0895,0.6,73.25,14.55103,-6.79707,5.84707,0.00015,0.43037
8018.8,BTC-27MAR20,1578567540627,open,0.03,682.3,0.015,0.0575,0.03164511,73.39,0.0325,0.0,BTC-27MAR20-6000-P,7878.68,71.86,0.03,42.3,0.033,33.9,74.62,8.73773,-4.11708,-3.15334,9e-05,-0.15266
8018.87,BTC-27MAR20,1578567540629,open,0.13,351.9,0.094,0.173,0.12920641,71.16,0.13,0.0,BTC-27MAR20-8000-P,7878.68,70.49,0.128,39.2,0.1305,0.6,71.87,14.56097,-6.65239,-9.60018,0.00015,-0.43191
7892.85,SYN.BTC-17JAN20,1578567540926,open,0.03,166.9,0.011,0.0525,0.02650454,55.69,0.028,0.0,BTC-17JAN20-8000-C,7878.68,53.1,0.025,35.0,0.0275,41.2,57.4,4.58994,-16.22791,0.7224,0.00061,0.45068
7968.46,SYN.BTC-28FEB20,1578567540928,open,0.03,299.8,0.012,0.0495,0.02644513,67.77,0.0245,0.0,BTC-28FEB20-6500-P,7878.68,66.23,0.025,39.3,0.0275,34.3,68.87,7.5662,-5.14016,-2.18292,0.00013,-0.17403
8312.48,SYN.BTC-25SEP20,1578567541182,open,0.16,35.8,0.1045,0.2185,0.15431761,82.72,0.1585,0.0,BTC-25SEP20-12000-C,7878.68,81.26,0.1495,8.9,0.1595,8.9,84.28,27.54677,-4.38401,16.30034,7e-05,0.42974
8312.56,SYN.BTC-25SEP20,1578567541209,open,0.2,60.9,0.1455,0.2575,0.19585568,78.76,0.217,0.0,BTC-25SEP20-10000-C,7878.68,79.7,0.199,8.6,0.208,8.6,82.38,27.94107,-4.23428,19.2808,7e-05,0.52162
8018.97,BTC-27MAR20,1578567541340,open,0.21,123.4,0.1705,0.2595,0.21097119,72.76,0.21,0.0,BTC-27MAR20-9000-P,7879.01,51.98,0.174,2.0,0.247,2.0,92.45,14.5515,-6.79827,-13.35474,0.00015,-0.56959
8018.97,BTC-27MAR20,1578567541340,open,2.71,0.0,2.668,2.825,2.74259031,110.39,None,0.0,BTC-27MAR20-30000-P,7879.01,0.0,0.0,0.0,0.0,0.0,0.0,0.97283,-0.68949,-63.86418,1e-05,-0.99017
7880.26,SYN.BTC-10JAN20,1578567541339,open,0.0,112.2,0.0005,0.0105,9e-08,110.0,0.0005,0.0,BTC-10JAN20-6250-P,7879.01,0.0,0.0,0.0,0.0005,20.2,217.73,0.00013,-0.00068,0.0,0.0,-1e-05
8018.97,BTC-27MAR20,1578567541341,open,0.0,149.8,0.0005,0.0105,0.00066974,110.0,0.002,0.0,BTC-27MAR20-34000-C,7879.01,114.37,0.001,19.3,0.002,53.5,123.1,0.51764,-0.36558,0.07088,0.0,0.00481
7892.85,SYN.BTC-17JAN20,1578567541339,open,0.0,153.8,0.0005,0.0105,0.00076982,89.5,0.0005,0.0,BTC-17JAN20-6000-P,7879.01,84.17,0.0005,20.0,0.001,56.0,93.14,0.4571,-2.59719,-0.02808,4e-05,-0.01572
8190.31,BTC-26JUN20,1578567541342,open,2.89,0.0,2.8345,3.0235,2.92047286,103.58,None,0.0,BTC-26JUN20-32000-P,7879.01,0.0,0.0005,1.0,0.0,0.0,0.0,6.36014,-1.95058,-146.40999,2e-05,-0.94316
8190.31,BTC-26JUN20,1578567541341,open,2.41,0.0,2.358,2.5325,2.43655413,101.07,None,0.0,BTC-26JUN20-28000-P,7879.01,0.0,0.0005,1.0,0.0,0.0,0.0,7.83279,-2.344,-127.40912,2e-05,-0.92566
8190.31,BTC-26JUN20,1578567541341,open,2.65,0.0,2.5965,2.7785,2.67871241,102.87,None,0.0,BTC-26JUN20-30000-P,7879.01,0.0,0.0005,1.0,0.0,0.0,0.0,7.15634,-2.17966,-136.89763,2e-05,-0.9339
7880.26,SYN.BTC-10JAN20,1578567541339,open,0.0,381.2,0.0005,0.0105,0.00061438,94.01,0.0005,0.0,BTC-10JAN20-7250-P,7879.01,0.0,0.0,0.0,0.001,22.4,103.15,0.28688,-4.84145,-0.00643,0.0002,-0.03338
7968.42,SYN.BTC-28FEB20,1578567541339,open,0.17,37.1,0.137,0.1965,0.16480736,66.31,0.1985,0.0,BTC-28FEB20-7000-C,7879.01,47.48,0.1435,15.0,0.169,15.0,69.8,9.506,-6.31896,6.29065,0.00017,0.74254
8312.48,SYN.BTC-25SEP20,1578567541339,open,0.07,137.0,0.034,0.1255,0.06919783,90.13,0.0765,0.0,BTC-25SEP20-20000-C,7879.01,88.83,0.066,9.8,0.073,9.8,91.64,20.73517,-3.59557,8.88916,5e-05,0.21939
7880.26,SYN.BTC-10JAN20,1578567541339,open,0.21,0.0,0.191,0.222,0.2068856,142.17,None,0.0,BTC-10JAN20-6250-C,7879.01,0.0,0.199,6.0,0.216,6.0,388.35,0.00538,-0.38275,0.14987,0.0,0.99961
7880.26,SYN.BTC-10JAN20,1578567541339,open,0.0,426.2,0.0005,0.0105,0.00069044,87.49,0.001,0.0,BTC-10JAN20-8500-C,7879.01,82.59,0.0005,46.1,0.001,0.1,93.99,0.33578,-5.44082,0.00752,0.00026,0.04047
7968.42,SYN.BTC-28FEB20,1578567541339,open,0.13,53.7,0.097,0.1595,0.12627938,65.84,0.169,0.0,BTC-28FEB20-7500-C,7879.01,49.52,0.104,16.0,0.1335,24.0,71.07,10.97118,-7.24107,5.64308,0.00019,0.64454
8312.48,SYN.BTC-25SEP20,1578567541339,open,0.08,9.5,0.043,0.14,0.08140641,88.3,0.086,0.0,BTC-25SEP20-18000-C,7879.01,86.85,0.0775,9.6,0.086,9.6,89.99,22.44047,-3.81256,10.16905,5e-05,0.25323
8312.48,SYN.BTC-25SEP20,1578567541339,open,0.55,0.0,0.528,0.579,0.55039556,79.69,None,0.0,BTC-25SEP20-4000-C,7879.01,0.0,0.0,0.0,0.0,0.0,0.0,10.15146,-1.55642,22.03928,3e-05,0.92278
8312.48,SYN.BTC-25SEP20,1578567541339,open,0.8,1.0,0.735,0.893,0.80582888,84.72,0.7215,0.0,BTC-25SEP20-14000-P,7879.01,51.32,0.715,0.1,1.05,0.1,158.5,26.11377,-4.2568,-85.86315,6e-05,-0.64496
8312.48,SYN.BTC-25SEP20,1578567541339,open,0.12,71.5,0.0755,0.1845,0.12163136,84.73,0.132,0.0,BTC-25SEP20-14000-C,7879.01,83.57,0.118,9.2,0.1265,9.2,86.27,26.11442,-4.25717,13.8157,6e-05,0.35507
7892.85,SYN.BTC-17JAN20,1578567541339,open,0.07,203.0,0.042,0.0895,0.0632905,56.95,0.081,0.0,BTC-17JAN20-7500-C,7879.01,0.0,0.0415,7.0,0.0785,7.0,87.05,3.73926,-13.51853,1.15733,0.00049,0.74285
8312.48,SYN.BTC-25SEP20,1578567541339,open,0.59,0.0,0.5305,0.68,0.59791548,82.71,0.55,0.0,BTC-25SEP20-12000-P,7879.01,0.0,0.0,0.0,0.6,0.5,83.34,27.54655,-4.38375,-69.13845,7e-05,-0.57028
7880.26,SYN.BTC-10JAN20,1578567541339,open,0.0,269.9,0.0005,0.0105,2.13e-06,110.0,0.0005,0.0,BTC-10JAN20-6500-P,7879.01,0.0,0.0,0.0,0.0005,42.5,185.2,0.00235,-0.01675,-3e-05,0.0,-0.00016
7880.26,SYN.BTC-10JAN20,1578567541339,open,0.18,83.5,0.1585,0.191,0.17516306,122.15,0.1655,0.0,BTC-10JAN20-6500-C,7879.01,0.0,0.167,8.8,0.185,7.4,346.45,0.00787,-0.48091,0.15583,0.0,0.99942
7880.26,SYN.BTC-10JAN20,1578567541339,open,0.09,442.8,0.0615,0.102,0.08060157,94.24,0.087,0.0,BTC-10JAN20-7250-C,7879.01,0.0,0.0765,1.0,0.082,1.0,120.52,0.2891,-13.62153,0.16745,0.00021,0.9663
7892.85,SYN.BTC-17JAN20,1578567541339,open,0.02,1168.8,0.0045,0.039,0.01603723,56.72,0.016,0.0,BTC-17JAN20-8250-C,7879.01,54.72,0.015,35.1,0.0165,18.0,57.61,4.10309,-14.77537,0.50446,0.00054,0.31224
7880.26,SYN.BTC-10JAN20,1578567541339,open,0.12,206.8,0.094,0.132,0.11195861,110.33,0.111,0.0,BTC-10JAN20-7000-C,7879.01,0.0,0.1055,7.8,0.125,6.4,275.6,0.13134,-7.24519,0.16539,8e-05,0.98675
7892.85,SYN.BTC-17JAN20,1578567541339,open,0.0,106.3,0.0005,0.0105,0.0002587,99.16,0.0005,0.0,BTC-17JAN20-5500-P,7879.01,0.0,0.0,0.0,0.0005,0.2,107.52,0.17787,-1.1197,-0.00954,1e-05,-0.00534
7892.85,SYN.BTC-17JAN20,1578567541339,open,0.18,0.3,0.16,0.198,0.17804973,75.12,0.2075,0.0,BTC-17JAN20-6500-C,7879.01,0.0,0.166,8.0,0.1885,8.0,123.78,0.89131,-4.2507,1.34059,9e-05,0.96522
7968.42,SYN.BTC-28FEB20,1578567541339,open,0.27,0.3,0.2405,0.2885,0.26272029,70.38,0.1885,0.0,BTC-28FEB20-6000-C,7879.01,55.95,0.254,14.0,0.2725,14.0,83.13,5.57835,-3.93562,6.81817,9e-05,0.8889
7892.85,SYN.BTC-17JAN20,1578567541339,open,0.0,228.7,0.0005,0.0125,0.00263472,69.9,0.0025,0.0,BTC-17JAN20-6750-P,7879.01,65.88,0.002,65.0,0.003,20.2,71.98,1.33854,-5.9397,-0.10267,0.00014,-0.05765
7892.85,SYN.BTC-17JAN20,1578567541339,open,0.01,254.5,0.0005,0.023,0.00747441,59.84,0.007,0.0,BTC-17JAN20-7250-P,7879.01,57.01,0.0065,24.0,0.0085,77.0,62.7,2.77617,-10.54716,-0.27866,0.00035,-0.15615
7880.26,SYN.BTC-10JAN20,1578567541339,open,0.25,1.8,0.2235,0.2535,0.23861009,164.88,0.2765,0.0,BTC-10JAN20-6000-C,7879.01,0.0,0.2315,6.0,0.2475,6.0,436.19,0.00451,-0.37156,0.14389,0.0,0.99968
7892.85,SYN.BTC-17JAN20,1578567541339,open,0.28,0.0,0.257,0.289,0.27201625,96.23,None,0.0,BTC-17JAN20-5750-C,7879.01,0.0,0.263,6.0,0.2795,6.0,159.01,0.31986,-1.95424,1.22208,2e-05,0.9896
7892.85,SYN.BTC-17JAN20,1578567541339,open,0.22,0.1,0.1925,0.228,0.20919914,81.78,0.24,0.0,BTC-17JAN20-6250-C,7879.01,0.0,0.1985,8.0,0.2175,8.0,131.11,0.62239,-3.23126,1.3083,6e-05,0.9774
7892.85,SYN.BTC-17JAN20,1578567541339,open,0.25,0.1,0.2245,0.2585,0.24059445,89.6,0.26,0.0,BTC-17JAN20-6000-C,7879.01,0.0,0.231,8.0,0.253,8.0,163.58,0.4595,-2.61394,1.26638,4e-05,0.98418
7880.26,SYN.BTC-10JAN20,1578567541339,open,0.0,359.8,0.0005,0.023,0.00512721,59.66,0.0045,0.0,BTC-10JAN20-7750-P,7879.01,55.81,0.0045,0.7,0.006,30.0,64.89,1.29768,-38.70842,-0.05377,0.00146,-0.27927
7892.85,SYN.BTC-17JAN20,1578567541339,open,0.0,128.2,0.0005,0.011,0.00104849,81.69,0.001,0.0,BTC-17JAN20-6250-P,7879.01,73.04,0.0005,71.2,0.0015,56.7,86.82,0.62001,-3.21567,-0.04009,6e-05,-0.02249
7892.85,SYN.BTC-17JAN20,1578567541339,open,0.0,422.8,0.0005,0.0115,0.00157305,75.06,0.0015,0.0,BTC-17JAN20-6500-P,7879.01,69.29,0.001,65.0,0.002,51.0,78.59,0.88911,-4.23679,-0.06174,9e-05,-0.03468
7880.26,SYN.BTC-10JAN20,1578567541339,open,0.0,307.2,0.0005,0.0105,2.957e-05,109.99,0.0005,0.0,BTC-10JAN20-6750-P,7879.01,0.0,0.0,0.0,0.0005,50.1,153.35,0.02294,-0.23299,-0.00036,1e-05,-0.00186
8312.48,SYN.BTC-25SEP20,1578567541339,open,0.0,0.0165,0.0905,0.04220599,96.57,None,0.0,BTC-25SEP20-28000-C,7879.01,94.83,0.039,13.6,0.046,14.1,98.56,15.56829,-2.89271,5.75405,3e-05,0.13943
7880.26,SYN.BTC-10JAN20,1578567541339,open,0.0,171.3,0.0005,0.0105,0.0,110.0,0.0005,0.0,BTC-10JAN20-5750-P,7879.01,0.0,0.0,0.0,0.0005,20.2,285.54,0.0,0.0,0.0,0.0,0.0
7968.42,SYN.BTC-28FEB20,1578567541339,open,0.32,0.0,0.3,0.3415,0.31921718,74.64,None,0.0,BTC-28FEB20-5500-C,7879.01,58.74,0.313,14.0,0.3265,14.0,87.59,3.92111,-2.9341,6.65897,6e-05,0.93078
7892.85,SYN.BTC-17JAN20,1578567541341,open,0.31,0.0,0.289,0.319,0.30343128,99.41,None,0.0,BTC-17JAN20-5500-C,7879.01,0.0,0.2955,7.0,0.3105,7.0,172.75,0.18066,-1.14019,1.17704,1e-05,0.99456
7905.45,SYN.BTC-24JAN20,1578567541339,open,0.0,0.2415,0.3015,0.26906408,73.86,None,0.0,BTC-24JAN20-10000-P,7879.01,0.0,0.0,0.0,0.0,0.0,0.0,2.06186,-5.11882,-3.87424,0.00011,-0.93341
7880.26,SYN.BTC-10JAN20,1578567541341,open,0.0,696.8,0.0005,0.0105,0.00024684,109.86,0.0005,0.0,BTC-10JAN20-7000-P,7879.01,0.0,0.0,0.0,0.0005,0.1,121.95,0.12863,-1.94519,-0.00249,8e-05,-0.01293
7968.42,SYN.BTC-28FEB20,1578567541339,open,0.22,11.5,0.1855,0.2395,0.21072899,67.76,0.2235,0.0,BTC-28FEB20-6500-C,7879.01,39.18,0.189,14.0,0.221,14.0,78.13,7.56612,-5.13992,6.69909,0.00013,0.82597
7905.45,SYN.BTC-24JAN20,1578567541340,open,0.0,0.0005,0.016,0.0041229,73.9,None,0.0,BTC-24JAN20-10000-C,7879.01,69.23,0.003,30.0,0.0045,30.0,75.31,2.06442,-5.12776,0.20161,0.00011,0.0667
7968.42,SYN.BTC-28FEB20,1578567541339,open,0.28,0.0,0.2495,0.329,0.28580034,70.6,None,0.0,BTC-28FEB20-10000-P,7879.01,0.0,0.0,0.0,0.0,0.0,0.0,8.93897,-6.32703,-11.4987,0.00015,-0.77024
7892.85,SYN.BTC-17JAN20,1578567541339,open,0.0,180.7,0.0005,0.0105,0.00051764,96.09,0.001,0.0,BTC-17JAN20-5750-P,7879.01,0.0,0.0,0.0,0.001,65.0,105.58,0.31739,-1.93614,-0.01844,2e-05,-0.01031
8312.48,SYN.BTC-25SEP20,1578567541339,open,0.17,57.3,0.1205,0.2325,0.17007649,79.96,0.1895,0.0,BTC-25SEP20-11000-C,7879.01,80.38,0.1715,8.8,0.1815,8.8,83.36,27.89715,-4.29157,17.68893,7e-05,0.46896
8312.48,SYN.BTC-25SEP20,1578567541339,open,0.31,2.4,0.256,0.382,0.31307275,78.38,0.31,0.0,BTC-25SEP20-9000-P,7879.01,0.0,0.0,0.0,0.3325,5.0,84.31,27.36849,-4.12744,-43.18602,7e-05,-0.41662
7892.85,SYN.BTC-17JAN20,1578567541339,open,0.01,174.0,0.0005,0.028,0.00991628,59.29,0.011,0.0,BTC-17JAN20-8500-C,7879.01,57.09,0.009,35.0,0.0105,41.2,60.66,3.33874,-12.56699,0.34027,0.00042,0.20972
7968.42,SYN.BTC-28FEB20,1578567541339,open,0.08,357.4,0.045,0.105,0.07172343,66.87,0.083,0.0,BTC-28FEB20-8500-C,7879.01,63.98,0.0675,20.8,0.0725,62.4,67.4,11.64035,-7.80361,4.06725,0.0002,0.44526
7880.26,SYN.BTC-10JAN20,1578567541341,open,0.03,827.7,0.003,0.043,0.02166524,59.71,0.0185,0.0,BTC-10JAN20-7750-C,7879.01,52.48,0.0205,0.1,0.0225,6.1,64.71,1.29805,-38.75367,0.13213,0.00146,0.72056
7880.26,SYN.BTC-10JAN20,1578567541339,open,0.15,65.3,0.126,0.161,0.14346592,112.37,0.1865,0.0,BTC-10JAN20-6750-C,7879.01,0.0,0.135,7.8,0.156,6.4,322.02,0.02726,-1.53179,0.16151,2e-05,0.99775
7880.26,SYN.BTC-10JAN20,1578567541341,open,0.0,242.3,0.0005,0.0105,0.0,110.0,0.0005,0.0,BTC-10JAN20-6000-P,7879.01,0.0,0.0,0.0,0.0005,20.2,251.12,0.0,-1e-05,0.0,0.0,0.0
7880.26,SYN.BTC-10JAN20,1578567541341,open,0.06,899.0,0.029,0.0715,0.04975237,75.27,0.049,0.0,BTC-10JAN20-7500-C,7879.01,0.0,0.0455,1.0,0.051,1.0,89.22,0.6108,-22.98722,0.16322,0.00054,0.91307
8312.48,SYN.BTC-25SEP20,1578567541339,open,0.28,33.4,0.2245,0.331,0.27323992,78.31,0.292,0.0,BTC-25SEP20-8000-C,7879.01,77.43,0.2705,8.8,0.2845,8.8,81.93,25.94912,-3.9098,22.36519,7e-05,0.65113
7892.85,SYN.BTC-17JAN20,1578567541341,open,0.1,100.7,0.067,0.1125,0.08892917,59.86,0.0915,0.0,BTC-17JAN20-7250-C,7879.01,0.0,0.0725,8.0,0.101,8.0,89.23,2.7771,-10.55448,1.28554,0.00035,0.84377
7880.26,SYN.BTC-10JAN20,1578567541339,open,0.28,0.6,0.2555,0.2845,0.27033467,188.4,0.186,0.0,BTC-10JAN20-5750-C,7879.01,0.0,0.2635,6.0,0.2785,6.0,477.44,0.00385,-0.36296,0.1379,0.0,0.99973
138.77,SYN.ETH-17JAN20,1578567541620,open,0.04,530.0,0.01,0.061,0.033549,64.25,0.047,0.0,ETH-17JAN20-140-C,138.58,61.61,0.032,180.0,0.035,901.0,66.73,0.08124,-0.33138,0.01342,0.03043,0.48163
8190.31,BTC-26JUN20,1578567541678,open,0.07,655.3,0.037,0.1195,0.07010986,84.88,0.077,0.0,BTC-26JUN20-14000-C,7879.01,83.7,0.0675,21.0,0.0725,19.0,85.96,18.11153,-4.55183,7.23943,7e-05,0.26115
144.61,SYN.ETH-25SEP20,1578567541761,open,0.8,0.0,0.723,0.92,0.819641,95.54,None,0.0,ETH-25SEP20-240-P,138.58,0.0,0.0,0.0,0.835,1.0,100.2,0.47459,-0.08724,-1.45048,0.00334,-0.58913
7918.04,SYN.BTC-31JAN20,1578567541879,open,0.01,808.6,0.0005,0.023,0.00790691,70.59,0.0105,0.0,BTC-31JAN20-10000-C,7879.01,68.46,0.007,62.0,0.0085,24.0,71.92,3.47691,-5.60976,0.45145,0.00013,0.10304
7905.45,SYN.BTC-24JAN20,1578567541887,open,0.2,0.0075,0.0435,0.02171296,60.72,0.026,0.0,BTC-24JAN20-8500-C,7879.01,58.25,0.02,24.0,0.0225,24.0,61.84,5.53194,-11.29077,0.89007,0.00036,0.29797
7905.45,SYN.BTC-24JAN20,1578567541891,open,0.2,0.01,0.049,0.02583659,60.07,0.026,0.0,BTC-24JAN20-7500-P,7879.01,57.49,0.024,24.0,0.0265,24.1,61.01,5.63345,-11.37516,-1.08327,0.00037,-0.31039
7905.45,SYN.BTC-24JAN20,1578567541904,open,0.0,0.022,0.0685,0.04177909,58.69,None,0.0,BTC-24JAN20-8000-C,7879.01,55.23,0.039,18.0,0.043,18.0,60.2,6.36153,-12.54965,1.42351,0.00043,0.48361
144.61,SYN.ETH-25SEP20,1578567542144,open,2.88,0.0,2.782,3.087,2.925288,109.2,None,0.0,ETH-25SEP20-560-P,138.58,0.0,0.0,0.0,0.0,0.0,0.0,0.29273,-0.06151,-3.88027,0.0018,-0.84341
140.49,ETH-27MAR20,1578567542156,open,1.0,161.0,0.943,1.093,1.013565,101.77,1.397,0.0,ETH-27MAR20-280-P,138.58,0.0,0.002,50.0,0.0,0.0,0.0,0.12119,-0.07918,-0.5709,0.00283,-0.89105
140.49,ETH-27MAR20,1578567542161,open,0.16,1254.0,0.109,0.197,0.153969,83.26,0.178,0.0,ETH-27MAR20-140-C,138.58,81.62,0.151,62.0,0.157,907.0,84.94,0.25369,-0.13561,0.12764,0.00724,0.5798
140.49,ETH-27MAR20,1578567542163,open,0.08,2827.0,0.039,0.116,0.075139,87.76,0.092,0.0,ETH-27MAR20-180-C,138.58,86.5,0.073,358.0,0.077,650.0,88.86,0.23815,-0.13419,0.07981,0.00644,0.3414
140.49,ETH-27MAR20,1578567542172,open,1.27,10.0,1.216,1.378,1.291778,106.31,1.59,0.0,ETH-27MAR20-320-P,138.58,0.0,0.011,5.0,0.0,0.0,0.0,0.09302,-0.06349,-0.6641,0.00208,-0.92375
142.55,ETH-26JUN20,1578567542175,open,0.03,379.0,0.009,0.065,0.029497,110.62,0.032,0.0,ETH-26JUN20-480-C,138.58,109.42,0.028,420.0,0.031,643.0,111.79,0.17991,-0.05892,0.05176,0.00173,0.10798
140.49,ETH-27MAR20,1578567542177,open,0.47,1147.0,0.415,0.545,0.477821,90.23,0.645,0.0,ETH-27MAR20-200-P,138.58,0.0,0.423,1.0,1.13,1.0,500.0,0.21108,-0.12228,-0.36461,0.00556,-0.73859
142.55,ETH-26JUN20,1578567542177,open,1.81,0.0,1.741,1.965,1.84642,106.59,None,0.0,ETH-26JUN20-400-P,138.58,0.0,0.01,50.0,0.0,0.0,0.0,0.22042,-0.06956,-1.78207,0.0022,-0.85556
140.49,ETH-27MAR20,1578567542177,open,2.67,0.0,2.594,2.827,2.70449,120.0,None,0.0,ETH-27MAR20-520-P,138.58,0.0,0.006,50.0,0.0,0.0,0.0,0.02952,-0.02274,-1.10484,0.00058,-0.98141
140.49,ETH-27MAR20,1578567542232,open,0.73,118.0,0.673,0.812,0.738865,95.18,0.978,0.0,ETH-27MAR20-240-P,138.58,0.0,0.693,14.0,0.777,14.0,123.98,0.1573,-0.09612,-0.47353,0.00392,-0.84092
140.49,ETH-27MAR20,1578567542234,open,0.15,616.0,0.103,0.2,0.150481,83.26,0.153,0.0,ETH-27MAR20-140-P,138.58,81.89,0.148,20.0,0.154,905.0,85.21,0.25369,-0.13561,-0.17106,0.00724,-0.4202
139.12,SYN.ETH-31JAN20,1578567542240,open,0.29,1.0,0.261,0.311,0.286174,88.18,0.245,0.0,ETH-31JAN20-100-C,138.58,0.0,0.281,3.0,0.296,35.0,116.81,0.03557,-0.07169,0.05528,0.00348,0.9492
142.55,ETH-26JUN20,1578567542243,open,0.22,1361.0,0.166,0.288,0.225822,88.58,0.216,0.0,ETH-26JUN20-140-P,138.58,86.32,0.22,406.0,0.231,830.0,90.6,0.36618,-0.09603,-0.39313,0.0044,-0.37024
142.55,ETH-26JUN20,1578567542245,open,0.39,1.0,0.341,0.428,0.385484,89.85,0.38,0.0,ETH-26JUN20-100-C,138.58,72.11,0.354,48.0,0.415,48.0,105.69,0.26133,-0.06952,0.28137,0.00309,0.8121
142.55,ETH-26JUN20,1578567542245,open,2.09,0.0,2.01,2.247,2.121035,108.8,None,0.0,ETH-26JUN20-440-P,138.58,0.0,0.01,50.0,0.0,0.0,0.0,0.199,-0.0641,-1.97636,0.00195,-0.87554
7880.59,SYN.BTC-10JAN20,1578567542346,open,0.1,1.0,0.089,0.1365,0.11074458,105.09,0.062,0.0,BTC-10JAN20-8750-P,7879.13,0.0,0.0815,1.0,0.1605,2.2,463.9,0.20539,-10.79274,-0.20578,0.00013,-0.97764
8312.83,SYN.BTC-25SEP20,1578567542345,open,0.39,2.0,0.348,0.4345,0.38733444,78.3,0.361,0.0,BTC-25SEP20-6000-C,7879.13,34.88,0.295,0.1,0.0,0.0,0.0,19.93063,-3.00266,24.12704,5e-05,0.79498
7905.81,SYN.BTC-24JAN20,1578567542346,open,0.0,0.0185,0.065,0.03861227,60.01,None,0.0,BTC-24JAN20-7750-P,7879.13,56.68,0.036,18.0,0.0395,18.0,61.14,6.20822,-12.52162,-1.44878,0.00041,-0.41104
7880.59,SYN.BTC-10JAN20,1578567542346,open,0.07,43.1,0.058,0.1045,0.07933533,88.49,0.07,0.0,BTC-10JAN20-8500-P,7879.13,0.0,0.072,1.0,0.129,2.2,414.07,0.34836,-15.41214,-0.19606,0.00026,-0.95766
7893.2,SYN.BTC-17JAN20,1578567542346,open,0.11,0.0,0.09,0.144,0.11499389,62.82,None,0.0,BTC-17JAN20-8750-P,7879.13,56.34,0.113,2.0,0.1625,1.4,160.58,2.60772,-10.40022,-1.65685,0.00031,-0.85783
7968.86,SYN.BTC-28FEB20,1578567542345,open,0.03,154.7,0.0135,0.058,0.03085142,70.6,0.031,0.0,BTC-28FEB20-10000-C,7879.13,69.39,0.0295,0.2,0.032,52.3,71.62,8.94036,-6.32754,2.16639,0.00015,0.2298
7968.86,SYN.BTC-28FEB20,1578567542346,open,0.18,0.0,0.1475,0.224,0.18258519,67.45,None,0.0,BTC-28FEB20-9000-P,7879.13,52.03,0.162,2.8,0.2325,1.4,102.33,11.00109,-7.43894,-8.97713,0.00019,-0.64183
8190.41,BTC-26JUN20,1578567542349,open,0.26,112.0,0.2195,0.332,0.27037995,77.28,0.279,0.0,BTC-26JUN20-9000-P,7879.13,49.27,0.1945,5.8,0.288,10.2,83.8,22.14825,-5.06736,-27.9328,9e-05,-0.46673
8019.44,BTC-27MAR20,1578567542349,open,0.3,132.5,0.2655,0.36,0.308458,75.36,0.304,0.0,BTC-27MAR20-10000-P,7879.13,28.87,0.25,0.1,0.3515,17.0,100.19,13.29371,-6.43179,-16.86588,0.00013,-0.67727
8190.41,BTC-26JUN20,1578567542349,open,1.23,1.1,1.1755,1.3205,1.23972793,90.5,1.35,0.0,BTC-26JUN20-18000-P,7879.13,0.0,0.9,0.1,2.1,0.1,500.0,13.86674,-3.71557,-78.59532,5e-05,-0.83431
8019.44,BTC-27MAR20,1578567542349,open,1.97,0.0,1.935,2.0675,1.99637336,106.12,None,0.0,BTC-27MAR20-24000-P,7879.13,0.0,0.0005,5.0,0.0,0.0,0.0,2.03533,-1.38676,-50.87087,1e-05,-0.97677
8190.41,BTC-26JUN20,1578567542349,open,0.99,5.0,0.944,1.084,1.00635614,87.55,1.22,0.0,BTC-26JUN20-16000-P,7879.13,0.0,0.56,1.0,2.0,0.1,500.0,15.79358,-4.09415,-68.29126,6e-05,-0.79577
8190.41,BTC-26JUN20,1578567542349,open,1.93,0.0,1.882,2.044,1.95421735,97.38,None,0.0,BTC-26JUN20-24000-P,7879.13,0.0,0.0005,1.0,0.0,0.0,0.0,9.64825,-2.78178,-108.22826,3e-05,-0.9018
8019.44,BTC-27MAR20,1578567542349,open,3.45,0.0,3.401,3.585,3.48963773,111.54,None,0.0,BTC-27MAR20-36000-P,7879.13,0.0,0.0,0.0,0.0,0.0,0.0,0.43303,-0.3101,-76.75082,0.0,-0.99606
8312.83,SYN.BTC-25SEP20,1578567542346,open,0.23,10.1,0.184,0.299,0.23564401,78.32,0.2295,0.0,BTC-25SEP20-8000-P,7879.13,75.71,0.2275,10.5,0.2345,0.1,77.95,25.94934,-3.91016,-34.5932,7e-05,-0.34884
8190.41,BTC-26JUN20,1578567542350,open,1.46,0.1,1.4095,1.5595,1.47587095,92.91,1.85,0.0,BTC-26JUN20-20000-P,7879.13,0.0,0.0005,5.0,1.88,0.1,256.65,12.18143,-3.35095,-88.65403,4e-05,-0.8636
8019.44,BTC-27MAR20,1578567542350,open,0.51,7.4,0.493,0.524,0.50660714,89.22,0.4255,0.0,BTC-27MAR20-4000-C,7879.13,0.0,0.501,13.1,0.5125,18.0,104.74,2.45865,-1.40834,7.94383,2e-05,0.97088
8312.83,SYN.BTC-25SEP20,1578567542345,open,0.47,0.0,0.43,0.5,0.46147663,78.3,None,0.0,BTC-25SEP20-5000-C,7879.13,34.18,0.402,0.1,0.0,0.0,0.0,15.28458,-2.30265,23.84078,4e-05,0.86429
7893.2,SYN.BTC-17JAN20,1578567542346,open,0.05,203.5,0.023,0.0695,0.04223645,55.74,0.044,0.0,BTC-17JAN20-7750-C,7879.13,52.67,0.0405,21.0,0.043,18.0,57.09,4.46647,-15.80629,0.9573,0.0006,0.60432
7918.42,SYN.BTC-31JAN20,1578567542348,open,0.04,886.7,0.014,0.056,0.03154868,60.73,0.0365,0.0,BTC-31JAN20-8500-C,7879.13,59.01,0.03,35.0,0.0325,24.3,61.79,7.13232,-9.90065,1.48147,0.00031,0.34372
7905.81,SYN.BTC-24JAN20,1578567542346,open,0.0,0.053,0.1035,0.07712345,60.04,None,0.0,BTC-24JAN20-7500-C,7879.13,0.0,0.051,6.0,0.0915,6.0,79.76,5.63203,-11.36543,1.97415,0.00037,0.68983
7893.2,SYN.BTC-17JAN20,1578567542346,open,0.06,78.7,0.0385,0.091,0.06128437,56.78,0.062,0.0,BTC-17JAN20-8250-P,7879.13,55.27,0.0605,21.0,0.0635,1.0,61.0,4.10551,-14.79928,-1.27505,0.00054,-0.68736
7893.2,SYN.BTC-17JAN20,1578567542348,open,0.08,12.7,0.062,0.1155,0.08683852,59.38,0.087,0.0,BTC-17JAN20-8500-P,7879.13,0.0,0.041,2.8,0.118,5.4,120.55,3.34378,-12.60443,-1.49297,0.00042,-0.78976
8312.83,SYN.BTC-25SEP20,1578567542347,open,0.11,75.0,0.0735,0.1565,0.10914043,78.32,0.0935,0.0,BTC-25SEP20-6000-P,7879.13,75.54,0.1025,14.4,0.1075,1.0,77.63,19.93106,-3.00321,-18.59447,5e-05,-0.20503
7905.81,SYN.BTC-24JAN20,1578567542347,open,0.1,0.013,0.0545,0.0303896,59.73,0.0355,0.0,BTC-24JAN20-8250-C,7879.13,56.63,0.028,24.0,0.031,24.0,60.52,6.0995,-12.2464,1.14168,0.0004,0.38472
7918.42,SYN.BTC-31JAN20,1578567542349,open,0.32,0.0,0.302,0.3665,0.3317658,75.19,None,0.0,BTC-31JAN20-10500-P,7879.13,0.0,0.2705,1.0,0.373,1.0,142.33,2.73886,-4.70718,-5.96522,0.0001,-0.92519
8312.83,SYN.BTC-25SEP20,1578567542345,open,0.03,57.6,0.016,0.057,0.03159601,79.69,0.028,0.0,BTC-25SEP20-4000-P,7879.13,77.53,0.029,24.7,0.0345,16.0,82.03,10.1511,-1.55638,-6.43983,3e-05,-0.07721
7893.2,SYN.BTC-17JAN20,1578567542348,open,0.17,0.0,0.15,0.2045,0.17501044,70.82,None,0.0,BTC-17JAN20-9250-P,7879.13,0.0,0.0755,2.2,0.2085,2.2,157.66,1.56372,-7.03066,-1.88129,0.00016,-0.92959
7968.86,SYN.BTC-28FEB20,1578567542346,open,0.14,50.2,0.105,0.178,0.1384315,66.9,0.1275,0.0,BTC-28FEB20-8500-P,7879.13,53.15,0.1185,5.8,0.17,4.2,88.39,11.64157,-7.80726,-7.54646,0.0002,-0.5546
7918.42,SYN.BTC-31JAN20,1578567542349,open,0.26,0.0,0.2415,0.305,0.27084565,70.71,None,0.0,BTC-31JAN20-10000-P,7879.13,0.0,0.2015,1.0,0.3125,1.0,132.04,3.48946,-5.63996,-5.53975,0.00013,-0.89646
7893.2,SYN.BTC-17JAN20,1578567542346,open,0.0,325.5,0.0005,0.016,0.00405101,63.28,0.0035,0.0,BTC-17JAN20-7000-P,7879.13,60.9,0.0035,61.8,0.004,18.0,63.07,1.88871,-7.58775,-0.16083,0.00022,-0.09038
7905.81,SYN.BTC-24JAN20,1578567542346,open,3.7,0.0315,0.0835,0.05373977,58.72,0.049,0.0,BTC-24JAN20-8000-P,7879.13,57.18,0.0525,18.0,0.0565,18.0,62.15,6.36194,-12.55646,-1.8364,0.00043,-0.51621
7880.59,SYN.BTC-10JAN20,1578567542347,open,0.02,221.2,0.0025,0.044,0.02067618,58.68,0.0175,0.0,BTC-10JAN20-8000-P,7879.13,54.71,0.02,0.5,0.0215,15.0,63.43,1.35293,-39.69754,-0.13523,0.00155,-0.69457
7880.59,SYN.BTC-10JAN20,1578567542346,open,0.04,72.2,0.0265,0.073,0.04849307,71.66,0.048,0.0,BTC-10JAN20-8250-P,7879.13,65.39,0.048,1.0,0.0495,0.1,82.22,0.67213,-24.0816,-0.17953,0.00063,-0.90107
7918.42,SYN.BTC-31JAN20,1578567542348,open,0.06,216.1,0.0395,0.0935,0.06374515,59.59,0.0595,0.0,BTC-31JAN20-8000-P,7879.13,58.32,0.0625,28.5,0.0665,14.4,62.41,7.73359,-10.53371,-2.67032,0.00035,-0.49893
7893.2,SYN.BTC-17JAN20,1578567542346,open,0.2,0.0,0.1805,0.2355,0.20587057,74.97,None,0.0,BTC-17JAN20-9500-P,7879.13,0.0,0.1065,2.2,0.2395,2.2,169.3,1.23029,-5.85568,-1.96551,0.00012,-0.94818
7918.42,SYN.BTC-31JAN20,1578567542350,open,0.25,51.3,0.2285,0.267,0.24644865,73.57,0.271,0.0,BTC-31JAN20-6000-C,7879.13,0.0,0.242,0.1,0.2535,15.0,94.41,2.04713,-3.44232,3.33175,7e-05,0.94849
7880.59,SYN.BTC-10JAN20,1578567542345,open,0.13,0.0,0.12,0.1675,0.14222307,114.26,0.083,0.0,BTC-10JAN20-9000-P,7879.13,0.0,0.1005,1.0,0.192,2.2,500.0,0.09842,-5.62277,-0.21416,6e-05,-0.99049
8019.56,BTC-27MAR20,1578567542616,open,3.95,1.0,3.8905,4.092,3.98811391,112.49,4.54,0.0,BTC-27MAR20-40000-P,7879.13,0.0,0.0005,2.0,0.0,0.0,0.0,0.26719,-0.19297,-85.30906,0.0,-0.99769
8312.83,SYN.BTC-25SEP20,1578567542852,open,0.16,35.8,0.1045,0.2185,0.15432654,82.71,0.1585,0.0,BTC-25SEP20-12000-C,7879.13,81.26,0.1495,8.9,0.1595,13.9,84.28,27.54799,-4.38398,16.30151,7e-05,0.42974
8312.83,SYN.BTC-25SEP20,1578567542878,open,0.2,60.9,0.1455,0.2575,0.19586955,78.76,0.217,0.0,BTC-25SEP20-10000-C,7879.13,79.7,0.199,8.6,0.208,13.6,82.38,27.94189,-4.23435,19.28194,7e-05,0.52164
139.12,SYN.ETH-31JAN20,1578567543162,open,0.04,711.0,0.015,0.066,0.038175,69.58,0.041,0.0,ETH-31JAN20-150-C,138.58,66.1,0.035,1374.0,0.041,1374.0,72.65,0.12748,-0.20273,0.02688,0.0158,0.36053
139.12,SYN.ETH-31JAN20,1578567543162,open,0.36,0.0,0.334,0.379,0.356039,100.2,None,0.0,ETH-31JAN20-90-C,138.58,0.0,0.353,1.0,0.365,37.0,136.21,0.02243,-0.05137,0.05129,0.00193,0.97115
139.8,SYN.ETH-28FEB20,1578567543179,open,0.37,20.0,0.342,0.394,0.367724,90.1,0.328,0.0,ETH-28FEB20-90-C,138.58,0.0,0.356,3.0,0.378,40.0,108.32,0.06805,-0.06146,0.10775,0.00283,0.93175
139.8,SYN.ETH-28FEB20,1578567543182,open,0.04,464.0,0.015,0.068,0.038132,81.53,0.044,0.0,ETH-28FEB20-180-C,138.58,79.69,0.036,20.0,0.041,1331.0,83.97,0.16274,-0.13302,0.03967,0.00747,0.24579
8190.41,BTC-26JUN20,1578567543321,open,0.07,655.3,0.037,0.1195,0.07011213,84.89,0.077,0.0,BTC-26JUN20-14000-C,7879.13,83.7,0.0675,21.0,0.0725,14.0,85.96,18.11246,-4.55221,7.23995,7e-05,0.26117
8312.93,SYN.BTC-25SEP20,1578567543387,open,0.0,0.0235,0.1055,0.0531449,93.74,None,0.0,BTC-25SEP20-24000-C,7879.13,92.02,0.0495,13.2,0.0575,14.2,95.73,17.90723,-3.22977,7.05587,4e-05,0.17236
7893.2,SYN.BTC-17JAN20,1578567543428,open,0.01,254.5,0.0005,0.023,0.0074686,59.87,0.007,0.0,BTC-17JAN20-7250-P,7879.13,57.03,0.0065,24.0,0.008,24.0,61.34,2.77594,-10.55059,-0.27862,0.00034,-0.15612
7893.2,SYN.BTC-17JAN20,1578567543432,open,0.01,254.5,0.0005,0.023,0.0074686,59.87,0.007,0.0,BTC-17JAN20-7250-P,7879.13,57.03,0.0065,24.0,0.008,39.0,61.34,2.77594,-10.55059,-0.27862,0.00034,-0.15612
7893.2,SYN.BTC-17JAN20,1578567543433,open,0.04,152.0,0.0205,0.0695,0.04005084,55.73,0.042,0.0,BTC-17JAN20-8000-P,7879.13,53.88,0.039,13.8,0.042,47.2,59.03,4.59052,-16.24128,-1.00336,0.00061,-0.54905
7918.58,SYN.BTC-31JAN20,1578567543446,open,0.04,886.7,0.014,0.056,0.0315634,60.74,0.0365,0.0,BTC-31JAN20-8500-C,7879.13,59.0,0.03,35.0,0.0325,5.0,61.78,7.1331,-9.90325,1.48182,0.00031,0.3438
7918.58,SYN.BTC-31JAN20,1578567543457,open,0.04,886.7,0.014,0.056,0.0315634,60.74,0.0365,0.0,BTC-31JAN20-8500-C,7879.13,59.0,0.03,35.0,0.033,19.3,62.33,7.1331,-9.90325,1.48182,0.00031,0.3438
144.61,SYN.ETH-25SEP20,1578567543488,open,0.44,0.0,0.382,0.479,0.431882,90.1,None,0.0,ETH-25SEP20-100-C,138.58,77.51,0.403,52.0,0.464,52.0,103.92,0.33477,-0.05803,0.38578,0.0025,0.80657
144.61,SYN.ETH-25SEP20,1578567543488,open,0.46,0.0,0.386,0.551,0.467728,90.1,0.58,0.0,ETH-25SEP20-180-P,138.58,19.79,0.253,1.0,0.534,1.0,110.06,0.48473,-0.08403,-0.95857,0.00361,-0.46328
144.61,SYN.ETH-25SEP20,1578567543490,open,0.52,0.0,0.477,0.555,0.516614,91.36,None,0.0,ETH-25SEP20-80-C,138.58,76.48,0.492,54.0,0.54,54.0,104.52,0.2503,-0.044,0.36964,0.00184,0.87563
144.61,SYN.ETH-25SEP20,1578567543490,open,0.62,0.0,0.59,0.644,0.616767,93.05,None,0.0,ETH-25SEP20-60-C,138.58,75.21,0.6,57.0,0.633,57.0,107.15,0.15497,-0.02774,0.32751,0.00112,0.93486
144.61,SYN.ETH-25SEP20,1578567544081,open,0.06,0.0,0.022,0.11,0.058082,107.89,None,0.0,ETH-25SEP20-520-C,138.58,106.43,0.055,300.0,0.061,554.0,109.24,0.30982,-0.06431,0.11615,0.00193,0.1709
144.61,SYN.ETH-25SEP20,1578567544081,open,2.61,0.0,2.517,2.808,2.653961,107.89,None,0.0,ETH-25SEP20-520-P,138.58,0.0,0.0,0.0,0.0,0.0,0.0,0.30982,-0.06431,-3.58619,0.00193,-0.8291
140.49,ETH-27MAR20,1578567544346,open,0.19,120.0,0.143,0.23,0.187066,83.26,0.199,0.0,ETH-27MAR20-130-C,138.58,81.46,0.184,20.0,0.189,650.0,84.39,0.23955,-0.12805,0.13973,0.00683,0.65324
140.49,ETH-27MAR20,1578567544346,open,0.52,0.0,0.491,0.535,0.512237,103.08,None,0.0,ETH-27MAR20-70-C,138.58,0.0,0.501,49.0,0.522,47.0,122.17,0.06091,-0.04031,0.13288,0.0014,0.95554
140.49,ETH-27MAR20,1578567544346,open,0.39,0.0,0.354,0.415,0.384376,91.42,None,0.0,ETH-27MAR20-90-C,138.58,48.74,0.361,43.0,0.402,43.0,110.83,0.11621,-0.06821,0.15372,0.00302,0.89719
140.49,ETH-27MAR20,1578567544346,open,0.06,130.0,0.029,0.091,0.056678,85.64,0.046,0.0,ETH-27MAR20-110-P,138.58,83.6,0.054,532.0,0.059,306.0,87.39,0.18553,-0.10201,-0.07909,0.00514,-0.20717
140.49,ETH-27MAR20,1578567544346,open,0.02,0.0,0.009,0.048,0.024991,91.42,None,0.0,ETH-27MAR20-90-P,138.58,88.98,0.023,320.0,0.027,320.0,93.82,0.11621,-0.06821,-0.03831,0.00302,-0.10281
140.49,ETH-27MAR20,1578567544346,open,0.01,33.0,0.001,0.024,0.010493,103.08,0.01,0.0,ETH-27MAR20-70-P,138.58,99.51,0.009,2.0,0.012,320.0,106.44,0.06091,-0.04031,-0.01647,0.0014,-0.04446
140.49,ETH-27MAR20,1578567544346,open,0.28,20.0,0.234,0.312,0.273704,85.64,0.272,0.0,ETH-27MAR20-110-C,138.58,65.92,0.249,63.0,0.3,63.0,104.95,0.18553,-0.10201,0.15561,0.00514,0.79283
8019.8,BTC-27MAR20,1578567544361,open,1.24,0.0,1.203,1.313,1.25276596,95.09,1.23,0.0,BTC-27MAR20-18000-P,7879.28,0.0,0.8975,1.0,1.558,1.0,298.1,3.97263,-2.42548,-37.64827,3e-05,-0.94749
8190.36,BTC-26JUN20,1578567544361,open,1.7,0.0,1.645,1.8005,1.71420127,95.12,None,0.0,BTC-26JUN20-22000-P,7879.28,0.0,0.11,1.0,2.22,0.1,303.31,10.77137,-3.03358,-98.51959,4e-05,-0.88563
8019.8,BTC-27MAR20,1578567544361,open,0.01,1553.9,0.002,0.033,0.01179814,90.3,0.0125,0.0,BTC-27MAR20-16000-C,7879.28,89.05,0.011,32.9,0.0125,24.0,91.37,5.18578,-3.00673,1.06288,4e-05,0.07392
8019.8,BTC-27MAR20,1578567544361,open,0.99,1.2,0.96,1.064,1.00692007,90.4,1.4,0.0,BTC-27MAR20-16000-P,7879.28,0.0,0.6515,1.0,1.312,1.0,285.05,5.20007,-3.01809,-33.07087,4e-05,-0.92582
8190.51,BTC-26JUN20,1578567544361,open,2.17,0.0,2.1195,2.288,2.19494823,99.28,None,0.0,BTC-26JUN20-26000-P,7879.28,0.0,0.0005,1.0,0.0,0.0,0.0,8.6605,-2.54561,-117.85673,3e-05,-0.91511
8019.8,BTC-27MAR20,1578567544361,open,0.75,58.8,0.7195,0.8195,0.76414891,85.55,0.759,0.0,BTC-27MAR20-14000-P,7879.28,0.0,0.66,1.0,0.877,1.0,165.23,7.08657,-3.89228,-28.25813,6e-05,-0.88732
8019.8,BTC-27MAR20,1578567544361,open,0.14,1548.6,0.098,0.1715,0.13159799,71.15,0.131,0.0,BTC-27MAR20-8000-C,7879.28,70.54,0.1305,23.6,0.1335,0.3,72.2,14.56183,-6.65198,7.47098,0.00015,0.56822
8019.8,BTC-27MAR20,1578567544361,open,2.47,0.0,2.4235,2.572,2.49355384,110.63,None,0.0,BTC-27MAR20-28000-P,7879.28,0.0,0.0,0.0,0.0,0.0,0.0,1.34001,-0.95184,-59.53447,1e-05,-0.98578
8019.8,BTC-27MAR20,1578567544361,open,2.96,0.0,2.9125,3.0775,2.99121279,111.31,None,0.0,BTC-27MAR20-32000-P,7879.28,0.0,0.001,1.0,0.0,0.0,0.0,0.76323,-0.54544,-68.16562,0.0,-0.99254
8019.8,BTC-27MAR20,1578567544361,open,1.48,5.2,1.4465,1.5635,1.49999933,99.36,2.035,0.0,BTC-27MAR20-20000-P,7879.28,0.0,0.0,0.0,0.0,0.0,0.0,3.13097,-1.99729,-42.10889,2e-05,-0.96094
8190.51,BTC-26JUN20,1578567544362,open,0.02,112.5,0.0045,0.0445,0.01569769,102.7,0.0205,0.0,BTC-26JUN20-30000-C,7879.28,100.68,0.014,30.7,0.017,18.0,104.16,7.1169,-2.164,1.89215,2e-05,0.06563
7893.34,SYN.BTC-17JAN20,1578567544360,open,0.01,232.7,0.0005,0.0215,0.00640173,62.68,0.007,0.0,BTC-17JAN20-8750-C,7879.28,61.45,0.006,15.3,0.007,45.0,64.47,2.60124,-10.35172,0.23034,0.00031,0.14164
8190.51,BTC-26JUN20,1578567544362,open,0.04,343.6,0.0195,0.066,0.03756605,77.27,0.0345,0.0,BTC-26JUN20-5000-P,7879.28,75.69,0.0355,29.8,0.038,0.1,77.6,10.79533,-2.46983,-5.77107,5e-05,-0.11472
8019.8,BTC-27MAR20,1578567544362,open,3.21,0.0,3.1565,3.3305,3.24030419,111.84,None,0.0,BTC-27MAR20-34000-P,7879.28,0.0,0.0,0.0,0.0,0.0,0.0,0.59021,-0.4238,-72.45997,0.0,-0.99442
7893.34,SYN.BTC-17JAN20,1578567544360,open,0.14,0.0,0.1195,0.1735,0.14452078,66.48,None,0.0,BTC-17JAN20-9000-P,7879.28,0.0,0.0455,2.2,0.1585,0.1,105.55,2.00037,-8.44225,-1.78292,0.00022,-0.90231
8019.95,BTC-27MAR20,1578567544363,open,0.01,454.6,0.0005,0.026,0.00825379,94.96,0.0105,0.0,BTC-27MAR20-18000-C,7879.28,93.38,0.0075,37.4,0.009,24.0,96.43,3.95379,-2.41048,0.75196,3e-05,0.0522
8019.95,BTC-27MAR20,1578567544363,open,2.22,0.0,2.179,2.3205,2.24503875,110.0,None,0.0,BTC-27MAR20-26000-P,7879.28,0.0,0.0,0.0,0.0,0.0,0.0,1.7677,-1.24843,-55.19014,1e-05,-0.98034
8190.51,BTC-26JUN20,1578567544363,open,0.07,378.4,0.0465,0.115,0.07545289,77.27,0.078,0.0,BTC-26JUN20-6000-P,7879.28,74.63,0.0705,29.0,0.0755,0.4,77.3,15.42242,-3.52847,-10.2982,6e-05,-0.1963
8019.95,BTC-27MAR20,1578567544363,open,1.73,5.6,1.6905,1.8155,1.74808409,103.7,1.545,0.0,BTC-27MAR20-22000-P,7879.28,0.0,0.0,0.0,0.0,0.0,0.0,2.58605,-1.72188,-46.49357,2e-05,-0.96906
8190.51,BTC-26JUN20,1578567544364,open,0.22,236.4,0.173,0.2685,0.21671135,77.27,0.216,0.0,BTC-26JUN20-8000-C,7879.28,75.26,0.2115,26.8,0.2225,21.0,79.51,21.19902,-4.84986,15.31291,9e-05,0.6208
8312.9,SYN.BTC-25SEP20,1578567544360,open,0.0,1.857,2.045,1.94021541,93.74,None,0.0,BTC-25SEP20-24000-P,7879.28,0.0,0.0,0.0,0.0,0.0,0.0,17.90586,-3.22938,-163.82197,4e-05,-0.82766
8312.9,SYN.BTC-25SEP20,1578567544360,open,0.0,2.321,2.522,2.41045774,96.57,None,0.0,BTC-25SEP20-28000-P,7879.28,0.0,0.0,0.0,0.0,0.0,0.0,15.56789,-2.89244,-193.60282,3e-05,-0.86059
8312.9,SYN.BTC-25SEP20,1578567544360,open,1.01,1.0,0.9515,1.118,1.02583431,87.51,0.99,0.0,BTC-25SEP20-16000-P,7879.28,0.0,0.915,0.1,1.35,0.1,186.84,24.47502,-4.12066,-102.00653,6e-05,-0.69763
8190.51,BTC-26JUN20,1578567544365,open,0.77,12.5,0.719,0.8545,0.77942821,84.9,0.73,0.0,BTC-26JUN20-14000-P,7879.28,0.0,0.65,1.0,0.82,1.0,102.1,18.11432,-4.55312,-57.53325,7e-05,-0.73879
7969.15,SYN.BTC-28FEB20,1578567544360,open,0.04,81.8,0.02,0.0695,0.04025774,68.92,0.039,0.0,BTC-28FEB20-9500-C,7879.28,67.52,0.0385,1.0,0.0415,34.3,69.9,10.03364,-6.93246,2.68636,0.00017,0.28695
7918.61,SYN.BTC-31JAN20,1578567544361,open,0.02,1270.2,0.0055,0.0355,0.01658103,61.74,0.0155,0.0,BTC-31JAN20-7000-P,7879.28,60.07,0.0155,39.3,0.0175,34.3,63.13,5.19804,-7.33471,-0.96309,0.00022,-0.18635
7969.15,SYN.BTC-28FEB20,1578567544360,open,0.07,180.0,0.042,0.1005,0.06746869,65.85,0.0655,0.0,BTC-28FEB20-7500-P,7879.28,64.05,0.065,34.3,0.0695,34.3,67.32,10.97072,-7.24179,-4.60403,0.00019,-0.35533
8312.9,SYN.BTC-25SEP20,1578567544360,open,1.46,0.7,1.397,1.573,1.47512318,90.13,1.45,0.0,BTC-25SEP20-20000-P,7879.28,0.0,1.31,0.1,1.55,0.1,116.5,20.73927,-3.59658,-133.50623,5e-05,-0.78055
7905.98,SYN.BTC-24JAN20,1578567544361,open,0.2,0.0045,0.0355,0.01573569,62.35,0.019,0.0,BTC-24JAN20-8750-C,7879.28,59.46,0.014,24.0,0.0165,24.0,63.59,4.83178,-10.12591,0.6864,0.0003,0.22876
8312.9,SYN.BTC-25SEP20,1578567544360,open,0.16,93.6,0.1225,0.2235,0.1671928,78.31,0.146,0.0,BTC-25SEP20-7000-P,7879.28,75.41,0.159,14.2,0.167,8.4,78.24,23.5057,-3.54156,-26.31502,6e-05,-0.27742
7969.15,SYN.BTC-28FEB20,1578567544360,open,0.04,124.1,0.023,0.0715,0.04325577,66.32,0.0405,0.0,BTC-28FEB20-7000-P,7879.28,64.84,0.0415,39.3,0.045,34.3,67.77,9.50481,-6.31884,-3.27348,0.00017,-0.25735
8312.9,SYN.BTC-25SEP20,1578567544360,open,0.06,133.7,0.0375,0.0995,0.06297071,78.31,0.059,0.0,BTC-25SEP20-5000-P,7879.28,76.14,0.059,24.2,0.063,0.2,78.33,15.2853,-2.30301,-11.76001,4e-05,-0.13572
7905.98,SYN.BTC-24JAN20,1578567544361,open,0.0,0.076,0.125,0.09928772,60.3,None,0.0,BTC-24JAN20-7250-C,7879.28,0.0,0.0765,5.0,0.1115,5.0,79.52,4.725,-9.57646,2.19354,0.00031,0.78007
8312.9,SYN.BTC-25SEP20,1578567544360,open,1.23,0.8,1.171,1.341,1.2467405,88.31,1.135,0.0,BTC-25SEP20-18000-P,7879.28,0.0,1.11,0.1,1.37,0.1,128.28,22.444,-3.81342,-117.98671,5e-05,-0.74672
7893.34,SYN.BTC-17JAN20,1578567544360,open,0.01,408.0,0.0035,0.035,0.01350005,56.94,0.0135,0.0,BTC-17JAN20-7500-P,7879.28,54.82,0.0125,24.0,0.0145,39.0,59.04,3.73764,-13.5124,-0.46054,0.00049,-0.2569
7893.34,SYN.BTC-17JAN20,1578567544360,open,0.02,119.8,0.0095,0.0505,0.02411913,55.8,0.0265,0.0,BTC-17JAN20-7750-P,7879.28,52.93,0.0225,59.0,0.0255,24.0,58.24,4.46651,-15.82266,-0.71496,0.0006,-0.39567
7969.15,SYN.BTC-28FEB20,1578567544360,open,0.01,97.7,0.0005,0.0165,0.00576816,80.17,0.005,0.0,BTC-28FEB20-5000-P,7879.28,77.8,0.005,17.0,0.0065,55.6,82.29,2.67257,-2.14801,-0.52693,4e-05,-0.04262
7969.15,SYN.BTC-28FEB20,1578567544360,open,0.02,72.6,0.006,0.034,0.01568236,70.38,0.014,0.0,BTC-28FEB20-6000-P,7879.28,68.66,0.0145,39.0,0.0165,24.0,71.54,5.57665,-3.93452,-1.37992,9e-05,-0.11104
7918.61,SYN.BTC-31JAN20,1578567544361,open,0.44,0.0,0.4245,0.492,0.45555255,83.47,None,0.0,BTC-31JAN20-11500-P,7879.28,0.0,0.0,0.0,0.0,0.0,0.0,1.75018,-3.33891,-6.70684,6e-05,-0.95764
7918.61,SYN.BTC-31JAN20,1578567544361,open,0.01,903.0,0.0005,0.0215,0.00801533,66.43,0.0085,0.0,BTC-31JAN20-6500-P,7879.28,65.19,0.0075,20.0,0.0085,30.6,67.56,3.3428,-5.07549,-0.50135,0.00013,-0.09762
7918.61,SYN.BTC-31JAN20,1578567544361,open,0.01,576.1,0.0005,0.0185,0.00568458,75.02,0.006,0.0,BTC-31JAN20-10500-C,7879.28,72.96,0.005,35.0,0.006,24.0,75.92,2.72448,-4.67156,0.32562,0.0001,0.0743
7969.15,SYN.BTC-28FEB20,1578567544360,open,0.1,94.1,0.0665,0.1285,0.09477591,65.61,0.1015,0.0,BTC-28FEB20-8000-C,7879.28,63.03,0.091,20.0,0.096,19.3,66.44,11.68722,-7.68653,4.86941,0.00021,0.54194
7969.15,SYN.BTC-28FEB20,1578567544360,open,0.1,112.0,0.0685,0.1355,0.09868374,65.63,0.098,0.0,BTC-28FEB20-8000-P,7879.28,64.48,0.097,19.2,0.102,32.5,67.89,11.68716,-7.68943,-6.06242,0.00021,-0.45804
7880.71,SYN.BTC-10JAN20,1578567544360,open,0.01,537.2,0.0005,0.0235,0.00549342,58.48,0.008,0.0,BTC-10JAN20-8000-C,7879.28,52.6,0.0045,39.9,0.0065,2.0,64.28,1.35205,-39.53487,0.05662,0.00155,0.30497
7893.34,SYN.BTC-17JAN20,1578567544360,open,0.12,145.7,0.0965,0.1395,0.11720696,63.2,0.16,0.0,BTC-17JAN20-7000-C,7879.28,0.0,0.113,0.1,0.127,8.0,94.12,1.88422,-7.56008,1.35011,0.00022,0.90991
7918.61,SYN.BTC-31JAN20,1578567544364,open,0.51,0.0,0.4865,0.5545,0.51790671,86.83,None,0.0,BTC-31JAN20-12000-P,7879.28,0.0,0.0,0.0,0.0,0.0,0.0,1.399,-2.7765,-7.05095,4e-05,-0.96779
7918.61,SYN.BTC-31JAN20,1578567544361,open,0.03,478.2,0.0165,0.059,0.03426769,59.84,0.034,0.0,BTC-31JAN20-7500-P,7879.28,57.83,0.0325,54.3,0.036,34.3,61.79,7.00784,-9.58433,-1.72174,0.00031,-0.32852
7880.71,SYN.BTC-10JAN20,1578567544360,open,0.0,680.9,0.0005,0.014,0.00148685,75.19,0.0015,0.0,BTC-10JAN20-7500-P,7879.28,68.29,0.001,45.5,0.002,30.0,81.39,0.60836,-11.71742,-0.01663,0.00054,-0.08646
8019.8,BTC-27MAR20,1578567544381,open,0.14,1548.6,0.098,0.1715,0.13159799,71.15,0.131,0.0,BTC-27MAR20-8000-C,7879.28,70.54,0.1305,23.6,0.134,0.3,72.47,14.56183,-6.65198,7.47098,0.00015,0.56822
8019.8,BTC-27MAR20,1578567544384,open,0.14,1548.6,0.098,0.1715,0.13159799,71.15,0.131,0.0,BTC-27MAR20-8000-C,7879.28,70.54,0.1305,23.6,0.134,10.9,72.47,14.56183,-6.65198,7.47098,0.00015,0.56822
142.55,ETH-26JUN20,1578567544600,open,0.49,0.0,0.448,0.516,0.481941,91.5,None,0.0,ETH-26JUN20-80-C,138.58,69.04,0.457,49.0,0.503,49.0,107.33,0.17947,-0.04862,0.27071,0.00209,0.89239
142.55,ETH-26JUN20,1578567544608,open,0.39,1.0,0.341,0.428,0.385483,89.85,0.38,0.0,ETH-26JUN20-100-C,138.58,71.52,0.353,48.0,0.415,48.0,105.69,0.26133,-0.06952,0.28137,0.00309,0.8121
138.6,SYN.ETH-10JAN20,1578567544610,open,0.21,1.0,0.182,0.229,0.206358,120.06,0.194,0.0,ETH-10JAN20-110-C,138.58,0.0,0.192,31.0,0.218,31.0,416.52,1e-05,-0.00064,0.00264,2e-05,0.99996
138.6,SYN.ETH-10JAN20,1578567544610,open,0.0,3095.0,0.001,0.011,0.000469,84.65,0.001,0.0,ETH-10JAN20-150-C,138.58,0.0,0.0,0.0,0.001,150.0,97.25,0.00458,-0.06503,0.0001,0.01174,0.02969
138.6,SYN.ETH-10JAN20,1578567544610,open,0.36,1.0,0.331,0.369,0.350656,176.69,0.311,0.0,ETH-10JAN20-90-C,138.58,0.0,0.342,36.0,0.36,36.0,500.0,0.0,-1e-05,0.00216,0.0,1.0
138.6,SYN.ETH-10JAN20,1578567544610,open,0.0,1628.0,0.001,0.011,0.000127,120.0,0.001,0.0,ETH-10JAN20-120-P,138.58,0.0,0.0,0.0,0.001,675.0,161.68,0.00125,-0.01761,-2e-05,0.00225,-0.00655
138.6,SYN.ETH-10JAN20,1578567544610,open,0.0,416.0,0.001,0.011,1e-06,120.0,0.001,0.0,ETH-10JAN20-110-P,138.58,0.0,0.0,0.0,0.001,18.0,241.1,1e-05,-7e-05,0.0,2e-05,-4e-05
138.6,SYN.ETH-10JAN20,1578567544610,open,0.0,568.0,0.001,0.015,0.001413,90.35,0.001,0.0,ETH-10JAN20-130-P,138.58,83.58,0.001,650.0,0.002,950.0,98.45,0.0092,-0.19587,-0.00024,0.02208,-0.0708
138.6,SYN.ETH-10JAN20,1578567544610,open,0.07,12.0,0.051,0.117,0.082709,84.65,0.068,0.0,ETH-10JAN20-150-P,138.58,0.0,0.08,60.0,0.086,60.0,133.63,0.00458,-0.19381,-0.0035,0.01174,-0.97031
138.6,SYN.ETH-10JAN20,1578567544610,open,0.01,999.0,0.001,0.048,0.01836,64.57,0.02,0.0,ETH-10JAN20-140-P,138.58,57.24,0.017,650.0,0.02,730.0,73.31,0.02588,-0.83557,-0.00212,0.08696,-0.61852
138.6,SYN.ETH-10JAN20,1578567544610,open,0.07,831.0,0.034,0.092,0.063472,90.35,0.071,0.0,ETH-10JAN20-130-C,138.58,0.0,0.061,60.0,0.067,710.0,128.81,0.0092,-0.41538,0.00288,0.02208,0.9292
138.6,SYN.ETH-10JAN20,1578567544610,open,0.0,791.0,0.001,0.011,0.0,120.0,0.001,0.0,ETH-10JAN20-90-P,138.58,0.0,0.0,0.0,0.001,1.0,415.81,0.0,0.0,0.0,0.0,0.0
138.6,SYN.ETH-10JAN20,1578567544610,open,0.14,170.0,0.108,0.16,0.134335,120.0,0.153,0.0,ETH-10JAN20-120-C,138.58,0.0,0.132,60.0,0.138,60.0,214.23,0.00125,-0.07482,0.00286,0.00225,0.99345
138.6,SYN.ETH-10JAN20,1578567544610,open,0.0,390.0,0.001,0.011,0.0,120.0,0.001,0.0,ETH-10JAN20-100-P,138.58,0.0,0.0,0.0,0.001,1.0,325.05,0.0,0.0,0.0,0.0,0.0
138.6,SYN.ETH-10JAN20,1578567544610,open,0.29,1.0,0.257,0.299,0.278507,135.34,0.235,0.0,ETH-10JAN20-100-C,138.58,0.0,0.268,33.0,0.289,33.0,500.0,0.0,-1e-05,0.0024,0.0,1.0
138.6,SYN.ETH-10JAN20,1578567544614,open,0.14,0.0,0.121,0.192,0.15454,120.0,None,0.0,ETH-10JAN20-160-P,138.58,0.0,0.0,0.0,0.0,0.0,0.0,0.00147,-0.08836,-0.00381,0.00266,-0.99209
138.6,SYN.ETH-10JAN20,1578567544614,open,0.0,1240.0,0.001,0.011,0.000151,120.0,0.001,0.0,ETH-10JAN20-160-C,138.58,0.0,0.0,0.0,0.001,677.0,157.16,0.00147,-0.02092,3e-05,0.00266,0.00791
138.77,SYN.ETH-17JAN20,1578567544618,open,0.0,692.0,0.001,0.011,0.000497,98.5,0.001,0.0,ETH-17JAN20-100-P,138.58,0.0,0.0,0.0,0.001,45.0,108.75,0.0053,-0.03313,-0.00031,0.00129,-0.00972
138.77,SYN.ETH-17JAN20,1578567544619,open,0.15,2.0,0.111,0.169,0.140222,77.02,0.162,0.0,ETH-17JAN20-120-C,138.58,60.19,0.137,80.0,0.143,60.0,87.56,0.03308,-0.16176,0.02305,0.01034,0.91008
138.77,SYN.ETH-17JAN20,1578567544619,open,0.04,94.0,0.016,0.074,0.042425,64.31,0.041,0.0,ETH-17JAN20-140-P,138.58,61.88,0.041,180.0,0.044,897.0,67.0,0.08124,-0.33169,-0.01679,0.0304,-0.51832
138.77,SYN.ETH-17JAN20,1578567544619,open,0.09,4.0,0.046,0.108,0.077389,66.36,0.111,0.0,ETH-17JAN20-130-C,138.58,60.98,0.075,710.0,0.079,650.0,69.88,0.06281,-0.26463,0.02055,0.02278,0.76384
138.77,SYN.ETH-17JAN20,1578567544619,open,0.22,0.0,0.184,0.235,0.209334,91.14,None,0.0,ETH-17JAN20-110-C,138.58,0.0,0.207,1.0,0.221,32.0,146.6,0.01602,-0.0927,0.02261,0.00423,0.96427
138.77,SYN.ETH-17JAN20,1578567544619,open,0.0,135.0,0.001,0.019,0.004942,77.02,0.004,0.0,ETH-17JAN20-120-P,138.58,72.88,0.004,950.0,0.006,1251.0,81.27,0.03308,-0.16176,-0.00284,0.01034,-0.08992
138.77,SYN.ETH-17JAN20,1578567544618,open,0.0,114.0,0.001,0.011,0.001994,91.14,0.002,0.0,ETH-17JAN20-110-P,138.58,80.76,0.001,980.0,0.003,718.0,98.87,0.01602,-0.0927,-0.00113,0.00423,-0.03573
138.77,SYN.ETH-17JAN20,1578567544618,open,0.29,1.0,0.258,0.302,0.279897,98.5,0.292,0.0,ETH-17JAN20-100-C,138.58,0.0,0.269,34.0,0.291,34.0,180.25,0.0053,-0.03313,0.02127,0.00129,0.99028
138.77,SYN.ETH-17JAN20,1578567544619,open,0.15,96.0,0.122,0.199,0.158951,76.86,0.129,0.0,ETH-17JAN20-160-P,138.58,0.0,0.0,0.0,0.195,35.0,160.03,0.03938,-0.19217,-0.03128,0.01233,-0.88575
138.77,SYN.ETH-17JAN20,1578567544622,open,0.01,399.0,0.001,0.021,0.00599,76.86,0.007,0.0,ETH-17JAN20-160-C,138.58,73.23,0.005,975.0,0.007,950.0,80.3,0.03938,-0.19217,0.00324,0.01233,0.11425
138.77,SYN.ETH-17JAN20,1578567544622,open,0.02,1096.0,0.002,0.034,0.012952,68.01,0.017,0.0,ETH-17JAN20-150-C,138.58,65.87,0.012,240.0,0.014,286.0,70.32,0.06236,-0.26926,0.00659,0.02206,0.23308
138.77,SYN.ETH-17JAN20,1578567544622,open,0.09,264.0,0.058,0.131,0.093853,68.01,0.096,0.0,ETH-17JAN20-150-P,138.58,63.81,0.092,60.0,0.099,80.0,78.99,0.06236,-0.26926,-0.02577,0.02206,-0.76692
138.77,SYN.ETH-17JAN20,1578567544622,open,0.01,281.0,0.002,0.036,0.01417,66.36,0.015,0.0,ETH-17JAN20-130-P,138.58,63.75,0.013,240.0,0.015,291.0,68.18,0.06281,-0.26463,-0.0075,0.02278,-0.23616
144.61,SYN.ETH-25SEP20,1578567544761,open,0.08,106.0,0.037,0.139,0.081713,103.34,0.085,0.0,ETH-25SEP20-400-C,138.58,101.88,0.078,396.0,0.086,650.0,104.98,0.37269,-0.0741,0.15518,0.00242,0.23243
144.61,SYN.ETH-25SEP20,1578567544761,open,1.82,0.0,1.729,1.98,1.847774,103.34,None,0.0,ETH-25SEP20-400-P,138.58,0.0,0.0,0.0,0.0,0.0,0.0,0.37269,-0.0741,-2.69277,0.00242,-0.76757
144.61,SYN.ETH-25SEP20,1578567544761,open,0.07,67.0,0.026,0.118,0.064351,106.45,0.055,0.0,ETH-25SEP20-480-C,138.58,104.96,0.061,399.0,0.068,559.0,108.04,0.32859,-0.0673,0.12695,0.00207,0.18765
144.61,SYN.ETH-25SEP20,1578567544761,open,0.11,61.0,0.057,0.171,0.109256,99.57,0.12,0.0,ETH-25SEP20-320-C,138.58,98.11,0.105,390.0,0.114,645.0,101.18,0.42405,-0.08123,0.19605,0.00286,0.29967
144.61,SYN.ETH-25SEP20,1578567544761,open,0.1,14.0,0.045,0.153,0.093569,101.48,0.078,0.0,ETH-25SEP20-360-C,138.58,100.17,0.09,393.0,0.098,650.0,103.08,0.3974,-0.07759,0.17348,0.00263,0.26206
144.61,SYN.ETH-25SEP20,1578567544761,open,1.05,0.0,0.964,1.176,1.066629,97.56,None,0.0,ETH-25SEP20-280-P,138.58,0.0,0.0,0.0,1.074,1.0,99.91,0.45096,-0.08465,-1.76964,0.0031,-0.65213
144.61,SYN.ETH-25SEP20,1578567544761,open,0.13,1.0,0.073,0.194,0.130387,97.56,0.097,0.0,ETH-25SEP20-280-C,138.58,96.15,0.126,396.0,0.135,615.0,99.03,0.45096,-0.08465,0.22392,0.0031,0.34787
144.61,SYN.ETH-25SEP20,1578567544761,open,2.08,0.0,1.99,2.254,2.114854,104.99,None,0.0,ETH-25SEP20-440-P,138.58,0.0,0.0,0.0,0.0,0.0,0.0,0.34975,-0.07065,-2.99285,0.00224,-0.79194
144.61,SYN.ETH-25SEP20,1578567544761,open,1.3,0.0,1.214,1.439,1.322104,99.57,None,0.0,ETH-25SEP20-320-P,138.58,0.0,0.0,0.0,0.0,0.0,0.0,0.42405,-0.08123,-2.08231,0.00286,-0.70033
144.61,SYN.ETH-25SEP20,1578567544761,open,0.07,45.0,0.031,0.128,0.072188,104.99,0.057,0.0,ETH-25SEP20-440-C,138.58,103.66,0.069,398.0,0.076,650.0,106.55,0.34975,-0.07065,0.1399,0.00224,0.20806
144.61,SYN.ETH-25SEP20,1578567544762,open,2.34,0.0,2.253,2.53,2.383623,106.45,None,0.0,ETH-25SEP20-480-P,138.58,0.0,0.0,0.0,0.0,0.0,0.0,0.32859,-0.0673,-3.29059,0.00207,-0.81235
144.61,SYN.ETH-25SEP20,1578567544762,open,1.55,0.0,1.469,1.708,1.583023,101.48,None,0.0,ETH-25SEP20-360-P,138.58,0.0,0.0,0.0,0.0,0.0,0.0,0.3974,-0.07759,-2.38968,0.00263,-0.73794
144.61,SYN.ETH-25SEP20,1578567544762,open,0.16,3.0,0.099,0.225,0.160005,95.54,0.165,0.0,ETH-25SEP20-240-C,138.58,94.32,0.156,282.0,0.165,650.0,97.06,0.47459,-0.08724,0.25829,0.00334,0.41087
139.12,SYN.ETH-31JAN20,1578567544777,open,0.02,1588.0,0.005,0.039,0.018457,72.2,0.013,0.0,ETH-31JAN20-120-P,138.58,69.88,0.017,1162.0,0.02,193.0,74.59,0.0886,-0.14621,-0.01634,0.01058,-0.17756
140.49,ETH-27MAR20,1578567544778,open,0.04,1620.0,0.016,0.065,0.037111,87.01,0.035,0.0,ETH-27MAR20-100-P,138.58,85.96,0.036,340.0,0.038,297.0,87.84,0.14967,-0.08361,-0.05536,0.00408,-0.14758
142.55,ETH-26JUN20,1578567544781,open,0.49,0.0,0.448,0.516,0.481941,91.5,None,0.0,ETH-26JUN20-80-C,138.58,69.04,0.457,49.0,0.504,49.0,108.05,0.17947,-0.04862,0.27071,0.00209,0.89239
140.49,ETH-27MAR20,1578567544790,open,0.08,2827.0,0.039,0.116,0.075139,87.76,0.092,0.0,ETH-27MAR20-180-C,138.58,86.5,0.073,358.0,0.077,930.0,88.86,0.23815,-0.13419,0.07981,0.00644,0.3414
140.49,ETH-27MAR20,1578567544839,open,0.73,118.0,0.673,0.812,0.738865,95.18,0.978,0.0,ETH-27MAR20-240-P,138.58,0.0,0.695,14.0,0.777,14.0,123.98,0.1573,-0.09612,-0.47353,0.00392,-0.84092
138.94,SYN.ETH-24JAN20,1578567544892,open,0.0,0.001,0.017,0.004837,82.3,None,0.0,ETH-24JAN20-180-C,138.58,79.07,0.004,300.0,0.006,300.0,86.35,0.03771,-0.10432,0.0037,0.00582,0.07011
138.94,SYN.ETH-24JAN20,1578567544892,open,0.0,0.186,0.24,0.213318,81.01,None,0.0,ETH-24JAN20-110-C,138.58,0.0,0.0,0.0,0.0,0.0,0.0,0.03578,-0.09742,0.04084,0.00561,0.9345
138.94,SYN.ETH-24JAN20,1578567544892,open,0.0,0.001,0.017,0.004999,81.01,None,0.0,ETH-24JAN20-110-P,138.58,76.92,0.004,300.0,0.006,400.0,84.73,0.03578,-0.09742,-0.00399,0.00561,-0.0655
138.94,SYN.ETH-24JAN20,1578567544892,open,0.0,0.191,0.275,0.231104,76.33,None,0.0,ETH-24JAN20-170-P,138.58,0.0,0.0,0.0,0.0,0.0,0.0,0.05239,-0.13443,-0.06354,0.00872,-0.89102
138.94,SYN.ETH-24JAN20,1578567544892,open,0.0,0.029,0.093,0.058771,67.95,None,0.0,ETH-24JAN20-140-P,138.58,63.27,0.055,180.0,0.061,180.0,70.72,0.11189,-0.25556,-0.03134,0.02093,-0.49464
138.94,SYN.ETH-24JAN20,1578567544892,open,20.0,0.002,0.03,0.011765,73.56,0.009,0.0,ETH-24JAN20-120-P,138.58,69.61,0.01,300.0,0.013,300.0,76.21,0.06372,-0.15755,-0.00884,0.01101,-0.14428
138.94,SYN.ETH-24JAN20,1578567544895,open,150.0,0.003,0.034,0.014024,72.57,0.014,0.0,ETH-24JAN20-160-C,138.58,68.74,0.012,240.0,0.015,240.0,74.36,0.07532,-0.18374,0.00978,0.01319,0.18679
138.94,SYN.ETH-24JAN20,1578567544895,open,100.0,0.001,0.023,0.007597,76.33,0.007,0.0,ETH-24JAN20-170-C,138.58,71.87,0.006,300.0,0.009,300.0,79.91,0.05239,-0.13443,0.00574,0.00872,0.10898
138.94,SYN.ETH-24JAN20,1578567544895,open,0.0,0.259,0.345,0.300315,82.3,None,0.0,ETH-24JAN20-180-P,138.58,0.0,0.0,0.0,0.0,0.0,0.0,0.03771,-0.10432,-0.06966,0.00582,-0.92989
138.94,SYN.ETH-24JAN20,1578567544895,open,0.0,0.117,0.178,0.148113,73.56,None,0.0,ETH-24JAN20-120-C,138.58,63.92,0.144,60.0,0.151,60.0,79.63,0.06372,-0.15755,0.04007,0.01101,0.85572
138.94,SYN.ETH-24JAN20,1578567544895,open,0.0,0.06,0.125,0.093021,70.57,None,0.0,ETH-24JAN20-130-C,138.58,61.79,0.087,60.0,0.094,60.0,71.97,0.09681,-0.22962,0.03464,0.01744,0.70483
138.94,SYN.ETH-24JAN20,1578567544897,open,0.0,0.009,0.055,0.028644,70.57,None,0.0,ETH-24JAN20-130-P,138.58,63.82,0.024,240.0,0.029,240.0,71.08,0.09681,-0.22962,-0.01834,0.01744,-0.29517
138.94,SYN.ETH-24JAN20,1578567544897,open,0.0,0.126,0.207,0.16556,72.57,None,0.0,ETH-24JAN20-160-P,138.58,0.0,0.0,0.0,0.0,0.0,0.0,0.07532,-0.18374,-0.05543,0.01319,-0.81321
138.94,SYN.ETH-24JAN20,1578567544897,open,2.0,0.008,0.053,0.027567,70.56,0.024,0.0,ETH-24JAN20-150-C,138.58,65.57,0.024,240.0,0.029,240.0,72.54,0.10038,-0.23808,0.01659,0.01808,0.32054
138.94,SYN.ETH-24JAN20,1578567544897,open,0.0,0.023,0.081,0.051177,67.95,None,0.0,ETH-24JAN20-140-C,138.58,62.76,0.047,180.0,0.051,2.0,67.73,0.11189,-0.25556,0.02572,0.02093,0.50536
138.94,SYN.ETH-24JAN20,1578567544899,open,0.0,0.07,0.146,0.107132,70.56,None,0.0,ETH-24JAN20-150-P,138.58,64.77,0.103,180.0,0.11,180.0,74.5,0.10038,-0.23808,-0.04454,0.01808,-0.67946
8190.51,BTC-26JUN20,1578567545030,open,0.07,655.3,0.037,0.1195,0.07011434,84.89,0.077,0.0,BTC-26JUN20-14000-C,7879.28,83.7,0.0675,21.0,0.0725,19.0,85.96,18.11274,-4.55222,7.24011,7e-05,0.26117
142.55,ETH-26JUN20,1578567545091,open,0.2,170.0,0.143,0.257,0.200579,90.83,0.23,0.0,ETH-26JUN20-160-C,138.58,87.64,0.192,451.0,0.203,650.0,91.72,0.38396,-0.10325,0.22949,0.0045,0.54854
142.55,ETH-26JUN20,1578567545091,open,0.04,752.0,0.011,0.073,0.034399,108.8,0.03,0.0,ETH-26JUN20-440-C,138.58,107.79,0.033,120.0,0.036,587.0,109.93,0.199,-0.0641,0.0594,0.00195,0.12446
140.49,ETH-27MAR20,1578567545091,open,0.03,5888.0,0.01,0.061,0.030558,95.18,0.034,0.0,ETH-27MAR20-240-C,138.58,93.77,0.029,512.0,0.032,2.0,96.45,0.1573,-0.09612,0.03852,0.00392,0.15908
142.55,ETH-26JUN20,1578567545095,open,0.03,295.0,0.006,0.055,0.023004,114.33,0.017,0.0,ETH-26JUN20-560-C,138.58,113.38,0.022,120.0,0.024,554.0,115.26,0.15124,-0.0512,0.04106,0.00141,0.08527
139.12,SYN.ETH-31JAN20,1578567545095,open,0.01,2098.0,0.001,0.028,0.010474,81.47,0.014,0.0,ETH-31JAN20-180-C,138.58,80.47,0.01,20.0,0.011,240.0,82.55,0.06677,-0.12432,0.00885,0.00707,0.11662
140.49,ETH-27MAR20,1578567545099,open,0.24,4565.0,0.19,0.303,0.245043,85.14,0.209,0.0,ETH-27MAR20-160-P,138.58,82.37,0.24,144.0,0.254,144.0,90.03,0.25657,-0.14025,-0.2393,0.00716,-0.55331
142.55,ETH-26JUN20,1578567545104,open,0.25,819.0,0.188,0.297,0.24371,88.58,0.261,0.0,ETH-26JUN20-140-C,138.58,86.36,0.238,180.0,0.249,180.0,90.64,0.36618,-0.09603,0.25462,0.0044,0.62976
144.61,SYN.ETH-25SEP20,1578567545143,open,0.05,54.0,0.019,0.103,0.052803,109.21,0.059,0.0,ETH-25SEP20-560-C,138.58,107.8,0.05,300.0,0.056,580.0,110.76,0.29273,-0.06151,0.10686,0.0018,0.1566
140.49,ETH-27MAR20,1578567545145,open,0.0,6835.0,0.001,0.011,0.001527,120.0,0.003,0.0,ETH-27MAR20-600-C,138.58,123.6,0.002,1119.0,0.004,950.0,134.27,0.01667,-0.01285,0.00242,0.00033,0.00959
140.49,ETH-27MAR20,1578567545145,open,2.39,0.0,2.318,2.536,2.421243,120.0,None,0.0,ETH-27MAR20-480-P,138.58,0.0,0.004,50.0,0.0,0.0,0.0,0.03947,-0.03041,-1.01765,0.00078,-0.97378
140.49,ETH-27MAR20,1578567545156,open,0.01,1012.0,0.005,0.034,0.015981,96.03,0.015,0.0,ETH-27MAR20-80-P,138.58,92.66,0.014,560.0,0.018,641.0,99.27,0.08515,-0.0525,-0.02515,0.00211,-0.06794
140.49,ETH-27MAR20,1578567545156,open,0.45,20.0,0.421,0.473,0.446545,96.03,0.613,0.0,ETH-27MAR20-80-C,138.58,0.0,0.43,45.0,0.46,44.0,115.47,0.08515,-0.0525,0.14553,0.00211,0.93206
139.12,SYN.ETH-31JAN20,1578567545156,open,0.17,742.0,0.132,0.216,0.173203,72.2,0.158,0.0,ETH-31JAN20-160-P,138.58,57.77,0.163,260.0,0.282,20.0,190.55,0.10613,-0.17515,-0.07772,0.01267,-0.75893
139.12,SYN.ETH-31JAN20,1578567545156,open,0.0,1798.0,0.001,0.011,0.001995,117.04,0.002,0.0,ETH-31JAN20-260-C,138.58,106.94,0.001,650.0,0.003,950.0,124.2,0.01699,-0.04544,0.00156,0.00125,0.02071
139.12,SYN.ETH-31JAN20,1578567545156,open,0.71,0.0,0.676,0.786,0.727671,108.17,None,0.0,ETH-31JAN20-240-P,138.58,0.0,0.011,3.0,0.0,0.0,0.0,0.02123,-0.05248,-0.1418,0.00169,-0.97301
139.12,SYN.ETH-31JAN20,1578567545156,open,0.07,809.0,0.04,0.107,0.07014,68.38,0.065,0.0,ETH-31JAN20-140-P,138.58,66.19,0.068,650.0,0.074,1038.0,72.34,0.13573,-0.21213,-0.04601,0.01711,-0.4817
140.49,ETH-27MAR20,1578567545158,open,1.55,7.0,1.491,1.665,1.572512,110.24,1.702,0.0,ETH-27MAR20-360-P,138.58,0.0,0.01,30.0,0.0,0.0,0.0,0.07275,-0.0515,-0.75445,0.00157,-0.94445
142.55,ETH-26JUN20,1578567545161,open,0.64,0.0,0.576,0.745,0.658145,94.19,None,0.0,ETH-26JUN20-220-P,138.58,0.0,0.543,1.0,0.0,0.0,0.0,0.36295,-0.10122,-0.85581,0.0041,-0.63943
142.55,ETH-26JUN20,1578567545161,open,3.46,0.0,3.364,3.671,3.508113,117.36,None,0.0,ETH-26JUN20-640-P,138.58,0.0,0.01,50.0,0.0,0.0,0.0,0.12899,-0.04482,-2.92767,0.00117,-0.93084
142.55,ETH-26JUN20,1578567545160,open,0.17,3179.0,0.107,0.219,0.162732,91.19,0.195,0.0,ETH-26JUN20-180-C,138.58,89.82,0.159,477.0,0.167,650.0,92.77,0.38599,-0.10422,0.20512,0.0045,0.47373
142.55,ETH-26JUN20,1578567545161,open,2.91,0.0,2.822,3.099,2.95145,114.33,None,0.0,ETH-26JUN20-560-P,138.58,0.0,0.01,50.0,0.0,0.0,0.0,0.15124,-0.0512,-2.54991,0.00141,-0.91473
140.49,ETH-27MAR20,1578567545161,open,0.6,30.0,0.542,0.677,0.606537,93.03,0.554,0.0,ETH-27MAR20-220-P,138.58,0.0,0.001,10.0,0.0,0.0,0.0,0.18363,-0.10968,-0.42053,0.00469,-0.7964
140.49,ETH-27MAR20,1578567545161,open,0.02,1644.0,0.003,0.036,0.014036,106.31,0.014,0.0,ETH-27MAR20-320-C,138.58,104.72,0.013,520.0,0.015,650.0,107.74,0.09302,-0.06349,0.01865,0.00208,0.07625
140.49,ETH-27MAR20,1578567545161,open,2.11,0.0,2.042,2.247,2.13841,119.02,None,0.0,ETH-27MAR20-440-P,138.58,0.0,0.003,50.0,0.0,0.0,0.0,0.05108,-0.03904,-0.93,0.00102,-0.9642
142.55,ETH-26JUN20,1578567545161,open,0.1,563.0,0.052,0.151,0.098176,95.62,0.096,0.0,ETH-26JUN20-240-C,138.58,93.89,0.094,498.0,0.103,936.0,97.6,0.34544,-0.0978,0.14441,0.00384,0.31713
139.12,SYN.ETH-31JAN20,1578567545161,open,0.01,1626.0,0.001,0.018,0.005614,90.51,0.009,0.0,ETH-31JAN20-200-C,138.58,88.43,0.005,300.0,0.006,240.0,91.76,0.04231,-0.08754,0.00481,0.00403,0.06332
142.55,ETH-26JUN20,1578567545163,open,0.77,4.0,0.697,0.872,0.781796,95.62,0.934,0.0,ETH-26JUN20-240-P,138.58,0.0,0.01,50.0,0.0,0.0,0.0,0.34544,-0.0978,-0.966,0.00384,-0.68287
140.49,ETH-27MAR20,1578567545163,open,0.0,2448.0,0.001,0.013,0.003159,120.0,0.005,0.0,ETH-27MAR20-520-C,138.58,119.23,0.003,1490.0,0.005,650.0,127.43,0.02952,-0.02274,0.00462,0.00058,0.01859
142.55,ETH-26JUN20,1578567545163,open,0.12,781.0,0.065,0.169,0.114827,94.19,0.116,0.0,ETH-26JUN20-220-C,138.58,92.68,0.111,423.0,0.119,650.0,95.83,0.36295,-0.10122,0.16207,0.0041,0.36057
142.55,ETH-26JUN20,1578567545163,open,2.63,0.0,2.551,2.814,2.673789,112.58,None,0.0,ETH-26JUN20-520-P,138.58,0.0,0.01,50.0,0.0,0.0,0.0,0.16464,-0.05488,-2.35996,0.00156,-0.9044
142.55,ETH-26JUN20,1578567545163,open,0.02,635.0,0.004,0.048,0.01846,117.36,0.022,0.0,ETH-26JUN20-640-C,138.58,115.71,0.017,420.0,0.02,650.0,119.02,0.12899,-0.04482,0.03344,0.00117,0.06916
140.49,ETH-27MAR20,1578567545163,open,0.33,1125.0,0.29,0.36,0.325316,87.01,0.346,0.0,ETH-27MAR20-100-C,138.58,64.52,0.304,62.0,0.349,62.0,107.85,0.14967,-0.08361,0.158,0.00408,0.85242
140.49,ETH-27MAR20,1578567545168,open,0.23,118.0,0.184,0.267,0.226313,83.57,0.19,0.0,ETH-27MAR20-120-C,138.58,81.42,0.223,20.0,0.234,68.0,88.56,0.21606,-0.11594,0.14984,0.00614,0.72621
142.55,ETH-26JUN20,1578567545168,open,2.36,0.0,2.28,2.529,2.396737,110.62,None,0.0,ETH-26JUN20-480-P,138.58,0.0,0.01,50.0,0.0,0.0,0.0,0.17991,-0.05892,-2.16907,0.00173,-0.89202
142.55,ETH-26JUN20,1578567545168,open,0.04,4069.0,0.014,0.081,0.040387,106.59,0.043,0.0,ETH-26JUN20-400-C,138.58,105.02,0.038,120.0,0.043,650.0,108.25,0.22042,-0.06956,0.06863,0.0022,0.14444
139.12,SYN.ETH-31JAN20,1578567545168,open,0.43,0.0,0.398,0.494,0.443257,90.51,None,0.0,ETH-31JAN20-200-P,138.58,0.0,0.011,3.0,0.0,0.0,0.0,0.04231,-0.08754,-0.11506,0.00403,-0.93668
142.55,ETH-26JUN20,1578567545170,open,0.05,777.0,0.018,0.092,0.04833,104.18,0.055,0.0,ETH-26JUN20-360-C,138.58,102.81,0.046,140.0,0.051,650.0,105.71,0.24563,-0.07576,0.08043,0.00251,0.17028
142.55,ETH-26JUN20,1578567545170,open,1.54,1.0,1.474,1.686,1.57376,104.18,1.827,0.0,ETH-26JUN20-360-P,138.58,0.0,0.015,2.0,0.0,0.0,0.0,0.24563,-0.07576,-1.58519,0.00251,-0.82972
142.55,ETH-26JUN20,1578567545170,open,0.14,2870.0,0.083,0.192,0.136285,92.87,0.163,0.0,ETH-26JUN20-200-C,138.58,91.63,0.133,443.0,0.14,650.0,94.27,0.37756,-0.10382,0.18242,0.00432,0.41287
139.12,SYN.ETH-31JAN20,1578567545170,open,0.0,4174.0,0.001,0.016,0.004995,88.18,0.006,0.0,ETH-31JAN20-100-P,138.58,84.06,0.004,890.0,0.006,265.0,91.93,0.03557,-0.07169,-0.00465,0.00348,-0.0508
139.12,SYN.ETH-31JAN20,1578567545172,open,0.03,2218.0,0.007,0.047,0.023089,72.2,0.021,0.0,ETH-31JAN20-160-C,138.58,69.43,0.021,1385.0,0.025,192.0,74.68,0.10613,-0.17515,0.01818,0.01267,0.24107
142.55,ETH-26JUN20,1578567545175,open,0.14,2035.0,0.098,0.2,0.147513,88.58,0.18,0.0,ETH-26JUN20-120-P,138.58,85.29,0.14,914.0,0.151,830.0,90.11,0.32559,-0.08539,-0.28103,0.00391,-0.27858
142.55,ETH-26JUN20,1578567545175,open,0.02,315.0,0.005,0.052,0.020945,116.33,0.023,0.0,ETH-26JUN20-600-C,138.58,115.36,0.02,120.0,0.022,633.0,117.38,0.14099,-0.04856,0.03743,0.00129,0.07769
140.49,ETH-27MAR20,1578567545177,open,2.95,0.0,2.871,3.117,2.988232,120.0,None,0.0,ETH-27MAR20-560-P,138.58,0.0,0.02,50.0,0.0,0.0,0.0,0.02214,-0.01706,-1.19148,0.00044,-0.98671
142.55,ETH-26JUN20,1578567545179,open,0.42,426.0,0.351,0.502,0.425447,91.19,0.47,0.0,ETH-26JUN20-180-P,138.58,82.51,0.402,180.0,0.455,200.0,102.09,0.38599,-0.10422,-0.6277,0.0045,-0.52627
140.49,ETH-27MAR20,1578567545179,open,0.04,1694.0,0.016,0.075,0.040589,93.03,0.046,0.0,ETH-27MAR20-220-C,138.58,91.81,0.039,406.0,0.042,650.0,94.1,0.18363,-0.10968,0.04886,0.00469,0.2036
140.49,ETH-27MAR20,1578567545232,open,0.0,2781.0,0.001,0.011,0.00108,120.0,0.002,0.0,ETH-27MAR20-640-C,138.58,128.06,0.002,870.0,0.003,381.0,134.16,0.01261,-0.00971,0.00177,0.00025,0.00698
142.55,ETH-26JUN20,1578567545232,open,0.08,609.0,0.035,0.125,0.074939,98.75,0.083,0.0,ETH-26JUN20-280-C,138.58,97.38,0.072,140.0,0.078,650.0,100.15,0.30921,-0.0904,0.11655,0.00333,0.25166
142.55,ETH-26JUN20,1578567545232,open,1.02,0.0,0.949,1.137,1.039162,98.75,None,0.0,ETH-26JUN20-280-P,138.58,0.0,0.011,3.0,0.0,0.0,0.0,0.30921,-0.0904,-1.17893,0.00333,-0.74834
142.55,ETH-26JUN20,1578567545232,open,0.02,1447.0,0.007,0.036,0.018624,97.44,0.022,0.0,ETH-26JUN20-60-P,138.58,92.1,0.015,952.0,0.022,388.0,102.02,0.1013,-0.02922,-0.0458,0.00111,-0.05081
139.12,SYN.ETH-31JAN20,1578567545232,open,0.0,825.0,0.001,0.012,0.002498,108.17,0.003,0.0,ETH-31JAN20-240-C,138.58,104.67,0.002,652.0,0.003,265.0,111.27,0.02123,-0.05248,0.00204,0.00169,0.02699
139.12,SYN.ETH-31JAN20,1578567545232,open,0.07,1846.0,0.035,0.097,0.06379,68.38,0.063,0.0,ETH-31JAN20-140-C,138.58,65.52,0.061,273.0,0.066,670.0,70.64,0.13573,-0.21213,0.0379,0.01711,0.5183
139.12,SYN.ETH-31JAN20,1578567545232,open,0.57,1.0,0.536,0.639,0.585032,99.94,0.739,0.0,ETH-31JAN20-220-P,138.58,0.0,0.011,3.0,0.0,0.0,0.0,0.02934,-0.06702,-0.12882,0.00253,-0.96002
140.49,ETH-27MAR20,1578567545234,open,0.01,1521.0,0.001,0.026,0.008514,116.11,0.01,0.0,ETH-27MAR20-400-C,138.58,114.94,0.008,260.0,0.009,650.0,117.18,0.06284,-0.04685,0.0113,0.00129,0.04622
142.55,ETH-26JUN20,1578567545234,open,0.06,396.0,0.024,0.104,0.058262,101.04,0.072,0.0,ETH-26JUN20-320-C,138.58,99.85,0.056,437.0,0.061,5.0,102.46,0.27345,-0.08181,0.0951,0.00288,0.20245
142.55,ETH-26JUN20,1578567545234,open,1.28,0.0,1.209,1.408,1.303088,101.04,1.06,0.0,ETH-26JUN20-320-P,138.58,0.0,0.015,2.0,0.0,0.0,0.0,0.27345,-0.08181,-1.38546,0.00288,-0.79755
140.49,ETH-27MAR20,1578567545234,open,0.01,1572.0,0.001,0.029,0.010052,110.24,0.01,0.0,ETH-27MAR20-360-C,138.58,108.14,0.009,520.0,0.011,650.0,112.02,0.07275,-0.0515,0.01364,0.00157,0.05555
139.12,SYN.ETH-31JAN20,1578567545234,open,0.29,25.0,0.261,0.352,0.304354,81.47,0.35,0.0,ETH-31JAN20-180-P,138.58,0.0,0.012,5.0,1.314,5.0,500.0,0.06677,-0.12432,-0.09903,0.00707,-0.88338
142.55,ETH-26JUN20,1578567545236,open,0.53,245.0,0.461,0.621,0.539302,92.87,0.71,0.0,ETH-26JUN20-200-P,138.58,0.0,0.403,1.0,0.559,1.0,100.26,0.37756,-0.10382,-0.74293,0.00432,-0.58713
142.55,ETH-26JUN20,1578567545236,open,0.6,3.0,0.575,0.622,0.597719,97.44,0.588,0.0,ETH-26JUN20-60-C,138.58,61.62,0.581,54.0,0.609,54.0,111.77,0.1013,-0.02922,0.23181,0.00111,0.94919
142.55,ETH-26JUN20,1578567545236,open,0.08,643.0,0.051,0.129,0.086991,89.85,0.093,0.0,ETH-26JUN20-100-P,138.58,86.02,0.08,1134.0,0.093,284.0,93.12,0.26133,-0.06952,-0.1813,0.00309,-0.1879
142.55,ETH-26JUN20,1578567545236,open,0.31,321.0,0.254,0.355,0.305703,88.58,0.314,0.0,ETH-26JUN20-120-C,138.58,72.93,0.27,49.0,0.317,180.0,93.53,0.32559,-0.08539,0.27418,0.00391,0.72142
140.49,ETH-27MAR20,1578567545236,open,0.06,3354.0,0.024,0.092,0.054232,90.23,0.061,0.0,ETH-27MAR20-200-C,138.58,88.74,0.052,354.0,0.056,650.0,91.4,0.21108,-0.12228,0.0621,0.00556,0.26141
140.49,ETH-27MAR20,1578567545236,open,0.11,2596.0,0.065,0.149,0.106172,85.14,0.108,0.0,ETH-27MAR20-160-C,138.58,83.95,0.104,320.0,0.108,650.0,86.14,0.25657,-0.14025,0.10207,0.00716,0.44669
140.49,ETH-27MAR20,1578567545236,open,1.83,5.0,1.767,1.957,1.855692,116.11,2.004,0.0,ETH-27MAR20-400-P,138.58,0.0,0.046,50.0,0.0,0.0,0.0,0.06284,-0.04685,-0.84213,0.00129,-0.95378
140.49,ETH-27MAR20,1578567545238,open,0.35,1550.0,0.296,0.419,0.356369,87.76,0.407,0.0,ETH-27MAR20-180-P,138.58,70.3,0.328,300.0,0.0,0.0,0.0,0.23815,-0.13419,-0.30423,0.00644,-0.6586
142.55,ETH-26JUN20,1578567545238,open,0.04,1009.0,0.021,0.072,0.043148,91.5,0.036,0.0,ETH-26JUN20-80-P,138.58,88.97,0.04,298.0,0.046,200.0,93.74,0.17947,-0.04862,-0.09943,0.00209,-0.10761
140.49,ETH-27MAR20,1578567545238,open,0.0,1809.0,0.001,0.012,0.002184,120.0,0.003,0.0,ETH-27MAR20-560-C,138.58,124.61,0.003,460.0,0.004,485.0,129.2,0.02214,-0.01706,0.00333,0.00044,0.01329
140.49,ETH-27MAR20,1578567545238,open,0.08,1696.0,0.046,0.12,0.080467,83.57,0.07,0.0,ETH-27MAR20-120-P,138.58,81.97,0.078,512.0,0.082,650.0,84.57,0.21606,-0.11594,-0.10619,0.00614,-0.27379
140.49,ETH-27MAR20,1578567545238,open,0.0,1737.0,0.001,0.017,0.004629,120.0,0.005,0.0,ETH-27MAR20-480-C,138.58,121.29,0.005,220.0,0.006,650.0,124.47,0.03947,-0.03041,0.00647,0.00078,0.02622
139.12,SYN.ETH-31JAN20,1578567545238,open,0.0,2067.0,0.001,0.014,0.003624,99.94,0.005,0.0,ETH-31JAN20-220-C,138.58,96.81,0.003,950.0,0.004,240.0,101.67,0.02934,-0.06702,0.00303,0.00253,0.03998
139.12,SYN.ETH-31JAN20,1578567545238,open,0.85,0.0,0.815,0.933,0.870932,117.04,None,0.0,ETH-31JAN20-260-P,138.58,0.0,0.011,3.0,0.0,0.0,0.0,0.01699,-0.04544,-0.15427,0.00125,-0.97929
142.55,ETH-26JUN20,1578567545240,open,0.31,715.0,0.254,0.394,0.322993,90.83,0.28,0.0,ETH-26JUN20-160-P,138.58,83.42,0.303,180.0,0.341,180.0,97.53,0.38396,-0.10325,-0.51078,0.0045,-0.45146
142.55,ETH-26JUN20,1578567545240,open,0.03,195.0,0.007,0.06,0.025946,112.58,0.026,0.0,ETH-26JUN20-520-C,138.58,111.75,0.025,120.0,0.027,563.0,113.48,0.16464,-0.05488,0.04594,0.00156,0.0956
140.49,ETH-27MAR20,1578567545240,open,0.02,2252.0,0.006,0.047,0.020541,101.77,0.025,0.0,ETH-27MAR20-280-C,138.58,99.95,0.019,280.0,0.022,950.0,103.43,0.12119,-0.07918,0.0265,0.00283,0.10895
140.49,ETH-27MAR20,1578567545240,open,3.23,0.0,3.147,3.409,3.272294,120.0,None,0.0,ETH-27MAR20-600-P,138.58,0.0,0.03,50.0,0.0,0.0,0.0,0.01667,-0.01285,-1.27773,0.00033,-0.99041
140.49,ETH-27MAR20,1578567545243,open,3.52,0.0,3.423,3.701,3.556564,120.0,None,0.0,ETH-27MAR20-640-P,138.58,0.0,0.01,50.0,0.0,0.0,0.0,0.01261,-0.00971,-1.36372,0.00025,-0.99302
142.55,ETH-26JUN20,1578567545245,open,3.18,0.0,3.093,3.385,3.229994,116.33,None,0.0,ETH-26JUN20-600-P,138.58,0.0,0.01,50.0,0.0,0.0,0.0,0.14099,-0.04856,-2.73861,0.00129,-0.92231
139.12,SYN.ETH-31JAN20,1578567545245,open,0.16,350.0,0.123,0.187,0.155871,72.2,0.125,0.0,ETH-31JAN20-120-C,138.58,65.92,0.152,68.0,0.159,48.0,77.01,0.0886,-0.14621,0.05558,0.01058,0.82244
140.49,ETH-27MAR20,1578567545247,open,0.01,1189.0,0.001,0.022,0.006515,119.02,0.006,0.0,ETH-27MAR20-440-C,138.58,117.57,0.006,500.0,0.007,575.0,120.33,0.05108,-0.03904,0.00878,0.00102,0.0358
8190.47,BTC-26JUN20,1578567545367,open,0.02,52.6,0.005,0.048,0.01774192,100.93,0.016,0.0,BTC-26JUN20-28000-C,7879.58,99.04,0.016,28.3,0.0195,30.1,102.72,7.79844,-2.33035,2.1284,2e-05,0.07391
8190.47,BTC-26JUN20,1578567545367,open,0.04,292.6,0.018,0.0845,0.04192848,90.44,0.0425,0.0,BTC-26JUN20-18000-C,7879.58,88.98,0.0395,22.0,0.0445,30.0,91.94,13.8519,-3.70897,4.67949,5e-05,0.16541
8190.47,BTC-26JUN20,1578567545367,open,0.35,25.9,0.308,0.384,0.34289449,77.27,0.3185,0.0,BTC-26JUN20-6000-C,7879.58,65.61,0.3215,22.4,0.3615,14.0,87.01,15.42243,-3.52845,17.46215,6e-05,0.8037
8190.47,BTC-26JUN20,1578567545367,open,0.55,8.2,0.5035,0.634,0.56220757,82.1,0.8905,0.0,BTC-26JUN20-12000-P,7879.58,0.0,0.45,0.9,0.91,0.1,214.67,20.47799,-4.97766,-46.20803,8e-05,-0.65716
8020.05,BTC-27MAR20,1578567545367,open,0.07,443.4,0.042,0.1045,0.06886063,71.16,0.07,0.0,BTC-27MAR20-7000-P,7879.58,69.97,0.067,39.3,0.0685,0.2,70.93,12.50391,-5.71305,-5.99627,0.00013,-0.28156
8190.47,BTC-26JUN20,1578567545367,open,0.14,490.0,0.0935,0.1885,0.13568975,77.27,0.1415,0.0,BTC-26JUN20-10000-C,7879.58,78.13,0.138,18.1,0.1445,12.3,80.53,22.07415,-5.05009,12.04093,9e-05,0.45343
8190.47,BTC-26JUN20,1578567545367,open,0.04,1004.4,0.013,0.0735,0.03396391,92.89,0.0375,0.0,BTC-26JUN20-20000-C,7879.58,91.9,0.0325,22.9,0.036,16.0,94.24,12.17707,-3.34908,3.87888,4e-05,0.13632
8190.47,BTC-26JUN20,1578567545367,open,0.02,490.4,0.007,0.035,0.01680878,80.69,0.019,0.0,BTC-26JUN20-4000-P,7879.58,78.31,0.015,15.0,0.0185,37.1,82.82,6.3777,-1.52372,-2.79835,3e-05,-0.05704
8190.47,BTC-26JUN20,1578567545367,open,0.02,18.5,0.008,0.0585,0.02392727,97.35,0.028,0.0,BTC-26JUN20-24000-C,7879.58,96.12,0.0225,15.0,0.0255,29.8,98.67,9.64115,-2.7789,2.81082,3e-05,0.0981
8020.05,BTC-27MAR20,1578567545367,open,0.52,55.3,0.4845,0.582,0.52807022,80.46,0.49,0.0,BTC-27MAR20-12000-P,7879.58,0.0,0.4065,0.1,0.75,0.2,210.68,9.8713,-5.09951,-22.99067,9e-05,-0.81552
8190.47,BTC-26JUN20,1578567545367,open,0.12,344.9,0.0895,0.177,0.12785895,77.27,0.1235,0.0,BTC-26JUN20-7000-P,7879.58,74.53,0.1215,17.1,0.126,0.5,76.47,18.98294,-4.34293,-15.72819,8e-05,-0.28719
8190.47,BTC-26JUN20,1578567545367,open,0.02,219.2,0.0035,0.04,0.01329043,103.42,0.0135,0.0,BTC-26JUN20-32000-C,7879.58,102.38,0.0125,14.6,0.014,2.0,104.32,6.32406,-1.93643,1.63468,2e-05,0.05643
8020.05,BTC-27MAR20,1578567545367,open,0.29,27.1,0.257,0.3145,0.28347351,73.37,0.297,0.0,BTC-27MAR20-6000-C,7879.58,54.19,0.265,18.0,0.2955,18.9,83.93,8.73333,-4.11391,9.6511,9e-05,0.84749
8190.47,BTC-26JUN20,1578567545367,open,0.43,0.0,0.401,0.4595,0.42710161,77.27,None,0.0,BTC-26JUN20-5000-C,7879.58,60.16,0.407,9.0,0.435,9.0,83.1,10.79544,-2.46987,17.36249,5e-05,0.88527
8020.05,BTC-27MAR20,1578567545368,open,0.0,861.2,0.0005,0.0105,0.00023453,110.0,0.001,0.0,BTC-27MAR20-40000-C,7879.58,117.19,0.0005,62.8,0.001,15.0,124.97,0.21504,-0.15187,0.02704,0.0,0.00181
8020.05,BTC-27MAR20,1578567545368,open,0.0,297.9,0.0005,0.0105,0.00046804,110.0,0.003,0.0,BTC-27MAR20-36000-C,7879.58,110.65,0.0005,52.6,0.0015,55.1,123.14,0.3847,-0.27169,0.05109,0.0,0.00345
8020.05,BTC-27MAR20,1578567545368,open,0.0,111.0,0.0005,0.0105,0.00096911,110.0,0.001,0.0,BTC-27MAR20-32000-C,7879.58,110.35,0.001,24.9,0.002,39.0,118.87,0.70049,-0.49472,0.09918,0.0,0.00677
8020.05,BTC-27MAR20,1578567545368,open,0.01,264.8,0.0005,0.0185,0.00479203,103.29,0.0045,0.0,BTC-27MAR20-22000-C,7879.58,100.64,0.004,20.0,0.005,24.0,103.94,2.54084,-1.68498,0.43631,2e-05,0.03029
8020.05,BTC-27MAR20,1578567545368,open,2.71,0.0,2.6675,2.8245,2.74208761,110.39,None,0.0,BTC-27MAR20-30000-P,7879.58,0.0,0.0,0.0,0.0,0.0,0.0,0.97354,-0.68999,-63.86407,1e-05,-0.99016
8190.77,BTC-26JUN20,1578567545368,open,0.64,17.9,0.629,0.656,0.64049588,88.01,0.643,0.0,BTC-26JUN20-3000-C,7879.58,0.0,0.633,11.0,0.645,11.0,98.16,3.14793,-0.82026,12.71394,1e-05,0.97599
8190.77,BTC-26JUN20,1578567545368,open,0.35,136.5,0.303,0.4215,0.3566373,77.29,0.36,0.0,BTC-26JUN20-10000-P,7879.58,55.87,0.3,1.2,0.37,0.2,82.24,22.07553,-5.0516,-34.22493,9e-05,-0.54648
8190.77,BTC-26JUN20,1578567545368,open,0.03,27.1,0.01,0.065,0.02813403,95.13,0.03,0.0,BTC-26JUN20-22000-C,7879.58,93.87,0.0265,15.0,0.0295,17.0,96.16,10.77543,-3.03504,3.26999,4e-05,0.11442
8190.77,BTC-26JUN20,1578567545368,open,0.17,222.4,0.1275,0.225,0.1715294,77.27,0.1695,0.0,BTC-26JUN20-9000-C,7879.58,76.52,0.1695,17.5,0.178,11.7,79.66,22.14915,-5.06707,13.70916,9e-05,0.53328
8020.05,BTC-27MAR20,1578567545368,open,0.01,644.1,0.0005,0.0215,0.00609784,99.16,0.01,0.0,BTC-27MAR20-20000-C,7879.58,97.57,0.0055,20.0,0.0065,24.0,100.18,3.10778,-1.97866,0.5579,2e-05,0.0387
8020.05,BTC-27MAR20,1578567545369,open,0.0,116.2,0.0005,0.014,0.00296612,109.27,0.0045,0.0,BTC-27MAR20-26000-C,7879.58,106.95,0.0025,20.0,0.0035,39.0,111.64,1.70646,-1.19722,0.27198,1e-05,0.01886
8020.05,BTC-27MAR20,1578567545369,open,0.0,175.3,0.0005,0.011,0.00141591,110.0,0.003,0.0,BTC-27MAR20-30000-C,7879.58,110.69,0.0015,20.1,0.0025,48.9,117.36,0.95096,-0.67161,0.13969,1e-05,0.00958
8020.35,BTC-27MAR20,1578567545369,open,0.2,619.4,0.164,0.233,0.19603068,71.14,0.2245,0.0,BTC-27MAR20-7000-C,7879.58,65.63,0.1875,17.0,0.204,25.4,76.23,12.50295,-5.71071,8.94057,0.00013,0.7185
8190.77,BTC-26JUN20,1578567545369,open,0.53,0.5,0.5105,0.552,0.52843871,80.68,0.589,0.0,BTC-26JUN20-4000-C,7879.58,63.22,0.5175,10.0,0.5345,10.0,87.95,6.37514,-1.5228,15.71026,3e-05,0.943
8190.77,BTC-26JUN20,1578567545369,open,0.1,463.4,0.0585,0.1495,0.09709733,82.1,0.107,0.0,BTC-26JUN20-12000-C,7879.58,80.86,0.094,19.1,0.1,15.7,83.26,20.47921,-4.97791,9.31361,8e-05,0.34286
8020.35,BTC-27MAR20,1578567545370,open,0.0,161.1,0.0005,0.0155,0.00359449,105.91,0.0035,0.0,BTC-27MAR20-24000-C,7879.58,103.4,0.003,20.0,0.004,24.0,107.46,2.01649,-1.37119,0.33156,1e-05,0.02297
8190.77,BTC-26JUN20,1578567545370,open,0.01,164.0,0.0005,0.0175,0.00677958,88.05,0.006,0.0,BTC-26JUN20-3000-P,7879.58,85.96,0.006,17.0,0.0075,14.1,89.87,3.15244,-0.82186,-1.16848,1e-05,-0.02405
8020.35,BTC-27MAR20,1578567545370,open,0.01,1348.4,0.0005,0.0155,0.00542021,89.31,0.006,0.0,BTC-27MAR20-4000-P,7879.58,87.91,0.005,5.0,0.006,42.2,91.14,2.46497,-1.41346,-0.59246,2e-05,-0.0292
8190.77,BTC-26JUN20,1578567545371,open,0.02,96.0,0.0065,0.053,0.02050475,99.24,0.0275,0.0,BTC-26JUN20-26000-C,7879.58,97.78,0.019,15.0,0.022,29.5,100.63,8.65205,-2.54216,2.43548,3e-05,0.08477
8313.03,SYN.BTC-25SEP20,1578567545367,open,0.39,2.1,0.338,0.4725,0.39882561,78.77,0.3825,0.0,BTC-25SEP20-10000-P,7879.58,0.0,0.0,0.0,0.4,1.0,79.12,27.94241,-4.23496,-51.91617,7e-05,-0.47832
7906.15,SYN.BTC-24JAN20,1578567545367,open,0.0,0.1225,0.1815,0.14988564,64.24,None,0.0,BTC-24JAN20-9000-P,7879.58,0.0,0.0,0.0,0.0,0.0,0.0,4.11534,-8.88622,-3.14103,0.00025,-0.82493
7893.51,SYN.BTC-17JAN20,1578567545367,open,0.01,282.4,0.0005,0.017,0.00431798,66.46,0.005,0.0,BTC-17JAN20-9000-C,7879.58,65.18,0.004,15.0,0.0045,30.0,67.17,2.00016,-8.43953,0.15901,0.00022,0.09767
7918.79,SYN.BTC-31JAN20,1578567545367,open,0.0,544.7,0.0005,0.012,0.00248316,86.79,0.0025,0.0,BTC-31JAN20-12000-C,7879.58,83.86,0.002,35.0,0.003,41.2,89.55,1.39669,-2.77056,0.14078,4e-05,0.03215
7906.15,SYN.BTC-24JAN20,1578567545367,open,0.0,0.163,0.204,0.18234207,68.72,None,0.0,BTC-24JAN20-6500-C,7879.58,0.0,0.1675,5.0,0.19,5.0,90.9,2.12633,-4.91113,2.41137,0.00012,0.93071
7918.79,SYN.BTC-31JAN20,1578567545368,open,0.01,655.8,0.0005,0.0155,0.00422077,79.22,0.006,0.0,BTC-31JAN20-11000-C,7879.58,76.44,0.0035,35.0,0.0045,24.0,80.23,2.15854,-3.9085,0.2413,7e-05,0.05506
7880.86,SYN.BTC-10JAN20,1578567545366,open,0.0,399.8,0.0005,0.0105,0.00012855,109.99,0.001,0.0,BTC-10JAN20-9000-C,7879.58,0.0,0.0,0.0,0.0005,41.2,131.72,0.07887,-1.0131,0.00137,5e-05,0.00739
7918.79,SYN.BTC-31JAN20,1578567545367,open,0.0,1064.1,0.0005,0.014,0.00420791,73.7,0.0035,0.0,BTC-31JAN20-6000-P,7879.58,70.84,0.0035,59.0,0.005,27.4,76.62,2.05519,-3.46219,-0.26562,7e-05,-0.05176
7880.86,SYN.BTC-10JAN20,1578567545367,open,0.0,269.8,0.0005,0.0105,0.00037585,103.26,0.0005,0.0,BTC-10JAN20-8750-C,7879.58,0.0,0.0,0.0,0.001,31.9,121.63,0.191,-2.96205,0.00381,0.00012,0.02052
7969.37,SYN.BTC-28FEB20,1578567545366,open,0.02,189.3,0.0065,0.042,0.01893418,74.23,0.018,0.0,BTC-28FEB20-11000-C,7879.58,72.54,0.0175,43.9,0.0195,35.0,74.89,6.86262,-5.10704,1.42512,0.00011,0.1498
7906.15,SYN.BTC-24JAN20,1578567545367,open,0.0,0.0005,0.0155,0.00450459,68.78,None,0.0,BTC-24JAN20-6500-P,7879.58,66.86,0.004,30.0,0.0045,0.1,68.76,2.1304,-4.92525,-0.23834,0.00012,-0.06946
7906.15,SYN.BTC-24JAN20,1578567545367,open,0.0,0.211,0.2705,0.23839765,71.36,None,0.0,BTC-24JAN20-9750-P,7879.58,0.0,0.0,0.0,0.0,0.0,0.0,2.44684,-5.86904,-3.72185,0.00013,-0.91667
8313.03,SYN.BTC-25SEP20,1578567545367,open,0.49,1.0,0.429,0.571,0.49333596,79.96,0.479,0.0,BTC-25SEP20-11000-P,7879.58,0.0,0.0,0.0,0.4995,0.5,81.8,27.8993,-4.29215,-60.62736,7e-05,-0.53099
8313.03,SYN.BTC-25SEP20,1578567545367,open,0.24,51.7,0.18,0.291,0.23038801,78.38,0.252,0.0,BTC-25SEP20-9000-C,7879.58,78.27,0.23,8.3,0.241,13.3,81.61,27.36971,-4.12764,20.8952,7e-05,0.58342
7918.79,SYN.BTC-31JAN20,1578567545368,open,0.38,0.0,0.363,0.429,0.39335276,79.34,None,0.0,BTC-31JAN20-11000-P,7879.58,0.0,0.0025,1.0,0.0,0.0,0.0,2.1676,-3.93066,-6.35014,7e-05,-0.94464
7906.15,SYN.BTC-24JAN20,1578567545367,open,0.0,0.1805,0.2405,0.20818803,68.78,None,0.0,BTC-24JAN20-9500-P,7879.58,0.0,0.0,0.0,0.0,0.0,0.0,2.90359,-6.71262,-3.55445,0.00017,-0.89493
7918.79,SYN.BTC-31JAN20,1578567545367,open,0.09,556.9,0.0625,0.1145,0.08713057,59.82,0.098,0.0,BTC-31JAN20-7500-C,7879.58,53.98,0.082,28.0,0.0885,12.0,61.37,7.00725,-9.58082,2.77375,0.00031,0.67157
7918.79,SYN.BTC-31JAN20,1578567545367,open,0.31,20.3,0.292,0.3255,0.307743,82.04,0.33,0.0,BTC-31JAN20-5500-C,7879.58,0.0,0.305,0.1,0.3145,8.0,110.0,1.23566,-2.31705,3.15383,4e-05,0.97227
7906.15,SYN.BTC-24JAN20,1578567545367,open,0.0,0.1945,0.2335,0.2128292,74.36,None,0.0,BTC-24JAN20-6250-C,7879.58,0.0,0.1995,5.0,0.22,5.0,99.25,1.65664,-4.14033,2.374,9e-05,0.9496
7893.51,SYN.BTC-17JAN20,1578567545367,open,0.15,97.5,0.128,0.1685,0.14748038,69.8,0.188,0.0,BTC-17JAN20-6750-C,7879.58,0.0,0.1445,0.1,0.156,7.4,103.75,1.33273,-5.90593,1.35437,0.00014,0.94267
7893.51,SYN.BTC-17JAN20,1578567545368,open,0.0,109.2,0.0005,0.0145,0.00306782,70.57,0.0035,0.0,BTC-17JAN20-9250-C,7879.58,67.52,0.0025,35.0,0.0035,32.5,72.69,1.5516,-6.9512,0.11348,0.00016,0.0697
7906.15,SYN.BTC-24JAN20,1578567545367,open,0.0,0.0005,0.013,0.00337008,74.44,None,0.0,BTC-24JAN20-6250-P,7879.58,69.96,0.0025,30.0,0.004,30.0,77.3,1.66108,-4.15598,-0.17381,9e-05,-0.05057
7918.79,SYN.BTC-31JAN20,1578567545368,open,0.0,529.8,0.0005,0.011,0.00128289,91.27,0.0015,0.0,BTC-31JAN20-5000-P,7879.58,87.97,0.001,20.0,0.0015,24.0,93.49,0.73499,-1.53325,-0.07737,2e-05,-0.01502
7906.15,SYN.BTC-24JAN20,1578567545367,open,0.0,0.0005,0.018,0.00515387,71.28,None,0.0,BTC-24JAN20-9750-C,7879.58,67.3,0.004,30.0,0.0055,30.0,72.38,2.44059,-5.84696,0.25097,0.00013,0.08304
7906.15,SYN.BTC-24JAN20,1578567545367,open,0.0,0.132,0.176,0.15307722,65.33,None,0.0,BTC-24JAN20-6750-C,7879.58,0.0,0.1355,5.0,0.161,5.0,83.94,2.86164,-6.28332,2.39712,0.00017,0.89702
7918.79,SYN.BTC-31JAN20,1578567545367,open,0.0,749.2,0.0005,0.012,0.00230899,82.14,0.002,0.0,BTC-31JAN20-5500-P,7879.58,80.09,0.002,35.0,0.0025,0.4,83.33,1.24068,-2.32933,-0.14322,4e-05,-0.02787
7906.15,SYN.BTC-24JAN20,1578567545368,open,0.0,0.0485,0.104,0.07392597,59.77,None,0.0,BTC-24JAN20-8250-P,7879.58,0.0,0.0,0.0,0.0,0.0,0.0,6.10088,-12.25704,-2.21996,0.0004,-0.61504
7906.15,SYN.BTC-24JAN20,1578567545367,open,10.0,0.001,0.027,0.01067242,62.74,0.0115,0.0,BTC-24JAN20-7000-P,7879.58,60.23,0.0095,24.0,0.011,0.3,63.42,3.7676,-7.94474,-0.52676,0.00024,-0.15281
7906.15,SYN.BTC-24JAN20,1578567545367,open,0.0,0.0005,0.0205,0.00686137,65.38,None,0.0,BTC-24JAN20-6750-P,7879.58,62.93,0.006,30.0,0.007,0.1,65.76,2.86484,-6.29526,-0.35444,0.00017,-0.10314
7880.86,SYN.BTC-10JAN20,1578567545368,open,0.0,219.4,0.0005,0.0105,2.449e-05,109.99,0.0005,0.0,BTC-10JAN20-9250-C,7879.58,0.0,0.0,0.0,0.0005,58.0,154.23,0.02006,-0.19299,0.0003,1e-05,0.00161
7906.15,SYN.BTC-24JAN20,1578567545367,open,24.0,0.002,0.0295,0.01150677,64.19,0.012,0.0,BTC-24JAN20-9000-C,7879.58,61.23,0.01,24.0,0.012,24.0,65.14,4.11233,-8.87316,0.52637,0.00025,0.17487
7918.79,SYN.BTC-31JAN20,1578567545368,open,0.15,10.5,0.1265,0.1895,0.15585554,63.82,0.1435,0.0,BTC-31JAN20-9000-P,7879.58,0.0,0.1155,1.0,0.2055,0.8,120.99,5.87697,-8.57255,-4.3973,0.00025,-0.77067
7893.51,SYN.BTC-17JAN20,1578567545368,open,0.23,0.0,0.2115,0.267,0.23699512,79.44,None,0.0,BTC-17JAN20-9750-P,7879.58,0.0,0.0,0.0,0.0,0.0,0.0,0.99732,-5.02997,-2.03888,9e-05,-0.96009
7906.15,SYN.BTC-24JAN20,1578567545367,open,0.0,0.0005,0.0245,0.0086631,66.51,None,0.0,BTC-24JAN20-9250-C,7879.58,63.78,0.0075,30.0,0.009,30.0,67.27,3.46925,-7.75537,0.40778,0.0002,0.13522
7969.37,SYN.BTC-28FEB20,1578567545367,open,0.01,83.9,0.0005,0.0235,0.00943128,74.64,0.0105,0.0,BTC-28FEB20-5500-P,7879.58,72.7,0.0085,40.0,0.01,26.2,75.78,3.91885,-2.93232,-0.85585,6e-05,-0.06916
7918.79,SYN.BTC-31JAN20,1578567545368,open,0.1,40.8,0.077,0.1375,0.10499121,60.77,0.102,0.0,BTC-31JAN20-8500-P,7879.58,56.3,0.101,11.0,0.1115,24.1,67.91,7.1345,-9.90946,-3.6119,0.00031,-0.65605
7918.79,SYN.BTC-31JAN20,1578567545368,open,0.2,4.8,0.1825,0.2455,0.21155874,66.69,0.3445,0.0,BTC-31JAN20-9500-P,7879.58,0.0,0.1855,1.0,0.223,13.7,84.22,4.53377,-6.91037,-5.03492,0.00018,-0.84932
7880.86,SYN.BTC-10JAN20,1578567545367,open,0.16,0.0,0.151,0.199,0.17377653,116.76,None,0.0,BTC-10JAN20-9250-P,7879.58,0.0,0.1255,1.0,0.0,0.0,0.0,0.03301,-1.92732,-0.22141,2e-05,-0.99722
8313.03,SYN.BTC-25SEP20,1578567545367,open,0.33,4.8,0.28,0.3785,0.32512941,78.31,0.336,0.0,BTC-25SEP20-7000-C,7879.58,67.67,0.295,1.0,0.36,0.2,90.7,23.50576,-3.54149,23.52489,6e-05,0.72259
7969.37,SYN.BTC-28FEB20,1578567545367,open,0.38,0.0,0.362,0.398,0.37834704,80.12,None,0.0,BTC-28FEB20-5000-C,7879.58,0.0,0.3725,10.2,0.384,10.0,94.13,2.66786,-2.14281,6.30657,4e-05,0.95747
7906.15,SYN.BTC-24JAN20,1578567545367,open,0.0,0.07,0.128,0.09686642,60.74,None,0.0,BTC-24JAN20-8500-P,7879.58,0.0,0.0,0.0,0.0,0.0,0.0,5.53519,-11.30113,-2.57312,0.00036,-0.7017
7893.51,SYN.BTC-17JAN20,1578567545368,open,0.0,167.3,0.0005,0.011,0.00148209,84.15,0.0015,0.0,BTC-17JAN20-10000-C,7879.58,79.02,0.001,20.4,0.002,63.0,88.62,0.83274,-4.4488,0.05202,7e-05,0.03202
7893.51,SYN.BTC-17JAN20,1578567545368,open,0.0,137.7,0.0005,0.012,0.00225227,74.63,0.002,0.0,BTC-17JAN20-9500-C,7879.58,69.18,0.0015,65.0,0.0025,32.5,76.2,1.21539,-5.75876,0.08307,0.00012,0.05103
7906.15,SYN.BTC-24JAN20,1578567545367,open,0.0,0.103,0.1495,0.12526663,62.7,None,0.0,BTC-24JAN20-7000-C,7879.58,0.0,0.105,5.0,0.133,5.0,77.55,3.76538,-7.93497,2.32661,0.00024,0.84733
7918.79,SYN.BTC-31JAN20,1578567545369,open,0.14,347.4,0.109,0.1585,0.13258697,61.71,0.144,0.0,BTC-31JAN20-7000-C,7879.58,51.84,0.1265,24.5,0.1345,16.5,64.58,5.19605,-7.32891,3.2329,0.00022,0.81377
7906.15,SYN.BTC-24JAN20,1578567545367,open,0.5,0.0005,0.021,0.00656589,68.71,0.0065,0.0,BTC-24JAN20-9500-C,7879.58,65.68,0.0055,30.0,0.007,30.0,69.88,2.89837,-6.69365,0.31655,0.00017,0.10481
7969.37,SYN.BTC-28FEB20,1578567545366,open,0.39,0.0,0.363,0.443,0.3992567,74.28,None,0.0,BTC-28FEB20-11000-P,7879.58,0.0,0.0,0.0,0.0,0.0,0.0,6.86819,-5.11424,-13.60434,0.00011,-0.85002
7918.79,SYN.BTC-31JAN20,1578567545368,open,0.02,631.0,0.0065,0.0405,0.019293,63.78,0.02,0.0,BTC-31JAN20-9000-C,7879.58,62.02,0.018,15.0,0.0195,19.3,64.06,5.87482,-8.56473,0.99612,0.00025,0.22918
7918.79,SYN.BTC-31JAN20,1578567545368,open,0.19,51.4,0.1665,0.21,0.18716411,66.39,0.1545,0.0,BTC-31JAN20-6500-C,7879.58,0.0,0.171,18.9,0.2015,15.0,93.7,3.33932,-5.06717,3.39508,0.00013,0.90252
7893.51,SYN.BTC-17JAN20,1578567545367,open,0.26,0.0,0.2425,0.299,0.26837211,84.39,None,0.0,BTC-17JAN20-10000-P,7879.58,0.0,0.0,0.0,0.0,0.0,0.0,0.84157,-4.50902,-2.10505,7e-05,-0.96756
7893.51,SYN.BTC-17JAN20,1578567545368,open,0.0,194.9,0.0005,0.0115,0.00177735,79.24,0.0015,0.0,BTC-17JAN20-9750-C,7879.58,71.95,0.001,65.0,0.002,30.0,80.96,0.98909,-4.97589,0.06426,9e-05,0.0395
7918.79,SYN.BTC-31JAN20,1578567545368,open,0.01,332.2,0.002,0.0295,0.01185384,66.64,0.014,0.0,BTC-31JAN20-9500-C,7879.58,65.12,0.011,35.0,0.0125,24.0,67.76,4.52974,-6.89928,0.65793,0.00018,0.15048
7918.79,SYN.BTC-31JAN20,1578567545368,open,0.38,18.4,0.356,0.3855,0.36985926,91.11,0.295,0.0,BTC-31JAN20-5000-C,7879.58,0.0,0.3605,9.0,0.376,9.0,126.53,0.7297,-1.5196,2.91996,2e-05,0.98511
7906.15,SYN.BTC-24JAN20,1578567545368,open,0.0,0.151,0.2105,0.17866361,66.57,None,0.0,BTC-24JAN20-9250-P,7879.58,0.0,0.0,0.0,0.0,0.0,0.0,3.47334,-7.77124,-3.36142,0.0002,-0.86455
7906.15,SYN.BTC-24JAN20,1578567545367,open,13.0,0.005,0.036,0.01631697,60.31,0.0155,0.0,BTC-24JAN20-7250-P,7879.58,58.94,0.0155,24.0,0.016,0.1,59.78,4.72491,-9.57811,-0.76119,0.00031,-0.21992
