underlying_price,underlying_index,timestamp,state,settlement_price,open_interest,min_price,max_price,mark_price,mark_iv,last_price,interest_rate,instrument_name,index_price,bid_iv,best_bid_price,best_bid_amount,best_ask_price,best_ask_amount,ask_iv,vega,theta,rho,gamma,delta
267.97,SYN.ETH-21FEB20,1581850740019,open,0.07,392.0,0.038,0.117,0.076187,107.44,0.063,0.0,ETH-21FEB20-280-P,267.07,93.31,0.07,180.0,0.078,180.0,111.53,0.11842,-1.30472,-0.02473,0.01149,-0.61466
267.97,SYN.ETH-21FEB20,1581850740021,open,0.04,1652.0,0.007,0.063,0.031317,107.47,0.028,0.0,ETH-21FEB20-280-C,267.07,99.93,0.028,240.0,0.034,240.0,113.52,0.11842,-1.30516,0.01267,0.01149,0.38539
293.39,SYN.ETH-25SEP20,1581850740321,open,1.5,0.0,1.421,1.644,1.526623,100.28,None,0.0,ETH-25SEP20-720-P,267.07,0.0,0.0,0.0,0.0,0.0,0.0,0.68509,-0.15482,-4.10587,0.00131,-0.77555
293.39,SYN.ETH-25SEP20,1581850740321,open,0.07,12.0,0.032,0.125,0.072402,100.21,0.057,0.0,ETH-25SEP20-720-C,267.07,98.3,0.068,200.0,0.077,295.0,102.16,0.6845,-0.15457,0.27056,0.00131,0.22411
293.39,SYN.ETH-25SEP20,1581850740321,open,0.08,6.0,0.037,0.134,0.079614,99.46,0.074,0.0,ETH-25SEP20-680-C,267.07,97.55,0.075,200.0,0.085,293.0,101.64,0.71612,-0.1605,0.29161,0.00138,0.24312
293.39,SYN.ETH-25SEP20,1581850740321,open,1.37,0.0,1.294,1.511,1.39749,99.52,None,0.0,ETH-25SEP20-680-P,267.07,0.0,0.0,0.0,0.0,0.0,0.0,0.71662,-0.16072,-3.8417,0.00138,-0.75657
284.88,ETH-26JUN20,1581850740456,open,0.48,395.0,0.441,0.504,0.471863,94.81,0.47,0.0,ETH-26JUN20-160-C,267.07,83.52,0.461,24.0,0.496,24.0,116.38,0.29233,-0.10589,0.4406,0.00106,0.9032
284.88,ETH-26JUN20,1581850740456,open,0.09,1061.0,0.047,0.139,0.089688,95.61,0.097,0.0,ETH-26JUN20-440-C,267.07,93.88,0.086,320.0,0.094,605.0,97.62,0.60851,-0.22228,0.23332,0.00219,0.3181
274.44,ETH-27MAR20,1581850740456,open,0.08,8608.0,0.038,0.112,0.072852,99.04,0.075,0.0,ETH-27MAR20-320-C,267.07,95.97,0.069,637.0,0.076,552.0,101.54,0.34538,-0.42893,0.09209,0.00424,0.38
274.44,ETH-27MAR20,1581850740456,open,0.01,11269.0,0.001,0.022,0.006765,125.01,0.009,0.0,ETH-27MAR20-600-C,267.07,128.7,0.008,340.0,0.011,540.0,136.46,0.0873,-0.13684,0.01172,0.00085,0.04586
274.44,ETH-27MAR20,1581850740456,open,0.2,4849.0,0.149,0.228,0.189602,94.58,0.183,0.0,ETH-27MAR20-240-C,267.07,88.6,0.183,200.0,0.205,200.0,108.3,0.30492,-0.36161,0.15927,0.00392,0.72081
284.88,ETH-26JUN20,1581850740456,open,0.05,1410.0,0.022,0.095,0.053104,100.16,0.053,0.0,ETH-26JUN20-560-C,267.07,98.31,0.05,320.0,0.057,616.0,102.43,0.48344,-0.18499,0.15426,0.00166,0.20412
274.44,ETH-27MAR20,1581850740456,open,0.01,8243.0,0.001,0.018,0.006509,104.1,0.008,0.0,ETH-27MAR20-160-P,267.07,98.53,0.005,700.0,0.008,240.0,108.97,0.07962,-0.10393,-0.01422,0.00093,-0.04092
269.27,SYN.ETH-28FEB20,1581850740456,open,0.0,930.0,0.001,0.011,0.0,105.66,0.001,0.0,ETH-28FEB20-120-P,267.07,0.0,0.0,0.0,0.002,349.0,219.89,2e-05,-7e-05,0.0,0.0,-1e-05
9949.05,SYN.BTC-17FEB20,1581850740461,open,0.09,0.0,0.0645,0.1005,0.08283238,55.36,None,0.0,BTC-17FEB20-9125-C,9944.37,0.0,0.0795,1.0,0.088,1.0,160.57,0.01155,-0.31959,0.21876,1e-05,0.99932
269.27,SYN.ETH-28FEB20,1581850740470,open,0.27,2315.0,0.235,0.287,0.260911,102.78,0.287,0.0,ETH-28FEB20-200-C,267.07,0.0,0.257,1.0,0.284,17.0,179.21,0.04592,-0.19872,0.06082,0.00189,0.95514
269.27,SYN.ETH-28FEB20,1581850740472,open,0.49,113.0,0.464,0.495,0.480099,113.44,0.48,0.0,ETH-28FEB20-140-C,267.07,0.0,0.474,21.0,0.493,21.0,263.23,0.00084,-0.00401,0.04551,3e-05,0.99951
269.27,SYN.ETH-28FEB20,1581850740476,open,0.14,1915.0,0.098,0.169,0.134548,98.04,0.113,0.0,ETH-28FEB20-240-C,267.07,50.75,0.113,18.0,0.166,18.0,151.45,0.14745,-0.60863,0.05568,0.00638,0.77008
269.27,SYN.ETH-28FEB20,1581850740476,open,0.0,1849.0,0.001,0.011,4.1e-05,105.39,0.001,0.0,ETH-28FEB20-150-P,267.07,0.0,0.0,0.0,0.002,349.0,164.37,0.00126,-0.00561,-7e-05,5e-05,-0.00076
274.44,ETH-27MAR20,1581850740479,open,0.74,0.0,0.704,0.836,0.766089,117.58,None,0.0,ETH-27MAR20-480-P,267.07,0.0,0.004,50.0,0.0,0.0,0.0,0.16689,-0.24605,-0.49752,0.00172,-0.89328
284.88,ETH-26JUN20,1581850740479,open,1.25,0.0,1.2,1.385,1.28711,103.61,None,0.0,ETH-26JUN20-640-P,267.07,0.0,0.01,50.0,0.0,0.0,0.0,0.41507,-0.1643,-2.17278,0.00138,-0.83999
269.27,SYN.ETH-28FEB20,1581850740486,open,0.31,1759.0,0.273,0.32,0.296361,104.43,0.356,0.0,ETH-28FEB20-190-C,267.07,0.0,0.28,18.0,0.318,18.0,191.77,0.02922,-0.12846,0.05938,0.00119,0.97413
284.88,ETH-26JUN20,1581850740488,open,0.86,0.0,0.807,0.977,0.887995,98.79,None,0.0,ETH-26JUN20-520-P,267.07,0.0,0.01,50.0,0.0,0.0,0.0,0.52462,-0.19801,-1.68816,0.00182,-0.76467
293.39,SYN.ETH-25SEP20,1581850740488,open,1.12,0.0,1.044,1.251,1.143482,98.13,None,0.0,ETH-25SEP20-600-P,267.07,0.0,0.0,0.0,0.0,0.0,0.0,0.78339,-0.17324,-3.3051,0.00153,-0.7097
293.39,SYN.ETH-25SEP20,1581850740490,open,0.53,0.0,0.465,0.637,0.549849,94.66,None,0.0,ETH-25SEP20-400-P,267.07,0.0,0.0,0.0,0.0,0.0,0.0,0.91139,-0.19442,-1.90859,0.00184,-0.52031
284.88,ETH-26JUN20,1581850740492,open,0.73,0.0,0.68,0.844,0.758772,96.91,None,0.0,ETH-26JUN20-480-P,267.07,0.0,0.01,50.0,0.0,0.0,0.0,0.56538,-0.20932,-1.51943,0.002,-0.72871
274.44,ETH-27MAR20,1581850740492,open,0.71,20.0,0.699,0.718,0.708552,120.01,0.625,0.0,ETH-27MAR20-80-C,267.07,0.0,0.705,30.0,0.717,30.0,229.48,0.00153,-0.00231,0.08724,2e-05,0.99953
284.88,ETH-26JUN20,1581850740500,open,0.99,0.0,0.936,1.111,1.018981,100.24,None,0.0,ETH-26JUN20-560-P,267.07,0.0,0.01,50.0,0.0,0.0,0.0,0.4839,-0.18532,-1.8535,0.00166,-0.79555
284.88,ETH-26JUN20,1581850740502,open,0.43,2715.0,0.38,0.453,0.41679,92.1,0.434,0.0,ETH-26JUN20-180-C,267.07,72.97,0.394,23.0,0.447,23.0,114.17,0.36827,-0.12959,0.45897,0.00137,0.86611
274.44,ETH-27MAR20,1581850740502,open,0.64,1148.0,0.625,0.647,0.635874,113.9,0.653,0.0,ETH-27MAR20-100-C,267.07,0.0,0.629,27.0,0.647,27.0,203.42,0.00589,-0.00841,0.10856,6e-05,0.99795
284.88,ETH-26JUN20,1581850740502,open,0.29,651.0,0.232,0.328,0.281231,88.61,0.321,0.0,ETH-26JUN20-240-C,267.07,88.0,0.28,320.0,0.306,344.0,100.93,0.57237,-0.19377,0.45009,0.00222,0.72186
269.27,SYN.ETH-28FEB20,1581850740502,open,0.38,1113.0,0.35,0.389,0.369049,105.53,0.333,0.0,ETH-28FEB20-170-C,267.07,0.0,0.361,19.0,0.387,19.0,217.75,0.00828,-0.03677,0.05475,0.00033,0.99399
274.44,ETH-27MAR20,1581850740505,open,0.0,2324.0,0.001,0.011,2.3e-05,112.19,0.001,0.0,ETH-27MAR20-80-P,267.07,0.0,0.0,0.0,0.001,49.0,161.55,0.00076,-0.00108,-7e-05,1e-05,-0.00022
284.88,ETH-26JUN20,1581850740509,open,0.54,528.0,0.504,0.555,0.528763,95.71,0.565,0.0,ETH-26JUN20-140-C,267.07,67.52,0.513,25.0,0.55,25.0,120.27,0.21237,-0.07765,0.41651,0.00076,0.93651
269.27,SYN.ETH-28FEB20,1581850740519,open,0.67,20.0,0.656,0.675,0.665771,174.27,0.328,0.0,ETH-28FEB20-90-C,267.07,0.0,0.662,28.0,0.674,28.0,374.36,0.00025,-0.00186,0.02927,1e-05,0.99987
269.27,SYN.ETH-28FEB20,1581850740519,open,0.6,46.0,0.579,0.603,0.591499,145.33,0.428,0.0,ETH-28FEB20-110-C,267.07,0.0,0.587,25.0,0.602,25.0,328.68,0.00036,-0.00221,0.03577,1e-05,0.9998
293.39,SYN.ETH-25SEP20,1581850740519,open,0.03,483.0,0.011,0.046,0.025595,95.65,0.02,0.0,ETH-25SEP20-120-P,267.07,91.56,0.022,250.0,0.029,250.0,99.32,0.26536,-0.0572,-0.1491,0.00053,-0.05801
284.88,ETH-26JUN20,1581850740521,open,0.09,35.0,0.057,0.139,0.095231,90.16,0.096,0.0,ETH-26JUN20-220-P,267.07,87.25,0.09,300.0,0.1,278.0,92.79,0.51422,-0.17711,-0.32919,0.00196,-0.22703
293.39,SYN.ETH-25SEP20,1581850740521,open,0.62,0.0,0.592,0.642,0.616558,95.61,0.359,0.0,ETH-25SEP20-120-C,267.07,78.32,0.603,28.0,0.636,28.0,114.93,0.26525,-0.05715,0.58046,0.00053,0.94202
293.39,SYN.ETH-25SEP20,1581850740525,open,0.17,163.0,0.121,0.234,0.175984,93.13,0.146,0.0,ETH-25SEP20-240-P,267.07,85.65,0.157,514.0,0.176,514.0,93.14,0.74372,-0.15608,-0.77968,0.00153,-0.26119
269.27,SYN.ETH-28FEB20,1581850740525,open,0.0,3279.0,0.001,0.014,0.003641,102.63,0.002,0.0,ETH-28FEB20-200-P,267.07,98.66,0.003,300.0,0.005,300.0,109.96,0.04576,-0.19773,-0.00423,0.00189,-0.04466
284.88,ETH-26JUN20,1581850740528,open,0.33,931.0,0.277,0.367,0.322922,90.13,0.36,0.0,ETH-26JUN20-220-C,267.07,74.95,0.296,23.0,0.362,23.0,111.5,0.51419,-0.17705,0.45973,0.00196,0.77299
274.44,ETH-27MAR20,1581850740528,open,0.54,112.0,0.513,0.545,0.528294,111.6,0.548,0.0,ETH-27MAR20-130-C,267.07,0.0,0.523,23.0,0.544,23.0,174.4,0.03148,-0.04405,0.13736,0.00034,0.98645
274.44,ETH-27MAR20,1581850740528,open,0.5,653.0,0.475,0.512,0.493278,111.14,0.507,0.0,ETH-27MAR20-140-C,267.07,72.72,0.49,22.0,0.511,22.0,167.97,0.04743,-0.0661,0.14536,0.00052,0.9781
284.88,ETH-26JUN20,1581850740531,open,0.04,3825.0,0.014,0.079,0.040393,103.5,0.034,0.0,ETH-26JUN20-640-C,267.07,101.83,0.038,310.0,0.043,300.0,105.27,0.41437,-0.16385,0.12176,0.00138,0.1596
269.27,SYN.ETH-28FEB20,1581850740531,open,0.34,1799.0,0.311,0.354,0.332441,104.89,0.374,0.0,ETH-28FEB20-180-C,267.07,0.0,0.324,18.0,0.353,18.0,206.62,0.01636,-0.07226,0.05734,0.00066,0.9869
269.27,SYN.ETH-28FEB20,1581850740533,open,0.01,1225.0,0.001,0.028,0.010038,98.01,0.013,0.0,ETH-28FEB20-220-P,267.07,91.69,0.008,600.0,0.011,300.0,100.81,0.09078,-0.37461,-0.01044,0.00393,-0.10908
293.39,SYN.ETH-25SEP20,1581850740533,open,0.25,472.0,0.19,0.322,0.254607,93.1,0.247,0.0,ETH-25SEP20-280-P,267.07,86.23,0.235,250.0,0.255,485.0,93.24,0.83295,-0.17476,-1.05079,0.00171,-0.33458
284.88,ETH-26JUN20,1581850740536,open,0.38,2281.0,0.326,0.408,0.367514,90.98,0.4,0.0,ETH-26JUN20-200-C,267.07,73.95,0.342,23.0,0.395,223.0,108.12,0.44501,-0.15468,0.4639,0.00168,0.82167
284.88,ETH-26JUN20,1581850740537,open,0.49,0.0,0.44,0.592,0.514177,94.21,None,0.0,ETH-26JUN20-400-P,267.07,0.0,0.01,50.0,0.0,0.0,0.0,0.64667,-0.23275,-1.16399,0.00236,-0.62535
284.88,ETH-26JUN20,1581850740536,open,0.11,4357.0,0.063,0.161,0.109978,94.17,0.109,0.0,ETH-26JUN20-400-C,267.07,92.41,0.106,320.0,0.115,600.0,96.37,0.64658,-0.23261,0.2702,0.00236,0.3745
284.88,ETH-26JUN20,1581850740537,open,0.12,202.0,0.079,0.172,0.123751,88.64,0.115,0.0,ETH-26JUN20-240-P,267.07,86.78,0.12,320.0,0.126,3.0,89.76,0.57238,-0.19384,-0.41053,0.00222,-0.27814
274.44,ETH-27MAR20,1581850740536,open,0.01,4652.0,0.003,0.035,0.013351,122.36,0.017,0.0,ETH-27MAR20-520-C,267.07,119.63,0.012,350.0,0.015,540.0,125.49,0.14002,-0.21483,0.02121,0.00139,0.08409
274.44,ETH-27MAR20,1581850740537,open,0.36,2570.0,0.329,0.383,0.355912,98.02,0.351,0.0,ETH-27MAR20-180-C,267.07,59.26,0.345,20.0,0.381,20.0,140.92,0.12396,-0.15236,0.17164,0.00154,0.92838
269.27,SYN.ETH-28FEB20,1581850740537,open,0.24,1428.0,0.198,0.254,0.226134,99.66,0.273,0.0,ETH-28FEB20-210-C,267.07,0.0,0.213,17.0,0.252,17.0,170.38,0.0655,-0.27484,0.06163,0.00279,0.9296
293.39,SYN.ETH-25SEP20,1581850740537,open,0.11,324.0,0.068,0.156,0.10992,93.22,0.104,0.0,ETH-25SEP20-200-P,267.07,87.01,0.097,250.0,0.111,282.0,93.73,0.61379,-0.12894,-0.52877,0.00126,-0.18656
269.27,SYN.ETH-28FEB20,1581850740537,open,0.0,1867.0,0.001,0.011,0.000133,105.16,0.001,0.0,ETH-28FEB20-160-P,267.07,0.0,0.0,0.0,0.003,348.0,158.86,0.00344,-0.01525,-0.00021,0.00014,-0.00226
293.39,SYN.ETH-25SEP20,1581850740537,open,0.4,498.0,0.339,0.441,0.391337,93.14,0.383,0.0,ETH-25SEP20-220-C,267.07,89.13,0.382,120.0,0.408,120.0,100.29,0.68391,-0.14355,0.68645,0.0014,0.77623
293.39,SYN.ETH-25SEP20,1581850740537,open,0.1,195.0,0.05,0.155,0.098297,98.08,0.102,0.0,ETH-25SEP20-600-C,267.07,96.08,0.093,200.0,0.104,289.0,100.2,0.78308,-0.17308,0.34199,0.00153,0.29005
274.44,ETH-27MAR20,1581850740540,open,0.0,643.0,0.001,0.011,0.000498,111.72,0.001,0.0,ETH-27MAR20-110-P,267.07,0.0,0.0,0.0,0.003,349.0,143.32,0.01051,-0.01472,-0.00132,0.00011,-0.0039
293.39,SYN.ETH-25SEP20,1581850740538,open,0.04,403.0,0.019,0.066,0.039286,93.66,0.031,0.0,ETH-25SEP20-140-P,267.07,90.04,0.035,250.0,0.043,300.0,96.71,0.35299,-0.07451,-0.21998,0.00072,-0.08406
269.27,SYN.ETH-28FEB20,1581850740540,open,0.17,925.0,0.128,0.195,0.162473,98.05,0.15,0.0,ETH-28FEB20-230-C,267.07,0.0,0.144,17.0,0.192,17.0,155.35,0.11991,-0.49501,0.05904,0.00518,0.83638
293.39,SYN.ETH-25SEP20,1581850740540,open,0.99,0.0,0.922,1.122,1.018337,97.18,None,0.0,ETH-25SEP20-560-P,267.07,0.0,0.0,0.0,0.0,0.0,0.0,0.81547,-0.17858,-3.03316,0.0016,-0.68237
284.88,ETH-26JUN20,1581850740542,open,0.14,1997.0,0.087,0.19,0.137685,93.15,0.132,0.0,ETH-26JUN20-360-C,267.07,91.59,0.134,1.0,0.143,594.0,95.39,0.67384,-0.2398,0.31295,0.00249,0.44405
284.88,ETH-26JUN20,1581850740542,open,0.01,994.0,0.004,0.029,0.013552,101.93,0.012,0.0,ETH-26JUN20-120-P,267.07,97.0,0.011,200.0,0.016,500.0,106.27,0.1546,-0.06021,-0.05732,0.00052,-0.04257
274.44,ETH-27MAR20,1581850740542,open,0.88,0.0,0.844,0.981,0.907911,121.95,None,0.0,ETH-27MAR20-520-P,267.07,0.0,0.006,50.0,0.0,0.0,0.0,0.13888,-0.21236,-0.54709,0.00138,-0.91682
274.44,ETH-27MAR20,1581850740542,open,0.02,2611.0,0.007,0.043,0.021659,94.73,0.021,0.0,ETH-27MAR20-200-P,267.07,92.21,0.02,700.0,0.023,240.0,96.72,0.18315,-0.21755,-0.04295,0.00235,-0.12159
293.39,SYN.ETH-25SEP20,1581850740542,open,0.52,168.0,0.476,0.55,0.513084,93.26,0.546,0.0,ETH-25SEP20-160-C,267.07,79.34,0.493,26.0,0.54,26.0,110.27,0.44555,-0.09364,0.6623,0.00091,0.88444
274.44,ETH-27MAR20,1581850740545,open,1.02,0.0,0.984,1.126,1.050263,124.47,None,0.0,ETH-27MAR20-560-P,267.07,0.0,0.02,50.0,0.0,0.0,0.0,0.11264,-0.17581,-0.59574,0.0011,-0.93672
284.88,ETH-26JUN20,1581850740545,open,0.19,273.0,0.142,0.256,0.197735,88.07,0.196,0.0,ETH-26JUN20-280-P,267.07,87.31,0.196,320.0,0.2,11.0,89.06,0.65129,-0.21913,-0.59366,0.00254,-0.38345
284.88,ETH-26JUN20,1581850740545,open,0.38,1.0,0.331,0.475,0.401464,93.19,1.827,0.0,ETH-26JUN20-360-P,267.07,0.0,0.015,2.0,0.0,0.0,0.0,0.67387,-0.2399,-0.97786,0.00249,-0.55584
284.88,ETH-26JUN20,1581850740545,open,0.28,238.0,0.231,0.362,0.29546,91.34,0.291,0.0,ETH-26JUN20-320-P,267.07,79.42,0.267,320.0,1.108,1.0,500.0,0.67928,-0.23705,-0.78772,0.00256,-0.4757
284.88,ETH-26JUN20,1581850740545,open,0.0,1844.0,0.001,0.011,0.000715,107.31,0.001,0.0,ETH-26JUN20-60-P,267.07,0.0,0.0,0.0,0.001,1.0,111.9,0.01571,-0.00644,-0.00382,5e-05,-0.00302
274.44,ETH-27MAR20,1581850740545,open,0.57,159.0,0.55,0.578,0.563824,112.14,0.583,0.0,ETH-27MAR20-120-C,267.07,0.0,0.559,24.0,0.578,24.0,183.03,0.01949,-0.02741,0.12843,0.00021,0.99218
293.39,SYN.ETH-25SEP20,1581850740545,open,0.76,0.0,0.687,0.876,0.779313,96.67,None,0.0,ETH-25SEP20-480-P,267.07,0.0,0.0,0.0,0.0,0.0,0.0,0.87839,-0.19135,-2.47576,0.00174,-0.60885
293.39,SYN.ETH-25SEP20,1581850740545,open,0.33,243.0,0.273,0.421,0.346048,93.92,0.303,0.0,ETH-25SEP20-320-P,267.07,81.4,0.308,250.0,0.341,1.0,92.25,0.88502,-0.18732,-1.33452,0.0018,-0.40222
293.39,SYN.ETH-25SEP20,1581850740545,open,0.64,0.0,0.572,0.753,0.660759,95.11,None,0.0,ETH-25SEP20-440-P,267.07,0.0,0.0,0.0,0.0,0.0,0.0,0.89859,-0.1926,-2.19457,0.00181,-0.56975
284.88,ETH-26JUN20,1581850740547,open,0.23,999.0,0.162,0.265,0.214796,88.04,0.214,0.0,ETH-26JUN20-280-C,267.07,90.32,0.22,5.0,0.226,580.0,92.95,0.6513,-0.21906,0.41036,0.00254,0.61652
284.88,ETH-26JUN20,1581850740547,open,0.08,802.0,0.035,0.121,0.073734,96.85,0.078,0.0,ETH-26JUN20-480-C,267.07,94.95,0.07,320.0,0.078,609.0,98.98,0.56513,-0.2091,0.20155,0.00201,0.27105
274.44,ETH-27MAR20,1581850740547,open,0.0,1856.0,0.001,0.011,0.000212,111.93,0.001,0.0,ETH-27MAR20-100-P,267.07,0.0,0.0,0.0,0.002,60.0,147.34,0.00519,-0.00728,-0.0006,6e-05,-0.00178
274.44,ETH-27MAR20,1581850740547,open,0.0,2284.0,0.001,0.013,0.003352,110.82,0.002,0.0,ETH-27MAR20-140-P,267.07,101.67,0.002,767.0,0.005,240.0,119.35,0.04697,-0.06527,-0.0075,0.00052,-0.02165
293.39,SYN.ETH-25SEP20,1581850740547,open,0.08,1065.0,0.047,0.122,0.082209,93.24,0.079,0.0,ETH-25SEP20-180-P,267.07,87.57,0.072,240.0,0.084,289.0,94.23,0.53385,-0.11218,-0.41452,0.00109,-0.15021
274.44,ETH-27MAR20,1581850740549,open,0.0,1277.0,0.001,0.011,7.7e-05,112.08,0.001,0.0,ETH-27MAR20-90-P,267.07,0.0,0.0,0.0,0.001,100.0,146.8,0.0022,-0.00309,-0.00023,2e-05,-0.0007
293.39,SYN.ETH-25SEP20,1581850740549,open,0.14,434.0,0.086,0.205,0.143165,96.63,0.158,0.0,ETH-25SEP20-480-C,267.07,94.9,0.138,210.0,0.149,492.0,98.57,0.87829,-0.19125,0.44199,0.00174,0.39099
293.39,SYN.ETH-25SEP20,1581850740549,open,1.24,0.0,1.169,1.382,1.270622,99.17,None,0.0,ETH-25SEP20-640-P,267.07,0.0,0.0,0.0,0.0,0.0,0.0,0.75202,-0.16807,-3.57351,0.00145,-0.73306
284.88,ETH-26JUN20,1581850740551,open,0.05,1358.0,0.024,0.08,0.04868,92.14,0.034,0.0,ETH-26JUN20-180-P,267.07,88.47,0.044,300.0,0.053,295.0,95.44,0.36836,-0.12966,-0.18653,0.00137,-0.13393
284.88,ETH-26JUN20,1581850740551,open,0.07,573.0,0.038,0.107,0.069613,91.01,0.068,0.0,ETH-26JUN20-200-P,267.07,88.69,0.066,300.0,0.074,288.0,93.8,0.44506,-0.15475,-0.25331,0.00168,-0.17837
293.39,SYN.ETH-25SEP20,1581850740551,open,0.43,0.0,0.365,0.527,0.444856,94.38,None,0.0,ETH-25SEP20-360-P,267.07,0.0,0.0,0.0,0.0,0.0,0.0,0.90889,-0.19331,-1.62124,0.00184,-0.46418
293.39,SYN.ETH-25SEP20,1581850740551,open,0.11,559.0,0.058,0.168,0.109499,97.13,0.11,0.0,ETH-25SEP20-560-C,267.07,95.5,0.105,200.0,0.115,487.0,99.1,0.81524,-0.17844,0.37081,0.0016,0.31741
293.39,SYN.ETH-25SEP20,1581850740551,open,0.47,176.0,0.426,0.51,0.468654,93.22,0.397,0.0,ETH-25SEP20-180-C,267.07,88.98,0.461,120.0,0.484,120.0,101.55,0.53381,-0.11214,0.67977,0.00109,0.84981
274.44,ETH-27MAR20,1581850740553,open,0.03,3471.0,0.011,0.063,0.032193,108.27,0.03,0.0,ETH-27MAR20-400-C,267.07,106.94,0.031,360.0,0.034,499.0,110.26,0.24705,-0.3354,0.04765,0.00277,0.19113
274.44,ETH-27MAR20,1581850740553,open,0.05,3696.0,0.019,0.082,0.046969,103.24,0.048,0.0,ETH-27MAR20-360-C,267.07,100.48,0.044,360.0,0.05,840.0,106.01,0.29774,-0.38543,0.0657,0.0035,0.2661
274.44,ETH-27MAR20,1581850740553,open,0.43,2437.0,0.402,0.447,0.423568,104.32,0.427,0.0,ETH-27MAR20-160-C,267.07,45.9,0.417,22.0,0.445,21.0,153.56,0.08002,-0.10468,0.16048,0.00093,0.95883
274.44,ETH-27MAR20,1581850740553,open,0.25,2594.0,0.201,0.273,0.237609,94.59,0.257,0.0,ETH-27MAR20-220-C,267.07,88.31,0.232,200.0,0.25,200.0,107.85,0.24926,-0.29565,0.17044,0.0032,0.80607
274.44,ETH-27MAR20,1581850740553,open,0.01,5790.0,0.001,0.017,0.004613,125.01,0.009,0.0,ETH-27MAR20-640-C,267.07,130.29,0.006,340.0,0.009,880.0,139.55,0.06627,-0.10388,0.00842,0.00064,0.03269
284.88,ETH-26JUN20,1581850740553,open,0.79,2.0,0.781,0.8,0.790085,107.04,0.749,0.0,ETH-26JUN20-60-C,267.07,0.0,0.785,34.0,0.8,34.0,166.53,0.01548,-0.00633,0.21139,5e-05,0.99703
284.88,ETH-26JUN20,1581850740553,open,0.73,0.0,0.712,0.734,0.722111,107.16,None,0.0,ETH-26JUN20-80-C,267.07,0.0,0.717,31.0,0.733,31.0,145.27,0.04831,-0.01978,0.27291,0.00015,0.98928
274.44,ETH-27MAR20,1581850740553,open,0.68,0.0,0.662,0.682,0.672173,115.92,None,0.0,ETH-27MAR20-90-C,267.07,0.0,0.669,28.0,0.682,28.0,216.09,0.00295,-0.00429,0.098,3e-05,0.99904
274.44,ETH-27MAR20,1581850740553,open,0.0,275.0,0.001,0.011,5e-06,112.25,0.003,0.0,ETH-27MAR20-70-P,267.07,0.0,0.0,0.0,0.001,49.0,178.37,0.0002,-0.00029,-2e-05,0.0,-5e-05
269.27,SYN.ETH-28FEB20,1581850740553,open,0.41,534.0,0.388,0.424,0.405949,106.62,0.368,0.0,ETH-28FEB20-160-C,267.07,0.0,0.393,19.0,0.422,19.0,231.68,0.00382,-0.01713,0.05182,0.00015,0.99747
293.39,SYN.ETH-25SEP20,1581850740553,open,0.01,618.0,0.001,0.018,0.007947,100.84,0.004,0.0,ETH-25SEP20-80-P,267.07,95.38,0.006,250.0,0.01,250.0,105.88,0.11256,-0.02558,-0.05053,0.00021,-0.02038
293.39,SYN.ETH-25SEP20,1581850740553,open,0.22,441.0,0.154,0.28,0.217745,94.35,0.207,0.0,ETH-25SEP20-360-C,267.07,92.5,0.212,210.0,0.224,481.0,96.37,0.90891,-0.19326,0.56714,0.00184,0.53574
293.39,SYN.ETH-25SEP20,1581850740553,open,0.16,242.0,0.101,0.223,0.160957,95.08,0.156,0.0,ETH-25SEP20-440-C,267.07,93.46,0.156,210.0,0.166,279.0,96.72,0.89854,-0.19252,0.48005,0.00181,0.43012
293.39,SYN.ETH-25SEP20,1581850740553,open,0.06,223.0,0.031,0.092,0.058466,93.28,0.051,0.0,ETH-25SEP20-160-P,267.07,88.97,0.052,250.0,0.058,10.0,92.98,0.44562,-0.09368,-0.31042,0.00091,-0.11559
293.39,SYN.ETH-25SEP20,1581850740553,open,0.31,907.0,0.239,0.358,0.300187,93.08,0.293,0.0,ETH-25SEP20-280-C,267.07,91.25,0.295,220.0,0.308,484.0,95.83,0.83298,-0.17472,0.65134,0.00171,0.66539
269.27,SYN.ETH-28FEB20,1581850740553,open,0.2,1306.0,0.162,0.224,0.193035,98.09,0.235,0.0,ETH-28FEB20-220-C,267.07,0.0,0.177,17.0,0.221,17.0,161.96,0.09088,-0.37532,0.06113,0.00393,0.89076
269.27,SYN.ETH-28FEB20,1581850740553,open,0.45,672.0,0.426,0.459,0.442993,108.78,0.439,0.0,ETH-28FEB20-150-C,267.07,0.0,0.436,20.0,0.458,20.0,249.68,0.00169,-0.00773,0.04871,7e-05,0.99896
269.27,SYN.ETH-28FEB20,1581850740553,open,0.0,838.0,0.001,0.011,0.0,105.71,0.001,0.0,ETH-28FEB20-110-P,267.07,0.0,0.0,0.0,0.002,349.0,241.52,0.0,-1e-05,0.0,0.0,0.0
284.88,ETH-26JUN20,1581850740555,open,0.18,1707.0,0.119,0.225,0.172101,91.31,0.16,0.0,ETH-26JUN20-320-C,267.07,90.01,0.169,3.0,0.176,320.0,92.95,0.67929,-0.23697,0.35969,0.00256,0.52423
274.44,ETH-27MAR20,1581850740555,open,1.16,0.0,1.124,1.271,1.192796,124.25,None,0.0,ETH-27MAR20-600-P,267.07,0.0,0.03,50.0,0.0,0.0,0.0,0.08542,-0.13309,-0.64406,0.00084,-0.95536
269.27,SYN.ETH-28FEB20,1581850740555,open,0.01,393.0,0.003,0.04,0.016612,97.98,0.02,0.0,ETH-28FEB20-230-P,267.07,91.96,0.014,538.0,0.017,240.0,98.85,0.11985,-0.49443,-0.01578,0.00518,-0.16349
293.39,SYN.ETH-25SEP20,1581850740555,open,0.13,341.0,0.071,0.185,0.124961,96.9,0.135,0.0,ETH-25SEP20-520-C,267.07,95.18,0.12,210.0,0.13,494.0,98.63,0.84907,-0.18541,0.40501,0.00167,0.35205
293.39,SYN.ETH-25SEP20,1581850740555,open,0.8,2.0,0.79,0.809,0.7992,106.19,0.811,0.0,ETH-25SEP20-60-C,267.07,80.59,0.796,35.0,0.809,35.0,137.76,0.06031,-0.01443,0.34051,0.00011,0.99012
269.27,SYN.ETH-28FEB20,1581850740555,open,0.63,21.0,0.618,0.639,0.628635,159.15,0.267,0.0,ETH-28FEB20-100-C,267.07,0.0,0.625,26.0,0.638,26.0,350.86,0.0003,-0.00203,0.03252,1e-05,0.99984
293.39,SYN.ETH-25SEP20,1581850740555,open,0.26,413.0,0.192,0.316,0.255283,93.9,0.272,0.0,ETH-25SEP20-320-C,267.07,92.15,0.25,220.0,0.261,487.0,95.8,0.88505,-0.18728,0.61074,0.0018,0.59773
269.27,SYN.ETH-28FEB20,1581850740555,open,0.0,830.0,0.001,0.011,0.0,105.8,0.001,0.0,ETH-28FEB20-90-P,267.07,0.0,0.0,0.0,0.002,349.0,291.55,0.0,0.0,0.0,0.0,0.0
269.27,SYN.ETH-28FEB20,1581850740555,open,0.0,1339.0,0.001,0.011,0.0,105.85,0.002,0.0,ETH-28FEB20-80-P,267.07,0.0,0.0,0.0,0.001,40.0,291.66,0.0,0.0,0.0,0.0,0.0
274.44,ETH-27MAR20,1581850740557,open,0.3,3390.0,0.261,0.324,0.292982,94.85,0.304,0.0,ETH-27MAR20-200-C,267.07,88.69,0.289,200.0,0.306,200.0,112.85,0.18338,-0.2181,0.17546,0.00235,0.87819
274.44,ETH-27MAR20,1581850740557,open,0.0,672.0,0.001,0.011,0.001934,111.15,0.002,0.0,ETH-27MAR20-130-P,267.07,101.07,0.001,148.0,0.005,348.0,130.86,0.03095,-0.04314,-0.00457,0.00034,-0.01329
274.44,ETH-27MAR20,1581850740557,open,0.0,1405.0,0.001,0.011,0.001031,111.46,0.001,0.0,ETH-27MAR20-120-P,267.07,111.01,0.001,48.0,0.004,300.0,137.52,0.01891,-0.02642,-0.00257,0.00021,-0.00755
284.88,ETH-26JUN20,1581850740557,open,0.0,2429.0,0.001,0.012,0.002951,107.28,0.003,0.0,ETH-26JUN20-80-P,267.07,91.76,0.001,55.0,0.005,300.0,117.45,0.04851,-0.01988,-0.01402,0.00016,-0.01077
293.39,SYN.ETH-25SEP20,1581850740557,open,0.01,416.0,0.006,0.031,0.015506,98.43,0.009,0.0,ETH-25SEP20-100-P,267.07,94.29,0.013,250.0,0.018,250.0,102.25,0.18509,-0.04105,-0.09369,0.00036,-0.03703
274.44,ETH-27MAR20,1581850740559,open,0.02,3844.0,0.004,0.041,0.017264,117.89,0.015,0.0,ETH-27MAR20-480-C,267.07,115.79,0.016,340.0,0.019,540.0,120.67,0.16779,-0.24804,0.02706,0.00173,0.10752
274.44,ETH-27MAR20,1581850740559,open,0.02,2574.0,0.006,0.05,0.022934,112.96,0.021,0.0,ETH-27MAR20-440-C,267.07,110.29,0.021,360.0,0.025,550.0,115.71,0.20249,-0.2868,0.03528,0.00218,0.1406
293.39,SYN.ETH-25SEP20,1581850740559,open,0.87,0.0,0.803,0.998,0.897454,96.94,None,0.0,ETH-25SEP20-520-P,267.07,0.0,0.0,0.0,0.0,0.0,0.0,0.84924,-0.18553,-2.75585,0.00167,-0.64776
269.27,SYN.ETH-28FEB20,1581850740559,open,0.0,2926.0,0.001,0.011,0.000898,104.52,0.003,0.0,ETH-28FEB20-180-P,267.07,0.0,0.0,0.0,0.003,5.0,127.37,0.0161,-0.07087,-0.00121,0.00065,-0.01286
293.39,SYN.ETH-25SEP20,1581850740559,open,0.0,814.0,0.001,0.013,0.003719,106.26,0.003,0.0,ETH-25SEP20-60-P,267.07,96.32,0.002,550.0,0.006,348.0,115.82,0.06045,-0.01448,-0.02429,0.00011,-0.0099
284.88,ETH-26JUN20,1581850740561,open,0.01,842.0,0.001,0.019,0.00791,107.21,0.006,0.0,ETH-26JUN20-100-P,267.07,101.43,0.006,200.0,0.01,500.0,112.72,0.10131,-0.04149,-0.03411,0.00032,-0.02548
274.44,ETH-27MAR20,1581850740561,open,0.12,13582.0,0.075,0.156,0.115568,94.56,0.119,0.0,ETH-27MAR20-280-C,267.07,91.84,0.112,657.0,0.12,544.0,97.94,0.36035,-0.42726,0.12626,0.00463,0.53669
274.44,ETH-27MAR20,1581850740561,open,1.3,0.0,1.265,1.417,1.336379,123.94,None,0.0,ETH-27MAR20-640-P,267.07,0.0,0.01,50.0,0.0,0.0,0.0,0.06391,-0.09932,-0.69112,0.00063,-0.96871
269.27,SYN.ETH-28FEB20,1581850740561,open,0.52,38.0,0.503,0.531,0.517228,121.69,0.537,0.0,ETH-28FEB20-130-C,267.07,0.0,0.512,22.0,0.529,22.0,281.89,0.00055,-0.00279,0.04227,2e-05,0.9997
293.39,SYN.ETH-25SEP20,1581850740561,open,0.57,17.0,0.532,0.593,0.562076,93.64,0.49,0.0,ETH-25SEP20-140-C,267.07,78.1,0.545,27.0,0.586,27.0,112.16,0.35289,-0.07446,0.63116,0.00072,0.91597
293.39,SYN.ETH-25SEP20,1581850740561,open,0.19,450.0,0.125,0.249,0.186393,94.63,0.201,0.0,ETH-25SEP20-400-C,267.07,92.9,0.181,210.0,0.192,485.0,96.44,0.91138,-0.19436,0.52291,0.00184,0.47959
269.27,SYN.ETH-28FEB20,1581850740561,open,0.0,1678.0,0.001,0.011,1e-05,105.53,0.001,0.0,ETH-28FEB20-140-P,267.07,0.0,0.0,0.0,0.002,349.0,181.57,0.00038,-0.00169,-2e-05,2e-05,-0.00021
269.27,SYN.ETH-28FEB20,1581850740561,open,0.56,101.0,0.541,0.567,0.554362,132.72,0.397,0.0,ETH-28FEB20-120-C,267.07,0.0,0.549,23.0,0.565,23.0,301.24,0.00043,-0.0024,0.03902,1e-05,0.99976
293.39,SYN.ETH-25SEP20,1581850740561,open,0.36,171.0,0.302,0.411,0.357911,93.11,0.353,0.0,ETH-25SEP20-240-C,267.07,88.02,0.345,220.0,0.377,220.0,100.66,0.74373,-0.15605,0.67932,0.00153,0.73881
269.27,SYN.ETH-28FEB20,1581850740561,open,0.01,1447.0,0.001,0.02,0.006,99.55,0.003,0.0,ETH-28FEB20-210-P,267.07,95.25,0.005,300.0,0.007,300.0,103.52,0.06537,-0.27398,-0.00668,0.00278,-0.07021
284.88,ETH-26JUN20,1581850740563,open,1.12,0.0,1.067,1.248,1.152654,102.14,None,0.0,ETH-26JUN20-600-P,267.07,0.0,0.01,50.0,0.0,0.0,0.0,0.44897,-0.17519,-2.01414,0.00151,-0.81914
274.44,ETH-27MAR20,1581850740563,open,0.47,5.0,0.431,0.553,0.489547,108.1,0.51,0.0,ETH-27MAR20-400-P,267.07,0.0,0.0,0.0,0.97,1.0,499.91,0.24661,-0.33426,-0.38946,0.00277,-0.80942
269.27,SYN.ETH-28FEB20,1581850740563,open,0.0,2982.0,0.001,0.011,0.001954,104.22,0.002,0.0,ETH-28FEB20-190-P,267.07,93.51,0.001,46.0,0.003,300.0,112.72,0.02901,-0.12728,-0.00242,0.00118,-0.02566
293.39,SYN.ETH-25SEP20,1581850740563,open,0.74,1.0,0.722,0.75,0.735256,100.79,0.684,0.0,ETH-25SEP20-80-C,267.07,77.26,0.729,32.0,0.748,32.0,126.35,0.11241,-0.02553,0.43586,0.00021,0.97965
284.88,ETH-26JUN20,1581850740566,open,0.61,0.0,0.557,0.716,0.634307,95.66,None,0.0,ETH-26JUN20-440-P,267.07,0.0,0.01,50.0,0.0,0.0,0.0,0.60867,-0.22245,-1.34427,0.00219,-0.6817
10401.24,BTC-26JUN20,1581850740566,open,0.94,0.1,0.896,1.009,0.94660475,78.37,1.85,0.0,BTC-26JUN20-20000-P,9944.37,0.0,0.001,2.0,1.55,1.0,364.12,12.70079,-3.80281,-67.99927,4e-05,-0.87667
284.88,ETH-26JUN20,1581850740566,open,0.03,1180.0,0.015,0.059,0.033542,94.85,0.03,0.0,ETH-26JUN20-160-P,267.07,91.34,0.03,200.0,0.037,300.0,98.17,0.29245,-0.10597,-0.1332,0.00106,-0.09685
284.88,ETH-26JUN20,1581850740566,open,0.06,451.0,0.028,0.107,0.062537,98.72,0.07,0.0,ETH-26JUN20-520-C,267.07,96.78,0.059,320.0,0.066,613.0,100.59,0.52427,-0.19774,0.17621,0.00182,0.23504
269.27,SYN.ETH-28FEB20,1581850740566,open,0.71,1.0,0.693,0.712,0.702908,190.96,0.522,0.0,ETH-28FEB20-80-C,267.07,0.0,0.699,29.0,0.711,29.0,410.26,0.00021,-0.00168,0.02602,0.0,0.99989
269.27,SYN.ETH-28FEB20,1581850740566,open,0.0,929.0,0.001,0.011,0.000369,104.83,0.003,0.0,ETH-28FEB20-170-P,267.07,0.0,0.0,0.0,0.002,5.0,132.95,0.00796,-0.03513,-0.00054,0.00032,-0.00576
293.39,SYN.ETH-25SEP20,1581850740566,open,0.43,270.0,0.38,0.474,0.428192,93.2,0.42,0.0,ETH-25SEP20-200-C,267.07,89.27,0.42,120.0,0.445,120.0,101.19,0.61377,-0.1289,0.68709,0.00126,0.81345
284.88,ETH-26JUN20,1581850740568,open,0.02,804.0,0.008,0.04,0.020232,95.76,0.018,0.0,ETH-26JUN20-140-P,267.07,94.08,0.019,200.0,0.021,4.0,96.78,0.21252,-0.07774,-0.08557,0.00076,-0.06354
284.88,ETH-26JUN20,1581850740568,open,0.6,308.0,0.572,0.614,0.592292,101.88,0.63,0.0,ETH-26JUN20-120-C,267.07,53.77,0.579,26.0,0.608,26.0,125.97,0.15444,-0.06011,0.37304,0.00052,0.95749
10401.24,BTC-26JUN20,1581850740568,open,1.88,0.0,1.8295,1.9635,1.89094252,86.97,None,0.0,BTC-26JUN20-30000-P,9944.37,0.0,0.0,0.0,0.0,0.0,0.0,5.15443,-1.71262,-106.39834,2e-05,-0.96194
293.39,SYN.ETH-25SEP20,1581850740568,open,0.14,655.0,0.093,0.194,0.141238,93.16,0.124,0.0,ETH-25SEP20-220-P,267.07,85.76,0.124,523.0,0.142,513.0,93.49,0.68392,-0.14359,-0.65098,0.0014,-0.22377
269.27,SYN.ETH-28FEB20,1581850740568,open,0.0,404.0,0.001,0.011,0.0,105.75,0.001,0.0,ETH-28FEB20-100-P,267.07,0.0,0.0,0.0,0.002,349.0,265.24,0.0,0.0,0.0,0.0,0.0
293.39,SYN.ETH-25SEP20,1581850740568,open,0.09,1769.0,0.043,0.145,0.089092,99.11,0.087,0.0,ETH-25SEP20-640-C,267.07,97.51,0.085,200.0,0.094,291.0,101.01,0.75163,-0.16788,0.31669,0.00145,0.26666
293.39,SYN.ETH-25SEP20,1581850740568,open,0.68,0.0,0.656,0.695,0.674642,98.39,None,0.0,ETH-25SEP20-100-C,267.07,79.51,0.665,30.0,0.69,30.0,119.18,0.18496,-0.04101,0.51429,0.00036,0.96301
269.27,SYN.ETH-28FEB20,1581850740568,open,0.0,900.0,0.001,0.011,2e-06,105.61,0.001,0.0,ETH-28FEB20-130-P,267.07,0.0,0.0,0.0,0.002,349.0,200.01,9e-05,-0.0004,0.0,0.0,-4e-05
274.44,ETH-27MAR20,1581850740570,open,0.75,0.0,0.735,0.754,0.744968,127.49,None,0.0,ETH-27MAR20-70-C,267.07,0.0,0.741,31.0,0.754,31.0,256.51,0.00093,-0.00149,0.07638,1e-05,0.99972
274.44,ETH-27MAR20,1581850740570,open,0.61,22.0,0.587,0.612,0.599725,112.83,0.606,0.0,ETH-27MAR20-110-C,267.07,0.0,0.596,25.0,0.612,25.0,191.39,0.01115,-0.01578,0.11876,0.00012,0.99583
284.88,ETH-26JUN20,1581850740572,open,0.66,1.0,0.641,0.674,0.65686,107.14,0.38,0.0,ETH-26JUN20-100-C,267.07,0.0,0.647,28.0,0.669,28.0,133.56,0.10114,-0.0414,0.32453,0.00032,0.97457
10157.69,BTC-27MAR20,1581850740574,open,1.55,0.0,1.51,1.616,1.56037114,107.87,None,0.0,BTC-27MAR20-26000-P,9944.37,0.0,0.001,1.0,0.0,0.0,0.0,0.65334,-0.88369,-28.33519,1e-05,-0.99301
10401.24,BTC-26JUN20,1581850740590,open,0.02,137.4,0.0055,0.0425,0.01729149,80.03,0.018,0.0,BTC-26JUN20-22000-C,9944.37,78.71,0.016,31.0,0.0185,31.0,81.22,10.34844,-3.16406,2.81698,3e-05,0.09282
10157.69,BTC-27MAR20,1581850740592,open,0.39,68.5,0.357,0.4315,0.39093107,73.97,0.3885,0.0,BTC-27MAR20-14000-P,9944.37,0.0,0.0005,90.0,0.0,0.0,0.0,6.59786,-6.11939,-14.13674,8e-05,-0.88298
10401.24,BTC-26JUN20,1581850740596,open,0.58,1.6,0.537,0.647,0.5864783,74.36,0.6,0.0,BTC-26JUN20-16000-P,9944.37,0.0,0.001,2.0,0.639,1.0,100.28,18.83168,-5.34971,-50.65482,7e-05,-0.77174
10157.69,BTC-27MAR20,1581850740596,open,0.0,216.8,0.0005,0.0105,0.00037281,107.59,0.0015,0.0,BTC-27MAR20-28000-C,9944.37,0.0,0.0,0.0,0.001,80.0,118.89,0.37574,-0.50691,0.03752,0.0,0.00375
10157.69,BTC-27MAR20,1581850740596,open,0.3,3.0,0.266,0.3395,0.29955607,70.75,0.304,0.0,BTC-27MAR20-13000-P,9944.37,0.0,0.0,0.0,0.0,0.0,0.0,8.62581,-7.65204,-12.48948,0.00011,-0.82591
10401.24,BTC-26JUN20,1581850740596,open,0.41,12.5,0.37,0.478,0.41891709,72.51,0.415,0.0,BTC-26JUN20-14000-P,9944.37,0.0,0.001,2.0,0.51,1.0,112.23,22.27726,-6.17086,-40.97874,8e-05,-0.67985
10157.69,BTC-27MAR20,1581850740596,open,0.0,517.6,0.0005,0.0105,0.00071641,107.59,0.001,0.0,BTC-27MAR20-26000-C,9944.37,103.7,0.0005,0.5,0.001,24.0,111.55,0.64181,-0.86586,0.06806,1e-05,0.00685
10157.69,BTC-27MAR20,1581850740596,open,0.0,841.5,0.0005,0.012,0.00223428,94.03,0.0025,0.0,BTC-27MAR20-20000-C,9944.37,92.6,0.002,10.0,0.0025,24.0,95.54,1.72538,-2.03426,0.21332,2e-05,0.02146
10007.89,SYN.BTC-28FEB20,1581850740596,open,0.0,903.4,0.0005,0.0105,0.00092576,78.32,0.001,0.0,BTC-28FEB20-7500-P,9944.37,71.69,0.0005,80.0,0.0015,30.5,84.66,0.77336,-2.55027,-0.05942,3e-05,-0.01732
10644.41,SYN.BTC-25SEP20,1581850740596,open,1.28,6.0,1.23,1.3715,1.29301467,78.6,1.21,0.0,BTC-25SEP20-24000-P,9944.37,0.0,0.0005,1.0,1.35,1.0,103.8,19.67587,-3.4853,-138.41691,4e-05,-0.84618
10157.69,BTC-27MAR20,1581850740598,open,0.0,215.7,0.0005,0.0105,0.00090057,102.3,0.002,0.0,BTC-27MAR20-24000-C,9944.37,96.09,0.0005,83.5,0.0015,64.0,108.58,0.80039,-1.0267,0.08769,1e-05,0.0088
10157.69,BTC-27MAR20,1581850740598,open,0.02,776.0,0.007,0.042,0.01972871,70.74,0.02,0.0,BTC-27MAR20-13000-C,9944.37,69.87,0.019,10.0,0.0205,19.9,71.64,8.62442,-7.64969,1.71243,0.00011,0.17404
10157.69,BTC-27MAR20,1581850740598,open,0.0,200.0,0.0005,0.0105,0.00091282,83.38,0.001,0.0,BTC-27MAR20-5500-P,9944.37,77.18,0.0005,84.0,0.0015,64.0,89.5,0.81941,-0.85667,-0.11047,1e-05,-0.00904
10401.24,BTC-26JUN20,1581850740598,open,0.01,141.1,0.0005,0.0225,0.00656565,86.76,0.007,0.0,BTC-26JUN20-30000-C,9944.37,85.57,0.006,25.0,0.007,6.0,87.62,5.10296,-1.69135,1.1573,2e-05,0.0376
10644.41,SYN.BTC-25SEP20,1581850740598,open,1.64,0.0,1.591,1.7395,1.65723486,80.87,None,0.0,BTC-25SEP20-28000-P,9944.37,0.0,0.0005,1.0,0.0,0.0,0.0,15.75691,-2.87166,-164.72233,3e-05,-0.88851
10007.89,SYN.BTC-28FEB20,1581850740600,open,0.45,4.1,0.4395,0.461,0.45043374,77.45,0.414,0.0,BTC-28FEB20-5500-C,9944.37,0.0,0.443,8.0,0.46,8.0,227.09,0.00055,-0.00179,1.78947,0.0,0.99999
10157.69,BTC-27MAR20,1581850740604,open,0.48,2.0,0.451,0.526,0.48520838,77.23,0.4565,0.0,BTC-27MAR20-15000-P,9944.37,0.0,0.0,0.0,0.0,0.0,0.0,5.03106,-4.87217,-15.5844,6e-05,-0.91916
10157.69,BTC-27MAR20,1581850740607,open,1.16,5.6,1.124,1.2165,1.1672979,98.98,1.545,0.0,BTC-27MAR20-22000-P,9944.37,0.0,0.0005,1.0,0.0,0.0,0.0,1.19476,-1.48285,-23.89592,1e-05,-0.98605
10157.69,BTC-27MAR20,1581850740616,open,0.0,862.2,0.0005,0.0145,0.00373416,88.68,0.004,0.0,BTC-27MAR20-18000-C,9944.37,87.76,0.0035,3.0,0.004,24.2,89.69,2.62545,-2.91952,0.35266,3e-05,0.03551
10157.69,BTC-27MAR20,1581850740616,open,0.0,289.4,0.0005,0.012,0.00248315,73.37,0.0025,0.0,BTC-27MAR20-6500-P,9944.37,70.7,0.002,64.0,0.003,24.0,75.91,1.95404,-1.79772,-0.3036,2e-05,-0.02488
10157.69,BTC-27MAR20,1581850740618,open,0.0,317.4,0.0005,0.0105,3.061e-05,107.59,0.0005,0.0,BTC-27MAR20-36000-C,9944.37,0.0,0.0,0.0,0.0005,40.0,133.68,0.04425,-0.0597,0.00368,0.0,0.00036
10157.69,BTC-27MAR20,1581850740618,open,0.56,28.5,0.5475,0.567,0.55706623,83.26,0.5365,0.0,BTC-27MAR20-4500-C,9944.37,0.0,0.5505,9.0,0.5655,9.0,157.36,0.11103,-0.11591,4.90441,0.0,0.99902
10401.24,BTC-26JUN20,1581850740618,open,0.01,569.7,0.0035,0.0295,0.01328553,69.17,0.014,0.0,BTC-26JUN20-6000-P,9944.37,68.09,0.0125,38.0,0.014,6.0,70.13,7.64572,-2.02057,-2.82094,3e-05,-0.06235
10401.24,BTC-26JUN20,1581850740618,open,1.69,0.0,1.6415,1.77,1.70029066,85.54,None,0.0,BTC-26JUN20-28000-P,9944.37,0.0,0.0,0.0,0.0,0.0,0.0,6.08861,-1.98986,-98.96351,2e-05,-0.95324
10157.69,BTC-27MAR20,1581850740618,open,0.02,945.7,0.0085,0.041,0.02065925,62.99,0.0205,0.0,BTC-27MAR20-8500-P,9944.37,61.58,0.0195,60.1,0.0215,58.2,63.99,8.4497,-6.6735,-2.09977,0.00012,-0.16856
10644.41,SYN.BTC-25SEP20,1581850740618,open,0.01,388.6,0.0005,0.016,0.00625661,73.84,0.007,0.0,BTC-25SEP20-4000-P,9944.37,72.03,0.0055,20.0,0.007,551.3,75.51,4.59044,-0.76388,-1.91977,1e-05,-0.02341
10644.41,SYN.BTC-25SEP20,1581850740618,open,2.0,0.0,1.9555,2.1125,2.02608768,83.11,None,0.0,BTC-25SEP20-32000-P,9944.37,0.0,0.0005,1.0,0.0,0.0,0.0,12.86931,-2.41022,-190.32878,2e-05,-0.91539
10007.89,SYN.BTC-28FEB20,1581850740618,open,0.21,273.0,0.185,0.222,0.20264373,72.1,0.2325,0.0,BTC-28FEB20-8000-C,9944.37,0.0,0.1885,6.0,0.22,6.0,131.07,1.45937,-4.43034,2.4759,6e-05,0.96301
10007.89,SYN.BTC-28FEB20,1581850740618,open,0.16,370.6,0.135,0.1765,0.15468903,65.0,0.155,0.0,BTC-28FEB20-8500-C,9944.37,0.0,0.1505,6.1,0.175,6.0,116.86,2.51132,-6.87234,2.51377,0.00012,0.92669
10007.89,SYN.BTC-28FEB20,1581850740618,open,0.25,7.0,0.2255,0.2835,0.25223473,75.27,0.254,0.0,BTC-28FEB20-12500-P,9944.37,0.0,0.0,0.0,0.0,0.0,0.0,2.10068,-6.6576,-3.88787,9e-05,-0.94176
10644.41,SYN.BTC-25SEP20,1581850740618,open,0.29,242.3,0.2465,0.361,0.29817483,70.13,0.289,0.0,BTC-25SEP20-12000-P,9944.37,68.14,0.292,0.1,0.299,4.6,70.39,33.06006,-5.22458,-50.24915,7e-05,-0.47841
10644.41,SYN.BTC-25SEP20,1581850740618,open,0.92,0.1,0.876,1.0125,0.93693277,75.96,1.21,0.0,BTC-25SEP20-20000-P,9944.37,0.0,0.0005,1.0,1.0,1.0,100.06,24.63761,-4.21752,-111.02896,5e-05,-0.77899
10007.89,SYN.BTC-28FEB20,1581850740618,open,0.01,502.1,0.0005,0.0245,0.0083017,67.66,0.0085,0.0,BTC-28FEB20-11500-C,9944.37,66.91,0.008,1.0,0.0085,29.7,68.15,4.02951,-11.47915,0.43077,0.00018,0.14059
10644.41,SYN.BTC-25SEP20,1581850740618,open,0.59,1.9,0.541,0.6715,0.59973173,73.63,0.6255,0.0,BTC-25SEP20-16000-P,9944.37,0.0,0.0005,1.0,0.655,0.5,92.3,30.27611,-5.02351,-81.75854,6e-05,-0.66382
10157.69,BTC-27MAR20,1581850740620,open,0.19,84.8,0.16,0.2105,0.18384905,62.98,0.2235,0.0,BTC-27MAR20-8500-C,9944.37,0.0,0.1595,7.0,0.2105,7.0,91.6,8.44903,-6.67224,7.18664,0.00012,0.83146
10157.69,BTC-27MAR20,1581850740620,open,0.61,41.5,0.5965,0.616,0.6062235,82.54,0.6085,0.0,BTC-27MAR20-4000-C,9944.37,0.0,0.5995,10.0,0.6145,10.0,176.48,0.02435,-0.0252,4.36767,0.0,0.99981
10644.41,SYN.BTC-25SEP20,1581850740620,open,0.01,446.4,0.004,0.029,0.01354843,69.65,0.0125,0.0,BTC-25SEP20-5000-P,9944.37,68.28,0.0125,26.0,0.0145,6.0,70.85,8.30659,-1.30375,-3.99277,2e-05,-0.04816
10401.24,BTC-26JUN20,1581850740637,open,0.0,330.6,0.0005,0.0105,0.00091107,88.84,0.001,0.0,BTC-26JUN20-3000-P,9944.37,82.65,0.0005,38.0,0.0015,25.0,94.95,0.83917,-0.28483,-0.20625,0.0,-0.00462
10644.41,SYN.BTC-25SEP20,1581850740640,open,0.75,0.2,0.705,0.839,0.76494762,74.73,1.02,0.0,BTC-25SEP20-18000-P,9944.37,0.0,0.0005,1.0,0.815,0.3,92.83,27.48246,-4.6282,-96.67729,5e-05,-0.72917
10007.89,SYN.BTC-28FEB20,1581850740640,open,0.0,278.7,0.0005,0.0105,1.99e-06,87.36,0.001,0.0,BTC-28FEB20-5500-P,9944.37,0.0,0.0,0.0,0.0005,30.2,138.29,0.00391,-0.01438,-0.00018,0.0,-5e-05
10007.89,SYN.BTC-28FEB20,1581850740640,open,0.15,0.3,0.1305,0.189,0.15739896,67.67,0.1175,0.0,BTC-28FEB20-11500-P,9944.37,0.0,0.0,0.0,0.0,0.0,0.0,4.03023,-11.48277,-3.31078,0.00018,-0.85937
10644.41,SYN.BTC-25SEP20,1581850740640,open,0.43,96.1,0.387,0.5125,0.44368584,72.42,0.42,0.0,BTC-25SEP20-14000-P,9944.37,0.0,0.001,1.0,0.449,0.5,74.16,32.43353,-5.29329,-66.26493,7e-05,-0.58042
10401.24,BTC-26JUN20,1581850740644,open,0.53,0.0,0.512,0.542,0.52528058,73.54,None,0.0,BTC-26JUN20-5000-C,9944.37,52.39,0.52,7.0,0.5395,7.0,98.21,4.21595,-1.1845,16.5928,1e-05,0.97019
10157.69,BTC-27MAR20,1581850740644,open,0.0,37.1,0.0005,0.0105,8.339e-05,83.53,0.001,0.0,BTC-27MAR20-4500-P,9944.37,0.0,0.0,0.0,0.001,40.0,109.38,0.11426,-0.11968,-0.01215,0.0,-0.00101
10157.69,BTC-27MAR20,1581850740644,open,0.0,154.2,0.0005,0.0105,0.00019615,107.59,0.001,0.0,BTC-27MAR20-30000-C,9944.37,0.0,0.0,0.0,0.001,40.1,125.63,0.21951,-0.29615,0.02078,0.0,0.00207
10157.69,BTC-27MAR20,1581850740644,open,2.53,0.0,2.475,2.617,2.54416792,111.94,None,0.0,BTC-27MAR20-36000-P,9944.37,0.0,0.0005,1.0,0.0,0.0,0.0,0.07156,-0.10044,-39.32331,0.0,-0.99939
10007.89,SYN.BTC-28FEB20,1581850740644,open,0.07,241.9,0.0485,0.104,0.07416784,61.63,0.071,0.0,BTC-28FEB20-10500-P,9944.37,56.11,0.0705,3.0,0.0755,3.0,63.61,6.70971,-17.41096,-2.347,0.00033,-0.64661
10007.89,SYN.BTC-28FEB20,1581850740644,open,0.11,305.9,0.0875,0.1335,0.109562,59.98,0.112,0.0,BTC-28FEB20-9000-C,9944.37,38.42,0.1025,6.0,0.1345,6.0,107.71,4.21444,-10.64331,2.41005,0.00022,0.84971
10401.24,BTC-26JUN20,1581850740646,open,0.02,1173.3,0.0085,0.053,0.02368684,78.31,0.025,0.0,BTC-26JUN20-20000-C,9944.37,77.33,0.0225,6.0,0.025,46.0,79.38,12.68318,-3.79475,3.70696,4e-05,0.12308
10644.41,SYN.BTC-25SEP20,1581850740646,open,0.02,256.6,0.006,0.0485,0.01919061,82.59,0.0205,0.0,BTC-25SEP20-32000-C,9944.37,81.57,0.018,36.0,0.0205,28.9,83.67,12.64475,-2.35332,4.10601,2e-05,0.08265
10401.24,BTC-26JUN20,1581850740649,open,0.01,450.0,0.0005,0.016,0.00601006,73.58,0.006,0.0,BTC-26JUN20-5000-P,9944.37,72.3,0.0055,41.0,0.0065,16.0,74.77,4.22269,-1.18709,-1.33817,1e-05,-0.02987
10007.89,SYN.BTC-28FEB20,1581850740649,open,0.0,489.4,0.0005,0.014,0.00321597,75.25,0.003,0.0,BTC-28FEB20-12500-C,9944.37,74.21,0.003,1.0,0.0035,60.0,76.58,2.09924,-6.6513,0.17899,9e-05,0.05819
10157.69,BTC-27MAR20,1581850740651,open,0.51,27.1,0.498,0.519,0.50806839,83.36,0.4665,0.0,BTC-27MAR20-5000-C,9944.37,0.0,0.501,9.0,0.5175,9.0,143.7,0.34026,-0.35564,5.42173,0.0,0.99664
10157.69,BTC-27MAR20,1581850740651,open,0.0,898.4,0.0005,0.0105,9.39e-06,107.59,0.0005,0.0,BTC-27MAR20-40000-C,9944.37,0.0,0.0,0.0,0.0005,19.0,143.1,0.01556,-0.02099,0.00121,0.0,0.00012
10157.69,BTC-27MAR20,1581850740651,open,0.21,309.9,0.18,0.253,0.21356335,67.81,0.2055,0.0,BTC-27MAR20-12000-P,9944.37,63.51,0.209,3.0,0.215,0.1,69.14,10.97245,-9.32997,-10.53918,0.00014,-0.73616
10401.24,BTC-26JUN20,1581850740653,open,0.05,324.0,0.0235,0.086,0.04814397,74.33,0.0475,0.0,BTC-26JUN20-16000-C,9944.37,73.41,0.0465,27.9,0.05,27.9,75.35,18.82471,-5.3455,6.71184,7e-05,0.22811
10157.69,BTC-27MAR20,1581850740665,open,2.34,0.0,2.282,2.4165,2.34729699,110.29,None,0.0,BTC-27MAR20-34000-P,9944.37,0.0,0.0005,1.0,0.0,0.0,0.0,0.09932,-0.13735,-37.13572,0.0,-0.99913
10401.24,BTC-26JUN20,1581850740665,open,1.5,0.0,1.454,1.5775,1.51001008,83.73,None,0.0,BTC-26JUN20-26000-P,9944.37,0.0,0.0,0.0,0.0,0.0,0.0,7.16901,-2.29318,-91.46899,2e-05,-0.94257
10157.69,BTC-27MAR20,1581850740665,open,1.36,0.0,1.317,1.4155,1.36365877,102.51,None,0.0,BTC-27MAR20-24000-P,9944.37,0.0,0.0095,1.0,0.0,0.0,0.0,0.81077,-1.0421,-26.13067,1e-05,-0.99107
10401.24,BTC-26JUN20,1581850740665,open,1.31,0.0,1.267,1.386,1.3204989,81.8,None,0.0,BTC-26JUN20-24000-P,9944.37,0.0,0.0,0.0,0.0,0.0,0.0,8.53376,-2.66703,-83.8627,3e-05,-0.92813
10007.89,SYN.BTC-28FEB20,1581850740665,open,0.0,894.0,0.0005,0.012,0.00222174,79.7,0.003,0.0,BTC-28FEB20-13000-C,9944.37,78.23,0.002,21.0,0.0025,60.0,81.42,1.56375,-5.24714,0.12385,6e-05,0.04026
10157.69,BTC-27MAR20,1581850740667,open,0.37,0.0,0.348,0.379,0.36256947,73.35,None,0.0,BTC-27MAR20-6500-C,9944.37,0.0,0.351,7.0,0.377,7.0,113.36,1.95198,-1.79527,6.79794,2e-05,0.97516
10157.69,BTC-27MAR20,1581850740667,open,0.96,5.3,0.931,1.0175,0.97119946,94.11,0.907,0.0,BTC-27MAR20-20000-P,9944.37,0.0,0.0005,1.0,0.0,0.0,0.0,1.7323,-2.04415,-21.63539,2e-05,-0.97844
10157.69,BTC-27MAR20,1581850740680,open,0.0,1389.6,0.0005,0.0105,1.653e-05,83.59,0.0005,0.0,BTC-27MAR20-4000-P,9944.37,0.0,0.0,0.0,0.0005,19.0,113.81,0.02816,-0.02952,-0.00266,0.0,-0.00022
10157.69,BTC-27MAR20,1581850740680,open,0.0,221.1,0.0005,0.0105,5.62e-05,107.59,0.0005,0.0,BTC-27MAR20-34000-C,9944.37,0.0,0.0,0.0,0.001,48.1,137.68,0.07521,-0.10147,0.0065,0.0,0.00064
10157.69,BTC-27MAR20,1581850740680,open,0.0,267.1,0.0005,0.0105,0.00010439,107.59,0.0005,0.0,BTC-27MAR20-32000-C,9944.37,0.0,0.0,0.0,0.001,40.0,131.87,0.12833,-0.17312,0.01158,0.0,0.00115
10157.69,BTC-27MAR20,1581850740683,open,0.46,18.4,0.448,0.4725,0.45944739,83.33,0.436,0.0,BTC-27MAR20-5500-C,9944.37,0.0,0.451,8.0,0.47,8.0,132.12,0.81716,-0.85384,5.89855,1e-05,0.99099
10157.69,BTC-27MAR20,1581850740723,open,0.01,1177.1,0.0025,0.028,0.01227882,64.26,0.0115,0.0,BTC-27MAR20-8000-P,9944.37,62.98,0.0115,67.0,0.013,24.0,65.41,6.28243,-5.06192,-1.34869,9e-05,-0.10926
10401.24,BTC-26JUN20,1581850740723,open,0.01,501.1,0.0005,0.02,0.00546917,88.38,0.0055,0.0,BTC-26JUN20-32000-C,9944.37,87.24,0.005,27.0,0.006,6.0,89.59,4.41429,-1.49043,0.97138,1e-05,0.03152
10401.24,BTC-26JUN20,1581850740723,open,2.07,0.0,2.0175,2.1575,2.08213783,88.64,None,0.0,BTC-26JUN20-32000-P,9944.37,0.0,0.0005,0.1,0.0,0.0,0.0,4.47275,-1.51467,-113.75428,1e-05,-0.96798
10644.41,SYN.BTC-25SEP20,1581850740723,open,0.04,66.9,0.016,0.077,0.03784186,78.35,0.0425,0.0,BTC-25SEP20-24000-C,9944.37,77.61,0.0365,19.7,0.0395,25.7,79.24,19.56969,-3.45529,7.42332,4e-05,0.15257
10644.41,SYN.BTC-25SEP20,1581850740723,open,0.03,249.6,0.0145,0.0535,0.02919746,69.18,0.028,0.0,BTC-25SEP20-6000-P,9944.37,67.04,0.0265,20.0,0.029,26.0,69.03,13.62605,-2.12433,-7.79967,3e-05,-0.09134
10157.69,BTC-27MAR20,1581850740725,open,0.27,7.3,0.25,0.2905,0.26902618,66.91,0.2695,0.0,BTC-27MAR20-7500-C,9944.37,0.0,0.2615,7.1,0.2885,7.0,99.29,4.46537,-3.74617,7.34441,6e-05,0.93086
10007.89,SYN.BTC-28FEB20,1581850740727,open,0.0,248.8,0.0005,0.0105,2e-07,89.41,0.0005,0.0,BTC-28FEB20-5000-P,9944.37,0.0,0.0,0.0,0.0005,30.6,158.42,0.00048,-0.00182,-2e-05,0.0,-1e-05
10157.69,BTC-27MAR20,1581850740735,open,0.0,311.9,0.0005,0.011,0.00143621,98.85,0.0015,0.0,BTC-27MAR20-22000-C,9944.37,94.64,0.001,75.5,0.002,64.0,103.15,1.18623,-1.47038,0.13763,1e-05,0.01384
10401.24,BTC-26JUN20,1581850740737,open,0.0,436.2,0.0005,0.012,0.00247742,79.88,0.0035,0.0,BTC-26JUN20-4000-P,9944.37,77.28,0.002,40.0,0.003,41.0,82.4,2.03556,-0.62123,-0.56398,1e-05,-0.01264
10401.24,BTC-26JUN20,1581850740739,open,0.36,125.9,0.3305,0.384,0.35493551,67.16,0.3905,0.0,BTC-26JUN20-7000-C,9944.37,44.39,0.3335,6.0,0.3655,16.0,75.64,12.30028,-3.15582,19.66287,5e-05,0.88216
10157.69,BTC-27MAR20,1581850740739,open,0.01,2036.9,0.0005,0.02,0.00624217,81.24,0.0065,0.0,BTC-27MAR20-16000-C,9944.37,80.62,0.006,11.0,0.0065,24.0,81.89,3.98102,-4.0555,0.59265,4e-05,0.05965
10401.24,BTC-26JUN20,1581850740750,open,0.01,230.1,0.0005,0.026,0.00820558,85.38,0.0095,0.0,BTC-26JUN20-28000-C,9944.37,84.13,0.0075,40.0,0.009,31.0,86.7,6.04457,-1.97157,1.42225,2e-05,0.04634
10007.89,SYN.BTC-28FEB20,1581850740752,open,0.07,390.1,0.0475,0.096,0.07060253,57.41,0.077,0.0,BTC-28FEB20-9500-C,9944.37,0.0,0.0465,7.0,0.0865,7.0,82.23,6.17482,-14.92628,2.08345,0.00033,0.71045
10007.89,SYN.BTC-28FEB20,1581850740756,open,0.11,17.5,0.086,0.144,0.11316929,63.96,0.1095,0.0,BTC-28FEB20-11000-P,9944.37,52.66,0.1075,3.0,0.1145,3.0,66.4,5.38851,-14.51016,-2.89811,0.00026,-0.77686
10157.69,BTC-27MAR20,1581850740760,open,0.77,0.0,0.7385,0.82,0.77580281,88.73,1.23,0.0,BTC-27MAR20-18000-P,9944.37,0.0,0.0125,1.0,0.0,0.0,0.0,2.63075,-2.92697,-19.31123,3e-05,-0.9644
10401.24,BTC-26JUN20,1581850740766,open,0.01,567.9,0.003,0.035,0.01299741,81.7,0.013,0.0,BTC-26JUN20-24000-C,9944.37,80.45,0.012,31.0,0.014,31.0,82.9,8.50311,-2.65411,2.18315,3e-05,0.07153
10401.24,BTC-26JUN20,1581850740781,open,0.76,1.0,0.714,0.8255,0.76379347,76.38,0.9,0.0,BTC-26JUN20-18000-P,9944.37,0.0,0.001,2.0,1.0,1.0,185.23,15.51681,-4.52811,-59.5925,5e-05,-0.83407
10157.69,BTC-27MAR20,1581850740783,open,0.23,1026.9,0.2035,0.249,0.22469275,64.25,0.2345,0.0,BTC-27MAR20-8000-C,9944.37,0.0,0.2045,7.0,0.248,7.0,94.93,6.28135,-5.06036,7.39154,9e-05,0.89077
10157.69,BTC-27MAR20,1581850740783,open,0.0,1360.3,0.0005,0.0145,0.00475899,71.35,0.0045,0.0,BTC-27MAR20-7000-P,9944.37,70.51,0.0045,2.0,0.005,24.0,72.11,3.17561,-2.84113,-0.55087,4e-05,-0.04488
10401.24,BTC-26JUN20,1581850740783,open,1.12,0.0,1.0805,1.1965,1.1325012,80.11,None,0.0,BTC-26JUN20-22000-P,9944.37,0.0,0.001,2.0,2.21,1.0,500.0,10.37237,-3.17445,-76.05904,3e-05,-0.90689
10644.41,SYN.BTC-25SEP20,1581850740783,open,0.55,1.0,0.5275,0.5645,0.54372076,69.52,0.581,0.0,BTC-25SEP20-5000-C,9944.37,50.3,0.533,6.0,0.561,6.0,87.78,8.27875,-1.29704,26.42052,2e-05,0.95204
10007.89,SYN.BTC-28FEB20,1581850740783,open,0.0,1287.4,0.0005,0.015,0.00402179,65.01,0.004,0.0,BTC-28FEB20-8500-P,9944.37,62.86,0.0035,60.0,0.0045,2.0,66.86,2.51215,-6.87577,-0.25192,0.00012,-0.07334
10007.89,SYN.BTC-28FEB20,1581850740783,open,0.0,309.6,0.0005,0.0105,1.203e-05,84.48,0.0005,0.0,BTC-28FEB20-6000-P,9944.37,0.0,0.0,0.0,0.0005,0.5,119.82,0.01983,-0.07054,-0.00101,0.0,-0.0003
10644.41,SYN.BTC-25SEP20,1581850740786,open,0.47,1.0,0.4425,0.494,0.46540426,69.09,0.425,0.0,BTC-25SEP20-6000-C,9944.37,53.18,0.448,5.0,0.487,5.0,84.45,13.60698,-2.11855,28.69178,3e-05,0.90883
10157.69,BTC-27MAR20,1581850740796,open,0.0,530.5,0.0005,0.0105,0.00030968,83.46,0.001,0.0,BTC-27MAR20-5000-P,9944.37,0.0,0.0,0.0,0.001,40.2,96.29,0.34298,-0.35892,-0.04107,0.0,-0.00339
10157.69,BTC-27MAR20,1581850740796,open,2.14,0.0,2.0885,2.216,2.15044867,109.18,None,0.0,BTC-27MAR20-32000-P,9944.37,0.0,0.0005,1.0,0.0,0.0,0.0,0.14912,-0.20416,-34.9459,0.0,-0.99865
10007.89,SYN.BTC-28FEB20,1581850740796,open,0.35,15.3,0.3375,0.3635,0.35056633,81.16,0.301,0.0,BTC-28FEB20-6500-C,9944.37,0.0,0.35,0.1,0.3625,7.0,183.73,0.07504,-0.2564,2.11058,0.0,0.99874
10644.41,SYN.BTC-25SEP20,1581850740796,open,0.1,325.8,0.0585,0.148,0.0962832,73.52,0.093,0.0,BTC-25SEP20-16000-C,9944.37,73.24,0.0955,1.0,0.0975,4.9,73.95,30.25702,-5.01286,15.48712,6e-05,0.33563
10401.24,BTC-26JUN20,1581850740800,open,0.03,290.3,0.0135,0.052,0.02795678,67.18,0.026,0.0,BTC-26JUN20-7000-P,9944.37,65.93,0.0265,30.6,0.029,8.5,68.05,12.30381,-3.1577,-5.43928,5e-05,-0.11789
10157.69,BTC-27MAR20,1581850740800,open,2.92,1.4,2.861,3.0195,2.93793974,116.91,3.051,0.0,BTC-27MAR20-40000-P,9944.37,0.0,0.0005,1.0,0.0,0.0,0.0,0.04834,-0.07086,-43.69538,0.0,-0.9996
10644.41,SYN.BTC-25SEP20,1581850740800,open,0.4,5.2,0.366,0.432,0.39583986,69.11,0.392,0.0,BTC-25SEP20-7000-C,9944.37,51.15,0.3665,5.0,0.421,5.0,82.53,19.13293,-2.97975,29.54895,4e-05,0.85251
10644.41,SYN.BTC-25SEP20,1581850740802,open,2.37,0.0,2.3215,2.4885,2.39744433,85.26,None,0.0,BTC-25SEP20-36000-P,9944.37,0.0,0.001,0.1,0.0,0.0,0.0,10.73838,-2.06321,-215.51458,2e-05,-0.93328
10007.89,SYN.BTC-28FEB20,1581850740802,open,0.0,670.6,0.0005,0.0105,5.609e-05,81.44,0.0005,0.0,BTC-28FEB20-6500-P,9944.37,0.0,0.0,0.0,0.0005,0.5,102.72,0.07729,-0.26501,-0.00442,0.0,-0.0013
10007.89,SYN.BTC-28FEB20,1581850740804,open,0.5,0.6,0.4905,0.51,0.5003927,0.0,0.465,0.0,BTC-28FEB20-5000-C,9944.37,0.0,0.4935,8.0,0.509,8.0,251.43,0.0,0.0,1.62681,0.0,1.0
10644.41,SYN.BTC-25SEP20,1581850740804,open,0.01,116.4,0.0045,0.0405,0.01468513,84.55,0.015,0.0,BTC-25SEP20-36000-C,9944.37,83.85,0.014,20.0,0.0155,8.0,85.37,10.44974,-1.99114,3.21809,2e-05,0.06442
10157.69,BTC-27MAR20,1581850740806,open,0.58,21.2,0.5465,0.623,0.58141431,81.27,0.501,0.0,BTC-27MAR20-16000-P,9944.37,0.0,0.05,0.1,0.95,1.1,398.74,3.98488,-4.06081,-16.88641,4e-05,-0.94028
10157.69,BTC-27MAR20,1581850740806,open,0.0,1434.4,0.0005,0.011,0.00145006,77.66,0.0015,0.0,BTC-27MAR20-6000-P,9944.37,73.55,0.001,64.0,0.002,24.0,81.7,1.24612,-1.21345,-0.1787,1e-05,-0.01465
10157.69,BTC-27MAR20,1581850740809,open,0.15,1842.6,0.122,0.177,0.1479396,62.98,0.163,0.0,BTC-27MAR20-9000-C,9944.37,30.85,0.1195,7.0,0.158,7.1,72.43,10.59026,-8.36304,6.71943,0.00015,0.75345
10401.24,BTC-26JUN20,1581850740819,open,0.05,358.1,0.031,0.0865,0.05397644,67.18,0.054,0.0,BTC-26JUN20-8000-P,9944.37,65.37,0.051,27.0,0.054,5.9,67.19,17.25982,-4.42962,-9.34703,7e-05,-0.19665
10007.89,SYN.BTC-28FEB20,1581850740819,open,0.3,0.0,0.274,0.333,0.30120125,79.72,None,0.0,BTC-28FEB20-13000-P,9944.37,0.0,0.0055,0.1,0.0,0.0,0.0,1.56551,-5.25481,-4.10568,6e-05,-0.95969
10644.41,SYN.BTC-25SEP20,1581850740819,open,0.29,123.1,0.2425,0.3295,0.28244793,69.13,0.2745,0.0,BTC-25SEP20-9000-C,9944.37,63.43,0.2675,13.0,0.2915,13.0,72.57,27.96921,-4.35705,28.26821,6e-05,0.71933
10007.89,SYN.BTC-28FEB20,1581850740819,open,0.0,789.7,0.0005,0.0105,0.00023816,79.23,0.0005,0.0,BTC-28FEB20-7000-P,9944.37,0.0,0.0,0.0,0.001,30.5,95.57,0.26318,-0.87793,-0.01721,1e-05,-0.00505
267.98,SYN.ETH-21FEB20,1581850740858,open,0.03,989.0,0.008,0.066,0.032945,101.92,0.03,0.0,ETH-21FEB20-260-P,267.07,93.01,0.029,511.0,0.035,240.0,106.71,0.11756,-1.2287,-0.01464,0.01203,-0.37622
267.97,SYN.ETH-21FEB20,1581850740878,open,0.05,1441.0,0.013,0.077,0.04344,101.88,0.059,0.0,ETH-21FEB20-270-C,267.07,98.76,0.042,180.0,0.049,427.0,113.94,0.12356,-1.29092,0.01627,0.01264,0.49795
269.28,SYN.ETH-28FEB20,1581850740880,open,0.07,3027.0,0.025,0.093,0.057262,103.09,0.063,0.0,ETH-28FEB20-280-C,267.07,98.47,0.054,439.0,0.061,260.0,108.27,0.19245,-0.83528,0.03471,0.00791,0.45342
269.27,SYN.ETH-28FEB20,1581850741121,open,0.14,103.0,0.106,0.2,0.151821,108.74,0.109,0.0,ETH-28FEB20-300-P,267.07,0.0,0.001,1.0,0.0,0.0,0.0,0.17487,-0.80059,-0.07241,0.00682,-0.67471
269.27,SYN.ETH-28FEB20,1581850741121,open,0.17,1.0,0.136,0.232,0.182332,112.06,0.162,0.0,ETH-28FEB20-310-P,267.07,0.0,0.001,1.0,0.0,0.0,0.0,0.16225,-0.76551,-0.07943,0.00614,-0.72436
269.27,SYN.ETH-28FEB20,1581850741121,open,0.03,3918.0,0.008,0.062,0.0311,112.12,0.037,0.0,ETH-28FEB20-310-C,267.07,108.61,0.029,240.0,0.034,523.0,116.89,0.16229,-0.76615,0.02144,0.00614,0.2758
269.27,SYN.ETH-28FEB20,1581850741121,open,0.04,1818.0,0.012,0.071,0.037726,108.79,0.044,0.0,ETH-28FEB20-300-C,267.07,104.57,0.035,240.0,0.041,516.0,113.8,0.1749,-0.80113,0.0252,0.00681,0.32541
9954.4,SYN.BTC-18FEB20,1581850741198,open,0.1,0.0005,0.0135,0.001951,52.95,0.002,0.0,BTC-18FEB20-9500-P,9944.37,49.31,0.0015,2.0,0.0025,55.0,56.92,1.30337,-18.39526,-0.05504,0.00048,-0.10565
9954.4,SYN.BTC-18FEB20,1581850741198,open,2.1,0.0005,0.0155,0.00264603,46.29,0.002,0.0,BTC-18FEB20-9625-P,9944.37,42.26,0.002,24.0,0.003,2.0,48.35,1.67369,-20.652,-0.07877,0.00071,-0.15134
9954.4,SYN.BTC-18FEB20,1581850741204,open,0.0,0.0005,0.0105,0.00073246,53.61,None,0.0,BTC-18FEB20-10625-C,9944.37,49.93,0.0005,0.2,0.001,0.1,57.1,0.69752,-7.29118,0.02354,0.00026,0.04676
9954.4,SYN.BTC-18FEB20,1581850741204,open,0.0,0.059,0.105,0.08062541,60.71,None,0.0,BTC-18FEB20-10750-P,9944.37,0.0,0.075,1.0,0.084,1.0,91.7,0.62091,-10.04764,-0.53208,0.0002,-0.95952
9954.4,SYN.BTC-18FEB20,1581850741204,open,0.0,0.0465,0.0915,0.06809992,53.62,None,0.0,BTC-18FEB20-10625-P,9944.37,0.0,0.063,1.0,0.072,1.0,85.31,0.6978,-9.97372,-0.52245,0.00026,-0.95322
269.27,SYN.ETH-28FEB20,1581850741548,open,0.07,173.0,0.036,0.111,0.071701,97.73,0.069,0.0,ETH-28FEB20-270-P,267.07,92.58,0.068,180.0,0.075,180.0,102.33,0.19325,-0.79521,-0.04755,0.00838,-0.47101
269.27,SYN.ETH-28FEB20,1581850741548,open,0.11,101.0,0.08,0.17,0.124217,107.12,0.103,0.0,ETH-28FEB20-290-P,267.07,0.0,0.001,1.0,0.0,0.0,0.0,0.18593,-0.83853,-0.06459,0.00736,-0.61306
269.27,SYN.ETH-28FEB20,1581850741548,open,0.08,461.0,0.034,0.105,0.069016,97.78,0.085,0.0,ETH-28FEB20-270-C,267.07,96.36,0.068,429.0,0.075,180.0,106.12,0.19325,-0.79559,0.0403,0.00838,0.52901
269.27,SYN.ETH-28FEB20,1581850741548,open,0.05,521.0,0.022,0.09,0.053343,97.98,0.045,0.0,ETH-28FEB20-260-P,267.07,91.68,0.049,240.0,0.055,50.0,100.38,0.18597,-0.76716,-0.0386,0.00805,-0.38723
269.27,SYN.ETH-28FEB20,1581850741548,open,0.09,237.0,0.056,0.14,0.097084,103.01,0.086,0.0,ETH-28FEB20-280-P,267.07,94.49,0.091,180.0,0.098,180.0,104.29,0.19243,-0.83461,-0.05641,0.00792,-0.54674
269.27,SYN.ETH-28FEB20,1581850741548,open,0.05,845.0,0.017,0.082,0.047259,107.17,0.052,0.0,ETH-28FEB20-290-C,267.07,106.79,0.047,5.0,0.049,240.0,109.68,0.18594,-0.83899,0.02977,0.00736,0.38703
274.44,ETH-27MAR20,1581850741690,open,0.47,5.0,0.432,0.553,0.489547,108.1,0.51,0.0,ETH-27MAR20-400-P,267.07,0.0,0.0,0.0,0.971,1.0,500.0,0.24661,-0.33426,-0.38946,0.00277,-0.80942
267.97,SYN.ETH-21FEB20,1581850741806,open,0.0,23.0,0.001,0.011,1e-06,102.64,0.001,0.0,ETH-21FEB20-170-P,267.07,0.0,0.0,0.0,0.001,49.0,184.64,6e-05,-0.00037,0.0,1e-05,-5e-05
267.97,SYN.ETH-21FEB20,1581850741806,open,0.0,193.0,0.001,0.011,0.000759,102.48,0.001,0.0,ETH-21FEB20-210-P,267.07,0.0,0.0,0.0,0.004,346.0,139.03,0.01313,-0.13798,-0.00064,0.00134,-0.01711
267.97,SYN.ETH-21FEB20,1581850741806,open,0.12,259.0,0.081,0.147,0.114893,102.06,0.124,0.0,ETH-21FEB20-240-C,267.07,0.0,0.096,16.0,0.142,16.0,181.49,0.07542,-0.78943,0.02595,0.0077,0.83978
267.97,SYN.ETH-21FEB20,1581850741806,open,0.0,247.0,0.001,0.011,0.000226,102.55,0.001,0.0,ETH-21FEB20-200-P,267.07,0.0,0.0,0.0,0.001,10.0,125.22,0.00506,-0.05324,-0.00021,0.00051,-0.00574
267.97,SYN.ETH-21FEB20,1581850741806,open,0.41,0.0,0.385,0.421,0.402932,129.45,None,0.0,ETH-21FEB20-160-C,267.07,0.0,0.396,19.0,0.418,19.0,351.78,0.00025,-0.00333,0.02136,2e-05,0.99979
267.97,SYN.ETH-21FEB20,1581850741806,open,0.0,884.0,0.001,0.012,0.002116,102.33,0.006,0.0,ETH-21FEB20-220-P,267.07,89.26,0.001,44.0,0.003,300.0,110.05,0.02781,-0.29185,-0.00158,0.00283,-0.04208
267.97,SYN.ETH-21FEB20,1581850741806,open,0.3,47.0,0.27,0.312,0.291035,104.16,0.321,0.0,ETH-21FEB20-190-C,267.07,0.0,0.282,17.0,0.31,17.0,275.71,0.00176,-0.01877,0.02531,0.00018,0.99823
267.97,SYN.ETH-21FEB20,1581850741806,open,0.0,915.0,0.001,0.021,0.005011,102.02,0.008,0.0,ETH-21FEB20-230-P,267.07,89.81,0.003,620.0,0.006,300.0,107.18,0.04935,-0.51631,-0.00332,0.00504,-0.08773
267.97,SYN.ETH-21FEB20,1581850741810,open,0.0,741.0,0.001,0.011,0.0,102.66,0.001,0.0,ETH-21FEB20-160-P,267.07,0.0,0.0,0.0,0.001,1.0,206.46,1e-05,-4e-05,0.0,0.0,-1e-05
267.97,SYN.ETH-21FEB20,1581850741810,open,0.19,835.0,0.154,0.209,0.181147,102.44,0.195,0.0,ETH-21FEB20-220-C,267.07,0.0,0.169,16.0,0.205,16.0,210.82,0.02789,-0.29302,0.0278,0.00284,0.95776
267.97,SYN.ETH-21FEB20,1581850741810,open,0.0,355.0,0.001,0.011,1e-05,102.61,0.001,0.0,ETH-21FEB20-180-P,267.07,0.0,0.0,0.0,0.001,5.0,163.93,0.00036,-0.00268,-1e-05,4e-05,-0.00032
267.97,SYN.ETH-21FEB20,1581850741810,open,0.34,14.0,0.308,0.348,0.328308,107.75,0.35,0.0,ETH-21FEB20-180-C,267.07,0.0,0.32,18.0,0.345,18.0,295.57,0.00061,-0.00678,0.02402,6e-05,0.99944
267.97,SYN.ETH-21FEB20,1581850741810,open,0.1,188.0,0.051,0.121,0.086625,102.05,0.096,0.0,ETH-21FEB20-250-C,267.07,94.94,0.084,60.0,0.091,60.0,113.55,0.10019,-1.0485,0.02344,0.01023,0.74137
267.97,SYN.ETH-21FEB20,1581850741812,open,0.0,231.0,0.001,0.011,5.4e-05,102.58,0.002,0.0,ETH-21FEB20-190-P,267.07,0.0,0.0,0.0,0.001,5.0,144.17,0.00155,-0.01446,-6e-05,0.00016,-0.00154
267.97,SYN.ETH-21FEB20,1581850741812,open,0.26,2.0,0.231,0.277,0.25389,103.08,0.285,0.0,ETH-21FEB20-200-C,267.07,0.0,0.238,16.0,0.275,16.0,254.93,0.00522,-0.05522,0.02649,0.00053,0.99405
267.97,SYN.ETH-21FEB20,1581850741812,open,0.23,55.0,0.193,0.242,0.217107,102.69,0.201,0.0,ETH-21FEB20-210-C,267.07,0.0,0.2,16.0,0.24,16.0,233.3,0.01325,-0.13952,0.02741,0.00134,0.98271
267.97,SYN.ETH-21FEB20,1581850741812,open,0.16,227.0,0.117,0.177,0.146726,102.09,0.168,0.0,ETH-21FEB20-230-C,267.07,0.0,0.141,1.0,0.172,16.0,193.36,0.0494,-0.51718,0.0274,0.00504,0.91214
267.97,SYN.ETH-21FEB20,1581850741812,open,0.02,1008.0,0.003,0.047,0.019544,102.02,0.015,0.0,ETH-21FEB20-250-P,267.07,92.37,0.016,527.0,0.021,240.0,105.89,0.10018,-1.04803,-0.00996,0.01024,-0.25858
267.97,SYN.ETH-21FEB20,1581850741812,open,0.37,0.0,0.346,0.384,0.365616,116.54,None,0.0,ETH-21FEB20-170-C,267.07,0.0,0.358,18.0,0.382,18.0,326.13,0.00033,-0.0039,0.0227,3e-05,0.99972
9949.05,SYN.BTC-17FEB20,1581850741975,open,0.0,114.7,0.0005,0.011,0.00089008,44.74,0.001,0.0,BTC-17FEB20-10250-C,9944.37,39.09,0.0005,20.3,0.0015,30.0,51.58,0.7826,-8.85547,0.02095,0.00074,0.08866
9949.05,SYN.BTC-17FEB20,1581850741975,open,0.04,32.2,0.0135,0.0545,0.03386057,53.75,0.0355,0.0,BTC-17FEB20-9625-C,9944.37,0.0,0.031,1.0,0.0395,1.0,98.44,0.86701,-23.3028,0.20629,0.00068,0.89811
9949.05,SYN.BTC-17FEB20,1581850741975,open,0.01,153.2,0.0005,0.032,0.01095193,41.53,0.0082,0.0,BTC-17FEB20-10000-P,9944.37,31.14,0.009,21.0,0.0115,18.0,44.41,1.88852,-39.21823,-0.14468,0.00191,-0.59518
9949.05,SYN.BTC-17FEB20,1581850741979,open,0.03,3.8,0.0105,0.053,0.0311388,44.74,0.027,0.0,BTC-17FEB20-10250-P,9944.37,0.0,0.027,1.0,0.0355,1.0,80.87,0.78265,-17.50665,-0.22496,0.00074,-0.91133
9949.05,SYN.BTC-17FEB20,1581850741979,open,0.08,0.0,0.0595,0.1025,0.08050603,45.28,None,0.0,BTC-17FEB20-10750-P,9944.37,0.0,0.075,1.0,0.084,1.0,129.0,0.00456,-0.10331,-0.25785,0.0,-0.99975
9949.05,SYN.BTC-17FEB20,1581850741981,open,0.09,0.1,0.072,0.115,0.09306891,46.6,0.0595,0.0,BTC-17FEB20-10875-P,9944.37,0.0,0.0875,1.0,0.0965,1.0,141.72,0.00102,-0.02366,-0.2609,0.0,-0.99995
9949.05,SYN.BTC-17FEB20,1581850741981,open,0.05,0.0,0.035,0.077,0.05542917,44.89,None,0.0,BTC-17FEB20-10500-P,9944.37,0.0,0.0505,1.0,0.0595,1.0,105.94,0.09894,-2.22051,-0.25017,9e-05,-0.99267
284.89,ETH-26JUN20,1581850742264,open,0.04,0.0,0.012,0.072,0.035422,104.83,None,0.0,ETH-26JUN20-680-C,267.07,103.0,0.033,310.0,0.038,300.0,106.71,0.38307,-0.15341,0.1087,0.00126,0.14183
284.89,ETH-26JUN20,1581850742264,open,1.38,0.0,1.333,1.524,1.422476,104.95,None,0.0,ETH-26JUN20-680-P,267.07,0.0,0.0,0.0,0.0,0.0,0.0,0.38389,-0.15393,-2.32924,0.00126,-0.85771
293.39,SYN.ETH-25SEP20,1581850742264,open,0.07,174.0,0.029,0.119,0.06755,101.56,0.075,0.0,ETH-25SEP20-760-C,267.07,99.97,0.064,200.0,0.071,296.0,103.08,0.65943,-0.15093,0.25423,0.00124,0.2101
293.39,SYN.ETH-25SEP20,1581850742266,open,0.06,447.0,0.026,0.113,0.062843,102.64,0.065,0.0,ETH-25SEP20-800-C,267.07,97.93,0.053,322.0,0.074,297.0,107.64,0.63409,-0.14667,0.2388,0.00118,0.19674
293.39,SYN.ETH-25SEP20,1581850742266,open,1.62,0.0,1.549,1.779,1.658117,101.64,None,0.0,ETH-25SEP20-760-P,267.07,0.0,0.0,0.0,0.0,0.0,0.0,0.66011,-0.1512,-4.36532,0.00124,-0.78954
293.39,SYN.ETH-25SEP20,1581850742266,open,1.75,0.0,1.678,1.914,1.789755,102.73,None,0.0,ETH-25SEP20-800-P,267.07,0.0,0.0,0.0,0.0,0.0,0.0,0.63486,-0.14697,-4.62386,0.00118,-0.80287
267.97,SYN.ETH-21FEB20,1581850742859,open,0.09,718.0,0.063,0.147,0.103593,109.66,0.093,0.0,ETH-21FEB20-290-P,267.07,0.0,0.057,5.0,0.0,0.0,0.0,0.10563,-1.1878,-0.0292,0.01004,-0.71226
267.97,SYN.ETH-21FEB20,1581850742859,open,0.12,14.0,0.093,0.179,0.134393,113.24,0.082,0.0,ETH-21FEB20-300-P,267.07,0.0,0.081,1.0,0.0,0.0,0.0,0.08992,-1.04413,-0.03299,0.00828,-0.78735
9970.45,SYN.BTC-21FEB20,1581850742903,open,0.18,0.0,0.156,0.191,0.17292008,74.0,None,0.0,BTC-21FEB20-8250-C,9944.37,0.0,0.168,7.0,0.1805,7.0,136.11,0.35975,-2.73007,1.08558,4e-05,0.98801
9970.46,SYN.BTC-21FEB20,1581850742980,open,0.0,1107.9,0.0005,0.0185,0.00411903,57.38,0.004,0.0,BTC-21FEB20-9250-P,9944.37,54.65,0.0035,61.5,0.0045,50.1,58.97,2.33445,-13.73553,-0.1682,0.00031,-0.12217
9970.46,SYN.BTC-21FEB20,1581850742980,open,0.0,242.9,0.0005,0.0105,0.00013068,74.59,0.0005,0.0,BTC-21FEB20-8000-P,9944.37,0.0,0.0,0.0,0.001,62.1,98.02,0.15773,-1.20653,-0.00644,2e-05,-0.0047
9970.46,SYN.BTC-21FEB20,1581850742980,open,0.0,916.1,0.0005,0.013,0.00251385,63.08,0.002,0.0,BTC-21FEB20-9000-P,9944.37,59.76,0.002,60.0,0.003,30.6,65.94,1.62791,-10.53124,-0.10297,0.00019,-0.0748
9970.46,SYN.BTC-21FEB20,1581850742980,open,0.0,158.9,0.0005,0.0105,4.418e-05,75.6,0.0005,0.0,BTC-21FEB20-7750-P,9944.37,0.0,0.0,0.0,0.0005,30.0,99.28,0.06343,-0.44051,-0.00234,1e-05,-0.00171
9970.46,SYN.BTC-21FEB20,1581850742980,open,0.0,228.6,0.0005,0.0105,0.00036532,74.03,0.001,0.0,BTC-21FEB20-8250-P,9944.37,0.0,0.0,0.0,0.001,35.0,86.23,0.36031,-2.73528,-0.01649,4e-05,-0.01202
9970.46,SYN.BTC-21FEB20,1581850742983,open,0.1,80.2,0.08,0.1215,0.09984632,63.08,0.1115,0.0,BTC-21FEB20-9000-C,9944.37,0.0,0.097,1.0,0.106,1.0,90.72,1.62771,-10.52929,1.09927,0.00019,0.92521
9970.46,SYN.BTC-21FEB20,1581850742985,open,0.0,328.7,0.0005,0.0105,0.00093265,73.72,0.001,0.0,BTC-21FEB20-8500-P,9944.37,66.7,0.0005,78.0,0.0015,30.4,80.36,0.73439,-5.55196,-0.03817,8e-05,-0.02773
9970.46,SYN.BTC-21FEB20,1581850742985,open,0.0,401.6,0.0005,0.011,0.00147766,68.0,0.002,0.0,BTC-21FEB20-8750-P,9944.37,63.12,0.001,78.0,0.002,30.1,72.42,1.08256,-7.54918,-0.06124,0.00012,-0.0445
9970.46,SYN.BTC-21FEB20,1581850742986,open,0.22,0.1,0.207,0.2385,0.22274714,75.52,0.2215,0.0,BTC-21FEB20-7750-C,9944.37,0.0,0.2175,6.0,0.2315,7.0,173.51,0.06282,-0.48651,1.03294,1e-05,0.99831
9970.46,SYN.BTC-21FEB20,1581850742987,open,0.18,0.0,0.1555,0.2065,0.17938384,73.08,None,0.0,BTC-21FEB20-11750-P,9944.37,0.0,0.0,0.0,0.0,0.0,0.0,0.75316,-5.64452,-1.53271,8e-05,-0.97142
9970.46,SYN.BTC-21FEB20,1581850742987,open,0.15,0.0,0.131,0.182,0.15483521,70.67,None,0.0,BTC-21FEB20-11500-P,9944.37,0.0,0.0005,1.0,0.0,0.0,0.0,1.07196,-7.76903,-1.47953,0.00011,-0.95604
9970.46,SYN.BTC-21FEB20,1581850742987,open,0.0,231.6,0.0005,0.0105,0.0004604,73.07,0.0005,0.0,BTC-21FEB20-12000-C,9944.37,0.0,0.0,0.0,0.001,30.0,82.08,0.45414,-3.40306,0.02031,5e-05,0.01571
9970.46,SYN.BTC-21FEB20,1581850742987,open,0.15,0.1,0.1305,0.168,0.14841331,73.71,0.168,0.0,BTC-21FEB20-8500-C,9944.37,0.0,0.144,1.0,0.1555,7.0,120.39,0.7341,-5.54915,1.09728,7e-05,0.97229
9970.46,SYN.BTC-21FEB20,1581850742987,open,0.01,993.3,0.0005,0.028,0.00865193,56.94,0.0085,0.0,BTC-21FEB20-9500-P,9944.37,53.53,0.0075,29.6,0.0085,0.1,56.5,3.42477,-19.99789,-0.30644,0.00045,-0.22143
9970.46,SYN.BTC-21FEB20,1581850742989,open,0.04,67.1,0.0185,0.064,0.03849752,56.94,0.0425,0.0,BTC-21FEB20-9750-C,9944.37,54.61,0.0375,18.0,0.0405,1.0,61.57,4.28884,-25.04263,0.80818,0.00057,0.6453
9970.46,SYN.BTC-21FEB20,1581850742989,open,0.01,611.6,0.0005,0.02,0.00537963,61.11,0.006,0.0,BTC-21FEB20-10750-C,9944.37,59.69,0.005,24.0,0.006,0.1,63.35,2.70328,-16.94101,0.19446,0.00033,0.15138
9970.46,SYN.BTC-21FEB20,1581850742989,open,0.1,0.6,0.083,0.134,0.1067113,64.62,0.0952,0.0,BTC-21FEB20-11000-P,9944.37,0.0,0.1005,1.0,0.1105,1.0,80.28,2.03047,-13.45537,-1.34007,0.00024,-0.89945
9970.46,SYN.BTC-21FEB20,1581850742989,open,0.2,0.1,0.18,0.231,0.20401711,73.09,0.195,0.0,BTC-21FEB20-12000-P,9944.37,0.0,0.0005,10.0,0.0,0.0,0.0,0.45471,-3.40817,-1.58263,5e-05,-0.98426
9970.46,SYN.BTC-21FEB20,1581850742989,open,0.06,50.5,0.0345,0.0805,0.0558362,56.94,0.075,0.0,BTC-21FEB20-9500-C,9944.37,52.97,0.0545,1.0,0.0595,1.0,67.17,3.42471,-19.99683,0.96259,0.00045,0.77857
9970.46,SYN.BTC-21FEB20,1581850742989,open,0.03,630.2,0.01,0.054,0.02779674,56.94,0.025,0.0,BTC-21FEB20-10000-P,9944.37,51.96,0.0255,3.0,0.0265,1.0,54.13,4.5969,-26.84229,-0.70936,0.00061,-0.50481
9970.46,SYN.BTC-21FEB20,1581850742989,open,0.01,681.1,0.0005,0.027,0.00934935,59.88,0.011,0.0,BTC-21FEB20-10500-C,9944.37,57.48,0.0085,24.0,0.0105,50.5,63.05,3.56508,-21.89236,0.30438,0.00045,0.23789
9970.46,SYN.BTC-21FEB20,1581850742989,open,0.04,375.0,0.0215,0.0705,0.04386032,59.06,0.0415,0.0,BTC-21FEB20-10250-P,9944.37,51.15,0.0405,1.0,0.043,18.0,57.06,4.29155,-25.99193,-0.91702,0.00055,-0.64467
9970.46,SYN.BTC-21FEB20,1581850742989,open,0.02,380.5,0.003,0.037,0.01582229,59.06,0.017,0.0,BTC-21FEB20-10250-C,9944.37,57.14,0.015,0.2,0.017,58.4,61.78,4.29153,-25.99104,0.45217,0.00055,0.35533
9970.46,SYN.BTC-21FEB20,1581850742989,open,0.0,211.4,0.0005,0.0105,0.00090123,73.07,0.001,0.0,BTC-21FEB20-11750-C,9944.37,66.75,0.0005,106.5,0.0015,30.1,79.81,0.75272,-5.64041,0.03684,8e-05,0.02856
9970.46,SYN.BTC-21FEB20,1581850742991,open,0.0,256.7,0.0005,0.011,0.00142669,70.67,0.001,0.0,BTC-21FEB20-11500-C,9944.37,66.28,0.001,30.0,0.002,30.3,75.5,1.07161,-7.76561,0.05663,0.00011,0.04395
9970.46,SYN.BTC-21FEB20,1581850742991,open,0.03,173.8,0.0085,0.0495,0.02483281,56.94,0.0255,0.0,BTC-21FEB20-10000-C,9944.37,56.22,0.0245,1.0,0.0255,2.0,58.39,4.5969,-26.84153,0.62645,0.00061,0.49519
9970.46,SYN.BTC-21FEB20,1581850742993,open,0.06,94.0,0.0385,0.0895,0.06246147,59.88,0.067,0.0,BTC-21FEB20-10500-P,9944.37,44.65,0.0575,1.0,0.063,4.0,61.38,3.56515,-21.89355,-1.09821,0.00045,-0.76211
9970.46,SYN.BTC-21FEB20,1581850742993,open,0.08,10.6,0.0595,0.1105,0.08356585,61.11,0.0815,0.0,BTC-21FEB20-10750-P,9944.37,42.0,0.0795,3.0,0.0875,4.0,74.22,2.70343,-16.94271,-1.24152,0.00033,-0.84861
9970.46,SYN.BTC-21FEB20,1581850742993,open,0.0,752.9,0.0005,0.016,0.00345098,64.62,0.0035,0.0,BTC-21FEB20-11000-C,9944.37,62.33,0.003,0.1,0.004,30.9,67.22,2.03026,-13.45317,0.1293,0.00024,0.10054
9970.46,SYN.BTC-21FEB20,1581850742993,open,0.0,201.7,0.0005,0.0125,0.00221339,67.76,0.0025,0.0,BTC-21FEB20-11250-C,9944.37,66.29,0.002,2.0,0.0025,30.0,69.62,1.48652,-10.32892,0.08557,0.00017,0.06646
9970.46,SYN.BTC-21FEB20,1581850742995,open,0.13,0.0,0.107,0.158,0.1305478,67.76,None,0.0,BTC-21FEB20-11250-P,9944.37,0.0,0.1235,1.0,0.1345,1.0,87.79,1.4868,-10.33168,-1.41719,0.00017,-0.93352
9970.46,SYN.BTC-21FEB20,1581850742995,open,0.02,1341.7,0.004,0.0395,0.01638735,56.94,0.014,0.0,BTC-21FEB20-9750-P,9944.37,51.36,0.014,25.1,0.0155,1.0,54.87,4.28885,-25.04341,-0.49424,0.00057,-0.3547
267.97,SYN.ETH-21FEB20,1581850743018,open,0.0,703.0,0.001,0.018,0.003369,125.0,0.006,0.0,ETH-21FEB20-340-C,267.07,122.14,0.003,300.0,0.005,5.0,135.95,0.03571,-0.45778,0.00194,0.00298,0.05756
267.97,SYN.ETH-21FEB20,1581850743018,open,0.26,0.0,0.233,0.318,0.272157,124.92,None,0.0,ETH-21FEB20-340-P,267.07,0.0,0.0,0.0,0.0,0.0,0.0,0.03564,-0.45659,-0.04348,0.00297,-0.94258
267.97,SYN.ETH-21FEB20,1581850743018,open,0.19,0.0,0.161,0.249,0.202398,124.54,None,0.0,ETH-21FEB20-320-P,267.07,0.0,0.0,0.0,0.0,0.0,0.0,0.06299,-0.80454,-0.03864,0.00527,-0.87713
267.97,SYN.ETH-21FEB20,1581850743018,open,0.01,419.0,0.001,0.029,0.008245,124.59,0.012,0.0,ETH-21FEB20-320-C,267.07,123.54,0.008,25.0,0.009,300.0,127.74,0.06303,-0.8053,0.00411,0.00527,0.12297
267.97,SYN.ETH-21FEB20,1581850743020,open,0.01,487.0,0.001,0.033,0.010388,116.89,0.012,0.0,ETH-21FEB20-310-C,267.07,111.74,0.009,240.0,0.012,240.0,122.56,0.07413,-0.88857,0.00521,0.00661,0.15604
267.97,SYN.ETH-21FEB20,1581850743020,open,0.01,731.0,0.001,0.023,0.005291,124.65,0.006,0.0,ETH-21FEB20-330-C,267.07,116.95,0.004,600.0,0.007,300.0,133.52,0.04812,-0.61512,0.00285,0.00402,0.08483
267.97,SYN.ETH-21FEB20,1581850743020,open,0.29,0.0,0.269,0.354,0.308185,124.88,None,0.0,ETH-21FEB20-350-P,267.07,0.0,0.025,6.0,0.0,0.0,0.0,0.02543,-0.32561,-0.04548,0.00212,-0.96231
267.97,SYN.ETH-21FEB20,1581850743020,open,0.04,1039.0,0.018,0.088,0.051028,101.92,0.049,0.0,ETH-21FEB20-270-P,267.07,93.18,0.047,180.0,0.054,180.0,108.36,0.12356,-1.29135,-0.0198,0.01264,-0.50206
267.97,SYN.ETH-21FEB20,1581850743020,open,0.0,365.0,0.001,0.014,0.00208,125.0,0.005,0.0,ETH-21FEB20-350-C,267.07,124.15,0.002,344.0,0.004,10.0,141.45,0.02551,-0.32706,0.00128,0.00213,0.03785
267.97,SYN.ETH-21FEB20,1581850743020,open,0.22,0.0,0.197,0.283,0.236761,124.58,None,0.0,ETH-21FEB20-330-P,267.07,0.0,0.0,0.0,0.0,0.0,0.0,0.04807,-0.61416,-0.04124,0.00402,-0.91529
267.97,SYN.ETH-21FEB20,1581850743020,open,0.15,1.0,0.126,0.212,0.167224,116.85,0.131,0.0,ETH-21FEB20-310-P,267.07,0.0,0.01,1.0,0.0,0.0,0.0,0.0741,-0.88794,-0.0362,0.00661,-0.84405
9949.05,SYN.BTC-17FEB20,1581850743023,open,0.06,0.0,0.0385,0.077,0.05782386,54.93,None,0.0,BTC-17FEB20-9375-C,9944.37,0.0,0.055,1.0,0.063,1.0,125.57,0.16452,-4.51855,0.22176,0.00013,0.98687
9949.05,SYN.BTC-17FEB20,1581850743023,open,0.0,33.0,0.0005,0.0105,0.00012452,54.94,0.0005,0.0,BTC-17FEB20-9375-P,9944.37,0.0,0.0,0.0,0.0005,30.0,68.51,0.16462,-1.23887,-0.00317,0.00013,-0.01314
9970.46,SYN.BTC-21FEB20,1581850743038,open,0.25,0.0,0.2295,0.2805,0.25381279,73.13,None,0.0,BTC-21FEB20-12500-P,9944.37,0.0,0.0,0.0,0.0,0.0,0.0,0.14369,-1.07767,-1.66426,1e-05,-0.99576
9970.46,SYN.BTC-21FEB20,1581850743038,open,0.0,114.0,0.0005,0.0105,0.00010789,73.07,0.0005,0.0,BTC-21FEB20-12500-C,9944.37,0.0,0.0,0.0,0.0005,30.0,87.52,0.14282,-1.07018,0.00546,1e-05,0.00421
9970.46,SYN.BTC-21FEB20,1581850743050,open,0.23,0.0,0.205,0.2555,0.2288576,73.1,None,0.0,BTC-21FEB20-12250-P,9944.37,0.0,0.0,0.0,0.0,0.0,0.0,0.26139,-1.9596,-1.62559,3e-05,-0.99168
9970.46,SYN.BTC-21FEB20,1581850743050,open,0.0,208.7,0.0005,0.0105,0.00022679,73.07,0.0005,0.0,BTC-21FEB20-12250-C,9944.37,0.0,0.0,0.0,0.001,60.0,89.53,0.26068,-1.95336,0.01074,3e-05,0.00829
284.88,ETH-26JUN20,1581850743057,open,0.05,1941.0,0.018,0.087,0.046368,102.04,0.041,0.0,ETH-26JUN20-600-C,267.07,100.53,0.044,310.0,0.049,298.0,103.71,0.44839,-0.17481,0.13702,0.00151,0.1805
9949.05,SYN.BTC-17FEB20,1581850743178,open,0.0,5.2,0.0005,0.0105,2.861e-05,55.3,0.0005,0.0,BTC-17FEB20-9250-P,9944.37,0.0,0.0,0.0,0.0005,30.3,81.05,0.05032,-0.28467,-0.00083,4e-05,-0.00343
9949.05,SYN.BTC-17FEB20,1581850743178,open,0.07,0.0,0.0515,0.089,0.07029196,55.28,None,0.0,BTC-17FEB20-9250-C,9944.37,0.0,0.067,1.0,0.0755,1.0,143.26,0.05018,-1.38688,0.2211,4e-05,0.99658
10644.41,SYN.BTC-25SEP20,1581850743267,open,0.34,75.4,0.2995,0.377,0.33506216,69.12,0.33,0.0,BTC-25SEP20-8000-C,9944.37,63.33,0.322,5.0,0.345,13.0,73.54,24.05325,-3.74664,29.31229,5e-05,0.78797
10644.41,SYN.BTC-25SEP20,1581850743410,open,0.08,197.8,0.056,0.128,0.08663036,69.19,0.0795,0.0,BTC-25SEP20-8000-P,9944.37,66.0,0.0795,20.9,0.0835,4.9,67.78,24.05824,-3.75116,-19.33297,5e-05,-0.2121
10644.87,SYN.BTC-25SEP20,1581850743411,open,0.05,185.2,0.031,0.0865,0.05356521,69.17,0.047,0.0,BTC-25SEP20-7000-P,9944.37,66.04,0.048,24.4,0.0515,6.0,68.02,19.14131,-2.98374,-13.01542,4e-05,-0.14758
10644.87,SYN.BTC-25SEP20,1581850743411,open,0.12,570.5,0.0905,0.1765,0.12806511,69.17,0.12,0.0,BTC-25SEP20-9000-P,9944.37,66.48,0.121,0.1,0.125,4.9,68.01,27.96957,-4.36,-26.44754,6e-05,-0.28066
10007.91,SYN.BTC-28FEB20,1581850743419,open,0.0,466.4,0.0005,0.017,0.0045702,69.69,0.005,0.0,BTC-28FEB20-12000-C,9944.37,67.56,0.004,60.0,0.0055,63.0,72.89,2.77427,-8.14008,0.25734,0.00012,0.0836
10157.75,BTC-27MAR20,1581850743442,open,0.32,584.5,0.299,0.335,0.31562535,71.34,0.3545,0.0,BTC-27MAR20-7000-C,9944.37,0.0,0.301,7.0,0.332,7.0,105.78,3.17396,-2.83909,7.0969,4e-05,0.95515
10401.38,BTC-26JUN20,1581850743444,open,0.23,766.0,0.1905,0.266,0.22538004,67.17,0.224,0.0,BTC-26JUN20-9000-C,9944.37,64.77,0.2205,10.0,0.2295,11.0,69.18,21.23081,-5.44802,18.16998,8e-05,0.71257
10401.38,BTC-26JUN20,1581850743446,open,0.29,230.1,0.2545,0.3205,0.28482804,67.17,0.308,0.0,BTC-26JUN20-8000-C,9944.37,64.23,0.28,16.0,0.295,16.0,73.2,17.25859,-4.42865,19.33969,7e-05,0.80338
9949.05,SYN.BTC-17FEB20,1581850743461,open,0.0,6.0,0.0005,0.0105,5.22e-06,55.53,0.0005,0.0,BTC-17FEB20-9125-P,9944.37,0.0,0.0,0.0,0.0005,30.0,93.49,0.0119,-0.05192,-0.00017,1e-05,-0.00071
274.43,ETH-27MAR20,1581850743531,open,0.34,7.0,0.302,0.419,0.358708,103.18,1.702,0.0,ETH-27MAR20-360-P,267.07,0.0,0.01,30.0,0.847,1.0,500.0,0.29761,-0.38504,-0.32764,0.00351,-0.73411
274.43,ETH-27MAR20,1581850743533,open,0.13,1063.0,0.091,0.183,0.135791,94.52,0.127,0.0,ETH-27MAR20-280-P,267.07,90.87,0.131,626.0,0.14,174.0,97.72,0.36034,-0.42706,-0.17964,0.00463,-0.4634
274.43,ETH-27MAR20,1581850743533,open,0.6,0.0,0.567,0.693,0.626187,112.87,None,0.0,ETH-27MAR20-440-P,267.07,0.0,0.003,50.0,1.096,1.0,500.0,0.20221,-0.28618,-0.44548,0.00218,-0.85968
274.43,ETH-27MAR20,1581850743540,open,0.23,48.0,0.186,0.294,0.238823,98.99,0.185,0.0,ETH-27MAR20-320-P,267.07,0.0,0.15,5.0,0.726,1.0,500.0,0.34532,-0.42861,-0.25754,0.00424,-0.62018
274.43,ETH-27MAR20,1581850743540,open,0.04,1135.0,0.017,0.069,0.039185,94.52,0.035,0.0,ETH-27MAR20-220-P,267.07,90.98,0.036,691.0,0.04,192.0,95.42,0.24919,-0.29534,-0.06987,0.0032,-0.19385
274.43,ETH-27MAR20,1581850743547,open,0.06,1751.0,0.033,0.1,0.06406,94.52,0.059,0.0,ETH-27MAR20-240-P,267.07,89.95,0.059,677.0,0.065,192.0,95.37,0.3049,-0.36137,-0.1029,0.00392,-0.27917
274.43,ETH-27MAR20,1581850743557,open,0.01,1355.0,0.001,0.028,0.009961,125.0,0.013,0.0,ETH-27MAR20-560-C,267.07,122.63,0.009,340.0,0.012,880.0,129.66,0.11405,-0.17876,0.01629,0.00111,0.0643
274.43,ETH-27MAR20,1581850743559,open,0.01,2448.0,0.002,0.027,0.011734,97.89,0.011,0.0,ETH-27MAR20-180-P,267.07,93.9,0.01,700.0,0.014,240.0,102.72,0.12369,-0.15181,-0.02493,0.00154,-0.07142
269.26,SYN.ETH-28FEB20,1581850743559,open,0.02,384.0,0.007,0.054,0.025826,97.98,0.026,0.0,ETH-28FEB20-240-P,267.07,90.87,0.022,530.0,0.027,240.0,100.11,0.14743,-0.60815,-0.0224,0.00638,-0.22985
269.26,SYN.ETH-28FEB20,1581850743563,open,0.03,1740.0,0.013,0.07,0.038008,97.98,0.033,0.0,ETH-28FEB20-250-P,267.07,91.6,0.034,330.0,0.04,240.0,101.12,0.17028,-0.70239,-0.0301,0.00737,-0.3056
269.26,SYN.ETH-28FEB20,1581850743568,open,0.12,2113.0,0.072,0.145,0.109565,98.01,0.125,0.0,ETH-28FEB20-250-C,267.07,93.94,0.107,180.0,0.114,180.0,104.98,0.17028,-0.70267,0.05123,0.00737,0.69436
10007.91,SYN.BTC-28FEB20,1581850743568,open,0.02,1055.3,0.0065,0.041,0.01984865,57.41,0.02,0.0,BTC-28FEB20-9500-P,9944.37,55.21,0.0185,50.2,0.0205,0.1,58.46,6.17458,-14.9238,-1.00739,0.00033,-0.28953
10157.75,BTC-27MAR20,1581850743583,open,1.94,0.0,1.896,2.0155,1.95362358,108.37,None,0.0,BTC-27MAR20-30000-P,9944.37,0.0,0.0005,1.0,0.0,0.0,0.0,0.2346,-0.31879,-32.75221,0.0,-0.99777
10157.75,BTC-27MAR20,1581850743597,open,0.01,976.0,0.0005,0.0195,0.00738965,66.92,0.0075,0.0,BTC-27MAR20-7500-P,9944.37,66.03,0.007,40.0,0.008,24.0,68.28,4.46723,-3.74863,-0.84971,6e-05,-0.06918
10157.75,BTC-27MAR20,1581850743597,open,1.75,0.0,1.7025,1.8155,1.7569051,108.03,None,0.0,BTC-27MAR20-28000-P,9944.37,0.0,0.0005,1.0,0.0,0.0,0.0,0.38815,-0.52577,-30.5507,0.0,-0.99611
10157.75,BTC-27MAR20,1581850743597,open,0.41,22.0,0.398,0.4255,0.41076437,77.63,0.4455,0.0,BTC-27MAR20-6000-C,9944.37,0.0,0.401,8.0,0.423,8.0,121.84,1.24409,-1.21102,6.37656,1e-05,0.98537
10157.75,BTC-27MAR20,1581850743599,open,0.13,254.2,0.1055,0.1745,0.13706187,65.38,0.135,0.0,BTC-27MAR20-11000-P,9944.37,63.76,0.135,4.0,0.1375,3.0,65.72,12.94707,-10.61396,-8.21026,0.00018,-0.60279
10401.38,BTC-26JUN20,1581850743599,open,0.01,485.4,0.0005,0.03,0.01021881,83.6,0.01,0.0,BTC-26JUN20-26000-C,9944.37,82.53,0.0095,25.0,0.011,31.0,84.71,7.13272,-2.278,1.74708,2e-05,0.05706
10644.87,SYN.BTC-25SEP20,1581850743599,open,1.64,0.0,1.59,1.739,1.65670633,80.59,None,0.0,BTC-25SEP20-28000-P,9944.37,0.0,0.0005,1.0,0.0,0.0,0.0,15.63411,-2.83928,-164.77405,3e-05,-0.88972
10007.91,SYN.BTC-28FEB20,1581850743616,open,0.03,608.9,0.009,0.048,0.02499324,61.63,0.0255,0.0,BTC-28FEB20-10500-C,9944.37,60.14,0.024,24.5,0.026,28.9,63.13,6.70968,-17.40968,1.06928,0.00033,0.35338
10644.87,SYN.BTC-25SEP20,1581850743616,open,0.17,249.3,0.1335,0.231,0.17720199,69.17,0.1705,0.0,BTC-25SEP20-10000-P,9944.37,66.51,0.1695,15.0,0.172,0.1,67.37,30.73848,-4.79171,-34.10894,6e-05,-0.34992
10157.75,BTC-27MAR20,1581850743618,open,0.01,457.4,0.0005,0.024,0.00848515,77.21,0.01,0.0,BTC-27MAR20-15000-C,9944.37,76.22,0.008,64.0,0.009,24.0,78.24,5.02822,-4.86816,0.8023,6e-05,0.08078
10644.87,SYN.BTC-25SEP20,1581850743618,open,2.0,0.0,1.9545,2.1125,2.02547704,82.7,None,0.0,BTC-25SEP20-32000-P,9944.37,0.0,0.0005,1.0,0.0,0.0,0.0,12.69752,-2.36652,-190.39489,2e-05,-0.9169
10007.91,SYN.BTC-28FEB20,1581850743618,open,0.3,60.7,0.2865,0.3155,0.30078944,79.17,0.31,0.0,BTC-28FEB20-7000-C,9944.37,0.0,0.3005,0.1,0.3145,7.0,165.4,0.26181,-0.87264,2.26043,1e-05,0.99498
10157.75,BTC-27MAR20,1581850743620,open,0.01,1921.0,0.003,0.0315,0.01265783,73.96,0.014,0.0,BTC-27MAR20-14000-C,9944.37,72.93,0.012,40.0,0.0135,80.0,75.23,6.59627,-6.11693,1.15768,8e-05,0.11698
10401.38,BTC-26JUN20,1581850743623,open,0.62,12.0,0.608,0.63,0.61790717,79.85,0.6205,0.0,BTC-26JUN20-4000-C,9944.37,52.53,0.6155,8.0,0.6275,8.0,108.33,2.03254,-0.62009,13.77959,1e-05,0.98738
10401.38,BTC-26JUN20,1581850743637,open,0.44,72.7,0.418,0.459,0.43642763,69.16,0.44,0.0,BTC-26JUN20-6000-C,9944.37,44.09,0.4245,7.1,0.4565,7.0,91.27,7.64277,-2.01937,18.69445,3e-05,0.93768
10401.38,BTC-26JUN20,1581850743640,open,0.18,783.9,0.1395,0.2195,0.17633877,67.17,0.178,0.0,BTC-26JUN20-10000-C,9944.37,66.14,0.174,19.7,0.1805,26.1,68.99,23.76172,-6.09753,16.45372,9e-05,0.61751
10401.38,BTC-26JUN20,1581850743667,open,0.11,602.8,0.076,0.157,0.1120882,70.02,0.111,0.0,BTC-26JUN20-12000-C,9944.37,69.14,0.11,27.4,0.1145,19.0,71.04,24.63416,-6.58971,12.51868,9e-05,0.44775
10157.75,BTC-27MAR20,1581850743673,open,0.06,995.6,0.031,0.084,0.05413849,65.37,0.0545,0.0,BTC-27MAR20-11000-C,9944.37,64.48,0.053,3.0,0.0555,56.1,66.44,12.94695,-10.61303,3.80699,0.00018,0.3972
10007.91,SYN.BTC-28FEB20,1581850743689,open,0.0,1022.6,0.0005,0.012,0.00201458,72.11,0.003,0.0,BTC-28FEB20-8000-P,9944.37,68.29,0.0015,60.0,0.0025,30.0,75.24,1.45996,-4.43277,-0.12705,6e-05,-0.037
10007.91,SYN.BTC-28FEB20,1581850743689,open,0.01,1069.7,0.0005,0.0245,0.0088527,59.98,0.009,0.0,BTC-28FEB20-9000-P,9944.37,57.92,0.008,59.9,0.0095,3.0,61.5,4.21443,-10.64346,-0.5182,0.00022,-0.15029
269.27,SYN.ETH-28FEB20,1581850743716,open,0.1,628.0,0.051,0.124,0.087769,98.02,0.094,0.0,ETH-28FEB20-260-C,267.07,93.98,0.085,180.0,0.093,180.0,105.55,0.18597,-0.76753,0.04599,0.00804,0.61275
269.26,SYN.ETH-28FEB20,1581850743717,open,0.02,384.0,0.007,0.054,0.025826,97.98,0.026,0.0,ETH-28FEB20-240-P,267.07,92.75,0.023,240.0,0.027,240.0,100.11,0.14743,-0.60815,-0.0224,0.00638,-0.22985
267.97,SYN.ETH-21FEB20,1581850743719,open,0.07,178.0,0.028,0.097,0.062726,102.05,0.064,0.0,ETH-21FEB20-260-C,267.07,95.86,0.06,180.0,0.067,180.0,111.8,0.11758,-1.2304,0.02008,0.01201,0.62364
267.97,SYN.ETH-21FEB20,1581850743721,open,0.07,392.0,0.038,0.117,0.07619,107.43,0.063,0.0,ETH-21FEB20-280-P,267.07,95.6,0.071,180.0,0.078,180.0,111.52,0.11841,-1.30458,-0.02473,0.01149,-0.6147
269.27,SYN.ETH-28FEB20,1581850743721,open,0.1,628.0,0.051,0.124,0.087769,98.02,0.094,0.0,ETH-28FEB20-260-C,267.07,93.98,0.085,400.0,0.093,180.0,105.55,0.18597,-0.76753,0.04599,0.00804,0.61275
10401.38,BTC-26JUN20,1581850743723,open,0.03,460.8,0.014,0.0665,0.03317355,76.34,0.0365,0.0,BTC-26JUN20-18000-C,9944.37,75.55,0.032,4.9,0.0345,29.1,77.23,15.50635,-4.52272,4.94455,5e-05,0.16575
10401.38,BTC-26JUN20,1581850743723,open,0.26,128.2,0.22,0.321,0.2657968,70.03,0.2685,0.0,BTC-26JUN20-12000-P,9944.37,49.03,0.217,4.0,0.27,5.0,71.8,24.63433,-6.59037,-30.50877,9e-05,-0.55223
10401.38,BTC-26JUN20,1581850743723,open,0.07,802.6,0.042,0.1155,0.07288583,72.49,0.0755,0.0,BTC-26JUN20-14000-C,9944.37,71.84,0.0715,8.7,0.0745,26.2,73.24,22.27539,-6.1687,9.21892,8e-05,0.32007
10007.91,SYN.BTC-28FEB20,1581850743723,open,0.25,97.1,0.2355,0.269,0.25151665,78.3,0.275,0.0,BTC-28FEB20-7500-C,9944.37,0.0,0.2505,0.1,0.2665,6.0,146.62,0.7725,-2.54676,2.38087,3e-05,0.9827
10644.87,SYN.BTC-25SEP20,1581850743723,open,0.2,204.1,0.1565,0.252,0.19979779,69.16,0.202,0.0,BTC-25SEP20-11000-C,9944.37,68.41,0.1975,12.6,0.2035,16.2,70.38,32.39634,-5.04917,24.7755,7e-05,0.58268
9970.46,SYN.BTC-21FEB20,1581850743727,open,0.2,0.3,0.1815,0.2145,0.19775954,74.56,0.189,0.0,BTC-21FEB20-8000-C,9944.37,0.0,0.193,6.0,0.206,7.0,154.56,0.15722,-1.20212,1.06223,2e-05,0.99532
10007.91,SYN.BTC-28FEB20,1581850743739,open,0.2,18.2,0.177,0.2345,0.20362431,69.7,0.171,0.0,BTC-28FEB20-12000-P,9944.37,0.0,0.0,0.0,0.207,5.0,80.28,2.77491,-8.14285,-3.64692,0.00012,-0.91637
10644.87,SYN.BTC-25SEP20,1581850743750,open,0.24,193.8,0.195,0.288,0.23774174,69.16,0.231,0.0,BTC-25SEP20-10000-C,9944.37,67.69,0.2335,11.7,0.2395,15.3,69.77,30.73885,-4.79079,26.68081,6e-05,0.65007
10157.75,BTC-27MAR20,1581850743752,open,0.03,1911.9,0.0145,0.0585,0.03218208,67.8,0.0325,0.0,BTC-27MAR20-12000-C,9944.37,66.7,0.031,39.8,0.033,0.9,68.56,10.97175,-9.3279,2.57037,0.00014,0.26381
10157.75,BTC-27MAR20,1581850743783,open,0.09,1592.1,0.0635,0.1215,0.09024557,62.98,0.0905,0.0,BTC-27MAR20-10000-C,9944.37,62.02,0.089,3.0,0.091,2.7,63.56,13.18064,-10.4083,5.33655,0.00019,0.57114
10007.91,SYN.BTC-28FEB20,1581850743796,open,0.04,410.5,0.02,0.067,0.04065074,57.09,0.039,0.0,BTC-28FEB20-10000-P,9944.37,54.79,0.039,38.7,0.0415,0.7,58.27,7.18913,-17.27877,-1.68365,0.00039,-0.47641
10007.91,SYN.BTC-28FEB20,1581850743796,open,0.4,1.1,0.3885,0.412,0.40048485,83.86,0.3535,0.0,BTC-28FEB20-6000-C,9944.37,0.0,0.3925,7.0,0.411,7.0,203.91,0.01824,-0.06439,1.95125,0.0,0.99973
10157.75,BTC-27MAR20,1581850743802,open,0.07,748.7,0.0485,0.1075,0.07472137,62.98,0.071,0.0,BTC-27MAR20-10000-P,9944.37,61.27,0.0725,30.9,0.0755,17.4,63.58,13.18064,-10.40905,-5.58836,0.00019,-0.42886
10644.87,SYN.BTC-25SEP20,1581850743802,open,2.37,0.0,2.3205,2.4885,2.39675319,84.71,None,0.0,BTC-25SEP20-36000-P,9944.37,0.0,0.001,0.1,0.0,0.0,0.0,10.51566,-2.00743,-215.59459,2e-05,-0.93506
10007.91,SYN.BTC-28FEB20,1581850743802,open,0.01,980.2,0.0035,0.0335,0.01402772,63.94,0.0145,0.0,BTC-28FEB20-11000-C,9944.37,62.01,0.013,32.0,0.0145,0.2,64.81,5.38764,-14.50402,0.68069,0.00026,0.22307
10401.38,BTC-26JUN20,1581850743804,open,0.71,34.7,0.7025,0.722,0.71248366,88.79,0.7145,0.0,BTC-26JUN20-3000-C,9944.37,0.0,0.7055,9.0,0.721,9.0,130.52,0.83656,-0.28378,10.55141,0.0,0.9954
10644.87,SYN.BTC-25SEP20,1581850743804,open,0.63,700.1,0.6195,0.6455,0.63046585,73.79,0.654,0.0,BTC-25SEP20-4000-C,9944.37,0.0,0.622,6.0,0.642,6.0,93.56,4.58119,-0.76182,22.40047,1e-05,0.97664
10157.75,BTC-27MAR20,1581850743806,open,0.03,886.6,0.017,0.059,0.03396801,62.98,0.0335,0.0,BTC-27MAR20-9000-P,9944.37,62.05,0.033,3.0,0.034,19.3,63.01,10.59021,-8.36323,-3.1129,0.00015,-0.24654
10007.91,SYN.BTC-28FEB20,1581850743819,open,0.04,1369.8,0.021,0.066,0.04143899,57.08,0.0455,0.0,BTC-28FEB20-10000-C,9944.37,58.56,0.0425,20.0,0.045,19.5,62.04,7.18913,-17.27803,1.56996,0.00039,0.52359
9954.4,SYN.BTC-18FEB20,1581850743967,open,0.0,0.0005,0.0105,0.00090024,52.98,None,0.0,BTC-18FEB20-9375-P,9944.37,47.16,0.0005,50.0,0.001,0.1,54.2,0.79418,-8.95954,-0.02861,0.00029,-0.05503
269.27,SYN.ETH-28FEB20,1581850744112,open,0.07,173.0,0.036,0.111,0.071715,97.73,0.069,0.0,ETH-28FEB20-270-P,267.07,93.97,0.069,180.0,0.075,180.0,102.33,0.19325,-0.79521,-0.04755,0.00838,-0.47101
269.27,SYN.ETH-28FEB20,1581850744114,open,0.07,173.0,0.036,0.111,0.071715,97.73,0.069,0.0,ETH-28FEB20-270-P,267.07,93.97,0.069,180.0,0.076,180.0,103.72,0.19325,-0.79521,-0.04755,0.00838,-0.47101
267.97,SYN.ETH-21FEB20,1581850744116,open,0.04,1039.0,0.018,0.088,0.051028,101.92,0.049,0.0,ETH-21FEB20-270-P,267.07,93.18,0.047,180.0,0.055,180.0,110.53,0.12356,-1.29135,-0.0198,0.01264,-0.50206
267.97,SYN.ETH-21FEB20,1581850744120,open,0.05,1441.0,0.013,0.077,0.043461,101.94,0.059,0.0,ETH-21FEB20-270-C,267.07,96.6,0.041,180.0,0.049,427.0,113.95,0.12356,-1.29161,0.01627,0.01264,0.49795
267.97,SYN.ETH-21FEB20,1581850744122,open,0.05,1441.0,0.013,0.077,0.043461,101.94,0.059,0.0,ETH-21FEB20-270-C,267.07,96.6,0.041,180.0,0.048,180.0,111.78,0.12356,-1.29161,0.01627,0.01264,0.49795
269.27,SYN.ETH-28FEB20,1581850744134,open,0.09,237.0,0.056,0.14,0.09711,103.01,0.086,0.0,ETH-28FEB20-280-P,267.07,94.49,0.091,180.0,0.099,180.0,105.69,0.19243,-0.83461,-0.05641,0.00792,-0.54674
9949.05,SYN.BTC-17FEB20,1581850744195,open,0.0,38.1,0.0005,0.0105,5.243e-05,44.87,0.0005,0.0,BTC-17FEB20-10500-C,9944.54,0.0,0.0,0.0,0.0005,30.1,62.61,0.09878,-0.52166,0.00173,9e-05,0.00732
9954.41,SYN.BTC-18FEB20,1581850744196,open,1.0,0.0005,0.029,0.01056268,44.38,0.011,0.0,BTC-18FEB20-10000-C,9944.54,40.63,0.0095,37.3,0.012,22.3,49.45,2.82369,-33.40849,0.22438,0.00125,0.44919
9949.05,SYN.BTC-17FEB20,1581850744195,open,0.02,30.2,0.0025,0.042,0.01996328,42.04,0.0225,0.0,BTC-17FEB20-10125-P,9944.54,23.38,0.018,7.0,0.0205,6.0,45.83,1.36494,-28.6897,-0.19568,0.00137,-0.79984
9954.41,SYN.BTC-18FEB20,1581850744195,open,10.5,0.0005,0.0225,0.00631944,45.59,0.008,0.0,BTC-18FEB20-10125-C,9944.54,42.31,0.0055,44.0,0.0075,44.0,50.22,2.50783,-30.47954,0.15396,0.00108,0.30729
9954.41,SYN.BTC-18FEB20,1581850744195,open,0.1,0.0125,0.056,0.03327241,46.71,0.027,0.0,BTC-18FEB20-10250-P,9944.54,23.8,0.03,1.0,0.0385,2.0,69.92,1.97143,-24.54473,-0.42848,0.00083,-0.80435
9949.05,SYN.BTC-17FEB20,1581850744195,open,0.04,0.9,0.0225,0.065,0.04305403,44.81,0.017,0.0,BTC-17FEB20-10375-P,9944.54,0.0,0.0385,1.0,0.047,1.0,90.58,0.32037,-7.17804,-0.2421,0.0003,-0.97122
9949.05,SYN.BTC-17FEB20,1581850744195,open,0.0,20.4,0.0005,0.013,0.00128924,53.76,0.001,0.0,BTC-17FEB20-9625-P,9944.54,50.25,0.001,2.9,0.0015,30.1,56.09,0.86704,-12.82676,-0.02463,0.00068,-0.1019
9949.05,SYN.BTC-17FEB20,1581850744195,open,0.0,87.3,0.0005,0.017,0.00227857,42.04,0.002,0.0,BTC-17FEB20-10125-C,9944.54,36.01,0.0015,44.1,0.003,24.0,47.09,1.36492,-22.66963,0.04723,0.00137,0.20015
9954.41,SYN.BTC-18FEB20,1581850744195,open,0.1,0.0005,0.0175,0.00357725,46.7,0.0045,0.0,BTC-18FEB20-10250-C,9944.54,43.71,0.003,24.0,0.0045,24.0,51.21,1.97139,-24.54346,0.09825,0.00083,0.19565
9954.41,SYN.BTC-18FEB20,1581850744196,open,0.1,0.007,0.046,0.02557229,45.09,0.0295,0.0,BTC-18FEB20-9750-C,9944.54,42.58,0.025,6.0,0.028,6.0,55.24,2.29269,-27.55962,0.36788,0.001,0.74473
9949.05,SYN.BTC-17FEB20,1581850744196,open,0.02,6.5,0.0035,0.042,0.02209839,44.74,0.024,0.0,BTC-17FEB20-9750-C,9944.54,39.75,0.0215,6.0,0.024,6.0,58.34,1.25776,-28.13455,0.19157,0.00118,0.82465
9954.41,SYN.BTC-18FEB20,1581850744196,open,0.0,0.027,0.0685,0.04759977,52.95,None,0.0,BTC-18FEB20-9500-C,9944.54,0.0,0.0445,1.0,0.0535,1.0,86.29,1.3034,-18.39615,0.43315,0.00048,0.89435
9949.05,SYN.BTC-17FEB20,1581850744195,open,0.1,0.0,0.084,0.128,0.10563279,50.37,None,0.0,BTC-17FEB20-11000-P,9944.54,0.0,0.1,1.0,0.1095,1.0,159.63,0.00052,-0.01302,-0.2639,0.0,-0.99998
9954.41,SYN.BTC-18FEB20,1581850744196,open,5.1,0.0005,0.0105,0.00070119,60.7,0.0005,0.0,BTC-18FEB20-10750-C,9944.54,57.16,0.0005,0.9,0.001,30.1,65.02,0.6209,-6.97992,0.02035,0.0002,0.04048
9954.41,SYN.BTC-18FEB20,1581850744196,open,3.0,0.0005,0.014,0.00222037,49.79,0.002,0.0,BTC-18FEB20-10375-C,9944.54,48.28,0.002,0.1,0.0025,30.0,51.62,1.48384,-19.69526,0.06374,0.00059,0.12682
9949.05,SYN.BTC-17FEB20,1581850744195,open,0.01,217.8,0.0005,0.024,0.00583123,41.53,0.0045,0.0,BTC-17FEB20-10000-C,9944.54,34.47,0.0045,29.0,0.007,18.0,47.67,1.88852,-39.21769,0.09524,0.00191,0.40482
9949.05,SYN.BTC-17FEB20,1581850744196,open,0.0,133.8,0.0005,0.0155,0.00209108,44.74,0.0025,0.0,BTC-17FEB20-9750-P,9944.54,39.81,0.0015,24.0,0.0025,24.0,47.88,1.25778,-20.80424,-0.04235,0.00118,-0.17535
9954.41,SYN.BTC-18FEB20,1581850744196,open,0.0,0.023,0.068,0.04447278,49.79,None,0.0,BTC-18FEB20-10375-P,9944.54,0.0,0.0405,1.0,0.049,1.0,74.04,1.48392,-19.69697,-0.46942,0.00059,-0.87317
9949.05,SYN.BTC-17FEB20,1581850744195,open,0.05,0.1,0.026,0.0655,0.04557438,54.4,0.038,0.0,BTC-17FEB20-9500-C,9944.54,0.0,0.0425,1.0,0.051,1.0,111.13,0.42299,-11.50604,0.21818,0.00033,0.95964
9954.41,SYN.BTC-18FEB20,1581850744195,open,5.2,0.0005,0.011,0.00108945,49.82,0.001,0.0,BTC-18FEB20-10500-C,9944.54,42.43,0.0005,51.2,0.0015,0.1,53.75,0.95752,-10.84481,0.03522,0.00038,0.06994
9954.41,SYN.BTC-18FEB20,1581850744195,open,0.0,0.0345,0.079,0.05589912,49.82,None,0.0,BTC-18FEB20-10500-P,9944.54,0.0,0.0515,1.0,0.0605,1.0,80.52,0.95764,-12.71877,-0.50436,0.00038,-0.93005
9949.05,SYN.BTC-17FEB20,1581850744195,open,0.0,23.2,0.0005,0.0105,0.00043905,54.41,0.001,0.0,BTC-17FEB20-9500-P,9944.54,0.0,0.0,0.0,0.001,30.0,64.71,0.42305,-4.3681,-0.00974,0.00033,-0.04036
9954.41,SYN.BTC-18FEB20,1581850744196,open,0.0,0.0155,0.0565,0.0357338,46.27,None,0.0,BTC-18FEB20-9625-C,9944.54,33.92,0.034,1.0,0.0425,2.0,78.7,1.67289,-20.63258,0.4159,0.00071,0.84877
9954.41,SYN.BTC-18FEB20,1581850744196,open,0.0,0.0055,0.0455,0.02345734,45.59,None,0.0,BTC-18FEB20-10125-P,9944.54,35.46,0.021,18.0,0.024,18.0,47.74,2.50785,-30.4804,-0.36635,0.00108,-0.69271
9949.05,SYN.BTC-17FEB20,1581850744195,open,0.0,30.6,0.0005,0.0105,1e-08,45.18,0.001,0.0,BTC-17FEB20-11000-C,9944.54,0.0,0.0,0.0,0.0005,23.0,104.31,7e-05,-0.00013,0.0,0.0,0.0
9954.41,SYN.BTC-18FEB20,1581850744195,open,0.0,0.0395,0.0795,0.05910589,52.98,None,0.0,BTC-18FEB20-9375-C,9944.54,0.0,0.0565,1.0,0.065,1.0,94.57,0.79414,-11.2158,0.45316,0.00029,0.94497
9949.05,SYN.BTC-17FEB20,1581850744196,open,0.0,110.5,0.0005,0.0105,1.4e-07,45.09,0.0005,0.0,BTC-17FEB20-10875-C,9944.54,0.0,0.0,0.0,0.001,23.0,106.86,0.00061,-0.00144,1e-05,0.0,3e-05
9949.05,SYN.BTC-17FEB20,1581850744196,open,0.01,207.4,0.0005,0.023,0.00495656,41.83,0.0055,0.0,BTC-17FEB20-9875-P,9944.54,33.7,0.0035,46.0,0.0055,24.0,44.8,1.81217,-37.89905,-0.08565,0.00182,-0.35386
9949.05,SYN.BTC-17FEB20,1581850744195,open,0.07,0.0,0.0475,0.0895,0.06794988,44.99,None,0.0,BTC-17FEB20-10625-P,9944.54,0.0,0.063,1.0,0.0715,1.0,115.65,0.0235,-0.5287,-0.25456,2e-05,-0.99852
9954.41,SYN.BTC-18FEB20,1581850744198,open,1.1,0.0005,0.0275,0.00907027,44.45,0.008,0.0,BTC-18FEB20-9875-P,9944.54,38.73,0.0075,44.0,0.009,0.4,44.2,2.74693,-32.54852,-0.20651,0.00121,-0.39463
9954.41,SYN.BTC-18FEB20,1581850744196,open,0.0,0.0025,0.037,0.01704689,44.45,None,0.0,BTC-18FEB20-9875-C,9944.54,42.46,0.0165,18.0,0.0195,18.0,53.29,2.74693,-32.54778,0.30096,0.00121,0.60537
9949.05,SYN.BTC-17FEB20,1581850744195,open,0.0,90.4,0.0005,0.0105,0.0002413,44.81,0.0005,0.0,BTC-17FEB20-10375-C,9944.54,0.0,0.0,0.0,0.0005,0.1,51.17,0.32028,-2.40073,0.00681,0.0003,0.02877
9949.05,SYN.BTC-17FEB20,1581850744196,open,0.0,111.4,0.0005,0.0105,1.28e-06,45.01,0.0005,0.0,BTC-17FEB20-10750-C,9944.54,0.0,0.0,0.0,0.0005,30.0,84.13,0.00424,-0.01272,6e-05,0.0,0.00023
9949.05,SYN.BTC-17FEB20,1581850744196,open,0.0,13.1,0.0005,0.0105,9.13e-06,44.94,0.0005,0.0,BTC-17FEB20-10625-C,9944.54,0.0,0.0,0.0,0.0005,30.3,73.57,0.02327,-0.09085,0.00035,2e-05,0.00146
9954.41,SYN.BTC-18FEB20,1581850744196,open,1.1,0.0015,0.036,0.01514331,44.39,0.014,0.0,BTC-18FEB20-10000-P,9944.54,36.81,0.013,38.0,0.016,38.0,47.4,2.8237,-33.40922,-0.28951,0.00125,-0.55081
9954.41,SYN.BTC-18FEB20,1581850744195,open,0.1,0.0005,0.0205,0.00503841,45.1,0.005,0.0,BTC-18FEB20-9750-P,9944.54,40.48,0.004,24.5,0.0055,1.0,47.08,2.29271,-27.5606,-0.13316,0.001,-0.25528
9954.41,SYN.BTC-18FEB20,1581850744195,open,0.0,0.0005,0.0105,0.00038563,53.3,None,0.0,BTC-18FEB20-9250-P,9944.54,0.0,0.0,0.0,0.0015,50.0,69.54,0.43371,-3.83876,-0.0136,0.00016,-0.0262
9954.41,SYN.BTC-18FEB20,1581850744196,open,0.0,0.052,0.0905,0.07114854,53.3,None,0.0,BTC-18FEB20-9250-C,9944.54,0.0,0.0685,1.0,0.077,1.0,104.42,0.43354,-6.15918,0.46176,0.00016,0.97382
10007.91,SYN.BTC-28FEB20,1581850744218,open,0.35,15.3,0.3375,0.3635,0.3505681,81.24,0.301,0.0,BTC-28FEB20-6500-C,9944.54,0.0,0.3505,0.1,0.3625,7.0,183.73,0.07571,-0.25895,2.11053,0.0,0.99873
267.97,SYN.ETH-21FEB20,1581850744238,open,0.01,1444.0,0.001,0.032,0.010513,102.08,0.007,0.0,ETH-21FEB20-240-P,267.0,92.76,0.008,539.0,0.011,240.0,103.8,0.07544,-0.7897,-0.00611,0.0077,-0.16027
274.35,ETH-27MAR20,1581850744251,open,0.43,2437.0,0.401,0.447,0.423507,104.71,0.427,0.0,ETH-27MAR20-160-C,267.0,61.69,0.417,21.0,0.445,21.0,153.83,0.08086,-0.10616,0.16028,0.00094,0.95828
274.35,ETH-27MAR20,1581850744256,open,0.34,7.0,0.303,0.419,0.358708,102.89,1.702,0.0,ETH-27MAR20-360-P,267.0,0.0,0.01,30.0,0.848,1.0,500.0,0.29685,-0.38296,-0.3279,0.00351,-0.7353
9970.46,SYN.BTC-21FEB20,1581850744387,open,0.04,375.0,0.0215,0.0705,0.04386032,59.06,0.0415,0.0,BTC-21FEB20-10250-P,9944.54,51.15,0.0405,1.0,0.0435,18.0,58.22,4.29155,-25.99193,-0.91702,0.00055,-0.64467
10157.93,BTC-27MAR20,1581850744406,open,0.01,457.4,0.0005,0.024,0.00848515,77.21,0.01,0.0,BTC-27MAR20-15000-C,9944.54,76.22,0.008,40.0,0.009,24.0,78.23,5.0284,-4.86817,0.80234,6e-05,0.08079
9954.41,SYN.BTC-18FEB20,1581850744606,open,0.0,0.0025,0.037,0.01704689,44.45,None,0.0,BTC-18FEB20-9875-C,9944.54,40.64,0.016,18.0,0.0195,18.0,53.29,2.74693,-32.54778,0.30096,0.00121,0.60537
267.97,SYN.ETH-21FEB20,1581850745245,open,0.03,890.0,0.003,0.05,0.021392,109.68,0.021,0.0,ETH-21FEB20-290-C,267.02,103.55,0.019,240.0,0.024,314.0,116.23,0.10563,-1.18817,0.00954,0.01004,0.28779
267.97,SYN.ETH-21FEB20,1581850745245,open,0.04,1652.0,0.007,0.063,0.031306,107.45,0.028,0.0,ETH-21FEB20-280-C,267.02,99.94,0.028,240.0,0.034,240.0,113.53,0.11842,-1.30488,0.01267,0.01149,0.38533
267.97,SYN.ETH-21FEB20,1581850745245,open,0.02,1054.0,0.001,0.041,0.014875,113.27,0.018,0.0,ETH-21FEB20-300-C,267.02,107.57,0.013,240.0,0.017,240.0,119.48,0.08993,-1.04462,0.00708,0.00828,0.21272
274.35,ETH-27MAR20,1581850745258,open,0.12,13582.0,0.075,0.156,0.115532,94.64,0.119,0.0,ETH-27MAR20-280-C,267.02,91.95,0.112,657.0,0.12,574.0,98.04,0.36026,-0.42751,0.12613,0.00463,0.53635
274.37,ETH-27MAR20,1581850745262,open,0.34,7.0,0.303,0.419,0.358708,102.96,1.702,0.0,ETH-27MAR20-360-P,267.02,0.0,0.01,30.0,0.847,1.0,500.0,0.29704,-0.38348,-0.32783,0.00351,-0.735
9970.63,SYN.BTC-21FEB20,1581850745985,open,0.13,0.6,0.105,0.1445,0.12388432,67.86,0.1425,0.0,BTC-21FEB20-8750-C,9944.54,0.0,0.12,1.0,0.13,5.0,102.52,1.07595,-7.48749,1.10806,0.00012,0.95583
9970.63,SYN.BTC-21FEB20,1581850745993,open,0.08,121.8,0.0555,0.0995,0.07637764,57.31,0.0835,0.0,BTC-21FEB20-9250-C,9944.54,48.28,0.0745,1.0,0.083,7.0,80.75,2.3305,-13.6973,1.06783,0.00031,0.87813
274.37,ETH-27MAR20,1581850746138,open,0.03,3471.0,0.011,0.063,0.032148,108.31,0.03,0.0,ETH-27MAR20-400-C,267.02,106.98,0.031,360.0,0.034,499.0,110.31,0.24691,-0.33532,0.04761,0.00277,0.19103
284.86,ETH-26JUN20,1581850746252,open,0.03,1180.0,0.015,0.059,0.033552,94.85,0.03,0.0,ETH-26JUN20-160-P,267.01,91.33,0.03,200.0,0.037,300.0,98.16,0.29248,-0.10599,-0.13322,0.00106,-0.09687
274.37,ETH-27MAR20,1581850746252,open,0.3,3390.0,0.261,0.324,0.292773,94.77,0.304,0.0,ETH-27MAR20-200-C,267.01,88.93,0.289,200.0,0.306,200.0,113.03,0.18333,-0.21785,0.17548,0.00235,0.87819
274.37,ETH-27MAR20,1581850746252,open,0.0,1277.0,0.001,0.011,7.7e-05,112.09,0.001,0.0,ETH-27MAR20-90-P,267.01,0.0,0.0,0.0,0.001,100.0,146.77,0.0022,-0.0031,-0.00023,2e-05,-0.0007
274.37,ETH-27MAR20,1581850746252,open,0.75,0.0,0.735,0.754,0.744875,112.26,None,0.0,ETH-27MAR20-70-C,267.01,0.0,0.741,31.0,0.754,31.0,256.85,0.0002,-0.00029,0.07646,0.0,0.99994
284.86,ETH-26JUN20,1581850746252,open,0.61,0.0,0.558,0.716,0.634457,95.69,None,0.0,ETH-26JUN20-440-P,267.01,0.0,0.01,50.0,0.0,0.0,0.0,0.60868,-0.22252,-1.34427,0.00219,-0.68164
274.37,ETH-27MAR20,1581850746252,open,0.61,22.0,0.587,0.612,0.59958,111.72,0.606,0.0,ETH-27MAR20-110-C,267.01,0.0,0.596,25.0,0.612,25.0,191.71,0.01052,-0.01474,0.11885,0.00011,0.99609
284.86,ETH-26JUN20,1581850746252,open,0.73,0.0,0.712,0.734,0.722082,107.1,None,0.0,ETH-26JUN20-80-C,267.01,0.0,0.717,31.0,0.733,31.0,145.31,0.04822,-0.01973,0.27294,0.00015,0.9893
274.37,ETH-27MAR20,1581850746252,open,1.16,0.0,1.125,1.271,1.193579,125.0,None,0.0,ETH-27MAR20-600-P,267.01,0.0,0.03,50.0,0.0,0.0,0.0,0.08715,-0.1366,-0.64379,0.00085,-0.95422
284.86,ETH-26JUN20,1581850746252,open,0.66,1.0,0.641,0.674,0.656848,107.16,0.38,0.0,ETH-26JUN20-100-C,267.01,0.0,0.647,28.0,0.669,28.0,133.6,0.10122,-0.04144,0.32449,0.00032,0.97454
284.86,ETH-26JUN20,1581850746252,open,0.01,842.0,0.001,0.019,0.007912,107.21,0.006,0.0,ETH-26JUN20-100-P,267.01,101.43,0.006,200.0,0.01,500.0,112.72,0.10132,-0.0415,-0.03411,0.00032,-0.02549
284.86,ETH-26JUN20,1581850746252,open,0.12,202.0,0.079,0.172,0.123763,88.64,0.115,0.0,ETH-26JUN20-240-P,267.01,86.76,0.12,320.0,0.126,3.0,89.75,0.57238,-0.19382,-0.41055,0.00222,-0.27819
274.37,ETH-27MAR20,1581850746252,open,0.0,2284.0,0.001,0.013,0.003359,110.82,0.002,0.0,ETH-27MAR20-140-P,267.01,101.64,0.002,767.0,0.005,240.0,119.31,0.04703,-0.06535,-0.00751,0.00052,-0.02169
284.86,ETH-26JUN20,1581850746252,open,1.12,0.0,1.068,1.248,1.152867,102.19,None,0.0,ETH-26JUN20-600-P,267.01,0.0,0.01,50.0,0.0,0.0,0.0,0.44917,-0.17535,-2.01405,0.00151,-0.81898
284.86,ETH-26JUN20,1581850746252,open,0.6,308.0,0.572,0.614,0.592248,101.84,0.63,0.0,ETH-26JUN20-120-C,267.01,54.45,0.579,26.0,0.608,26.0,126.0,0.15436,-0.06006,0.37308,0.00052,0.95751
274.37,ETH-27MAR20,1581850746252,open,0.02,3844.0,0.004,0.041,0.01724,117.89,0.015,0.0,ETH-27MAR20-480-C,267.01,115.83,0.016,340.0,0.019,540.0,120.71,0.16761,-0.24777,0.02702,0.00173,0.10739
284.86,ETH-26JUN20,1581850746253,open,0.23,999.0,0.162,0.265,0.214765,88.04,0.214,0.0,ETH-26JUN20-280-C,267.01,90.33,0.22,5.0,0.226,580.0,92.96,0.65128,-0.21905,0.41031,0.00254,0.61647
284.86,ETH-26JUN20,1581850746252,open,0.86,0.0,0.807,0.977,0.888167,98.82,None,0.0,ETH-26JUN20-520-P,267.01,0.0,0.01,50.0,0.0,0.0,0.0,0.52469,-0.1981,-1.68813,0.00182,-0.76459
284.86,ETH-26JUN20,1581850746253,open,0.05,1358.0,0.024,0.08,0.04869,92.14,0.034,0.0,ETH-26JUN20-180-P,267.01,88.46,0.044,300.0,0.053,295.0,95.43,0.36838,-0.12967,-0.18655,0.00137,-0.13396
284.86,ETH-26JUN20,1581850746253,open,0.28,238.0,0.231,0.362,0.295557,91.36,0.291,0.0,ETH-26JUN20-320-P,267.01,79.4,0.267,320.0,1.108,1.0,500.0,0.67923,-0.23708,-0.78778,0.00256,-0.47571
274.37,ETH-27MAR20,1581850746252,open,1.3,0.0,1.266,1.417,1.337219,125.0,None,0.0,ETH-27MAR20-640-P,267.01,0.0,0.01,50.0,0.0,0.0,0.0,0.06615,-0.10368,-0.69079,0.00064,-0.96737
274.37,ETH-27MAR20,1581850746253,open,0.01,11269.0,0.001,0.022,0.006751,125.0,0.009,0.0,ETH-27MAR20-600-C,267.01,128.73,0.008,340.0,0.011,540.0,136.49,0.08715,-0.1366,0.0117,0.00085,0.04578
274.37,ETH-27MAR20,1581850746252,open,0.0,275.0,0.001,0.011,5e-06,112.26,0.003,0.0,ETH-27MAR20-70-P,267.01,0.0,0.0,0.0,0.001,49.0,178.34,0.0002,-0.00029,-2e-05,0.0,-6e-05
284.86,ETH-26JUN20,1581850746253,open,0.11,4357.0,0.063,0.161,0.10997,94.17,0.109,0.0,ETH-26JUN20-400-C,267.01,92.42,0.106,320.0,0.115,600.0,96.38,0.64652,-0.2326,0.27016,0.00236,0.37447
284.86,ETH-26JUN20,1581850746253,open,0.08,802.0,0.035,0.121,0.073722,96.85,0.078,0.0,ETH-26JUN20-480-C,267.01,94.96,0.07,320.0,0.078,609.0,98.99,0.56505,-0.20907,0.20151,0.00201,0.27101
284.86,ETH-26JUN20,1581850746253,open,0.06,451.0,0.027,0.107,0.062516,98.72,0.07,0.0,ETH-26JUN20-520-C,267.01,96.79,0.059,320.0,0.066,613.0,100.6,0.52416,-0.19769,0.17616,0.00182,0.23499
284.86,ETH-26JUN20,1581850746253,open,0.43,2715.0,0.38,0.453,0.416734,92.08,0.434,0.0,ETH-26JUN20-180-C,267.01,73.0,0.394,23.0,0.447,23.0,114.19,0.36825,-0.12955,0.459,0.00137,0.86611
274.37,ETH-27MAR20,1581850746253,open,0.68,0.0,0.662,0.682,0.672053,112.09,None,0.0,ETH-27MAR20-90-C,267.01,0.0,0.669,28.0,0.682,28.0,216.44,0.0022,-0.0031,0.09809,2e-05,0.9993
