underlying_price,underlying_index,timestamp,state,settlement_price,open_interest,min_price,max_price,mark_price,mark_iv,last_price,interest_rate,instrument_name,index_price,bid_iv,best_bid_price,best_bid_amount,best_ask_price,best_ask_amount,ask_iv,vega,theta,rho,gamma,delta
9446.79,SYN.BTC-28FEB20,1580381939930,open,0.01,520.4,0.004,0.031,0.01394496,61.04,0.0135,0.0,BTC-28FEB20-8000-P,9312.8,60.34,0.0135,24.0,0.0145,20.0,61.89,6.08172,-6.42779,-1.1947,0.00014,-0.14591
9446.79,SYN.BTC-28FEB20,1580381939943,open,0.06,280.6,0.04,0.0905,0.0630679,58.58,0.06,0.0,BTC-28FEB20-9500-C,9312.8,57.63,0.062,0.1,0.0645,25.1,59.86,10.58785,-10.74002,3.40937,0.00026,0.51926
184.73,ETH-26JUN20,1580381940004,open,0.58,0.0,0.559,0.6,0.57877,90.2,None,0.0,ETH-26JUN20-80-C,174.46,43.54,0.567,52.0,0.592,52.0,110.02,0.10239,-0.03123,0.28493,0.00082,0.95948
184.73,ETH-26JUN20,1580381940007,open,0.49,1.0,0.457,0.515,0.48552,87.03,0.38,0.0,ETH-26JUN20-100-C,174.46,61.89,0.466,48.0,0.506,48.0,106.03,0.1798,-0.05291,0.32289,0.00149,0.91695
9381.44,SYN.BTC-14FEB20,1580381940251,open,0.0,0.005,0.0375,0.01688939,59.61,None,0.0,BTC-14FEB20-10250-C,9312.8,57.42,0.0155,20.0,0.0185,23.2,62.09,6.01367,-12.04833,0.88986,0.00028,0.24963
184.73,ETH-26JUN20,1580381940325,open,0.58,0.0,0.559,0.6,0.57877,90.2,None,0.0,ETH-26JUN20-80-C,174.45,43.54,0.567,52.0,0.593,52.0,111.31,0.1024,-0.03123,0.28493,0.00082,0.95948
184.74,ETH-26JUN20,1580381940328,open,0.49,1.0,0.457,0.515,0.48552,87.01,0.38,0.0,ETH-26JUN20-100-C,174.45,59.93,0.465,48.0,0.506,48.0,106.01,0.17973,-0.05288,0.32294,0.00149,0.917
184.74,ETH-26JUN20,1580381940330,open,0.49,1.0,0.457,0.515,0.48552,87.01,0.38,0.0,ETH-26JUN20-100-C,174.45,59.93,0.465,48.0,0.507,48.0,106.86,0.17973,-0.05288,0.32294,0.00149,0.917
187.96,SYN.ETH-25SEP20,1580381940422,open,0.69,0.0,0.676,0.71,0.692265,93.21,0.685,0.0,ETH-25SEP20-60-C,174.45,51.4,0.681,61.0,0.703,61.0,110.07,0.10141,-0.01979,0.34253,0.00047,0.97072
9780.65,BTC-26JUN20,1580381940474,open,0.18,187.5,0.1435,0.2375,0.18584575,68.46,0.1805,0.0,BTC-26JUN20-10000-P,9312.55,62.34,0.1705,15.8,0.192,14.2,70.92,24.49205,-5.66944,-24.54935,9e-05,-0.43369
9578.24,BTC-27MAR20,1580381940474,open,0.13,1546.2,0.101,0.1645,0.1305809,63.99,0.131,0.0,BTC-27MAR20-9000-C,9312.55,61.55,0.127,2.1,0.1275,1.0,61.89,14.07117,-7.91522,7.68316,0.00015,0.64536
9578.24,BTC-27MAR20,1580381940474,open,0.03,1757.2,0.0155,0.062,0.03377108,68.24,0.035,0.0,BTC-27MAR20-12000-C,9312.55,67.61,0.033,11.0,0.0345,2.5,68.83,11.78903,-7.07256,3.09764,0.00012,0.24132
9578.24,BTC-27MAR20,1580381940474,open,0.01,1895.1,0.0005,0.026,0.00896715,80.19,0.0095,0.0,BTC-27MAR20-16000-C,9312.55,79.31,0.0085,0.1,0.0095,33.0,81.16,5.17593,-3.6489,0.93761,5e-05,0.07179
9578.24,BTC-27MAR20,1580381940474,open,0.67,1.2,0.641,0.726,0.6795475,80.43,0.95,0.0,BTC-27MAR20-16000-P,9312.55,0.0,0.05,0.1,0.95,0.1,281.65,5.21533,-3.68743,-23.98545,5e-05,-0.9275
9578.24,BTC-27MAR20,1580381940474,open,0.0,156.8,0.0005,0.0105,0.00071583,115.97,0.001,0.0,BTC-27MAR20-34000-C,9312.55,112.05,0.0005,6.3,0.001,29.0,119.95,0.60143,-0.61316,0.07239,0.0,0.00557
9780.4,BTC-26JUN20,1580381940474,open,1.26,0.0,1.2135,1.3385,1.26950382,82.28,None,0.0,BTC-26JUN20-22000-P,9312.55,0.0,0.11,1.0,2.22,0.1,500.0,10.86146,-3.02162,-85.99649,3e-05,-0.9008
9780.4,BTC-26JUN20,1580381940475,open,0.33,130.2,0.3015,0.365,0.33056383,68.47,0.311,0.0,BTC-26JUN20-7000-C,9312.55,57.29,0.314,25.0,0.338,25.0,73.15,15.28414,-3.53862,20.09771,6e-05,0.83777
9578.24,BTC-27MAR20,1580381940475,open,0.01,1285.0,0.0035,0.03,0.01328239,67.45,0.015,0.0,BTC-27MAR20-7000-P,9312.55,66.26,0.0125,44.2,0.014,34.5,68.51,6.38757,-3.78739,-1.61524,7e-05,-0.09494
9780.4,BTC-26JUN20,1580381940475,open,0.7,26.7,0.6855,0.705,0.69501594,87.01,0.68,0.0,BTC-26JUN20-3000-C,9312.55,68.31,0.6935,14.0,0.703,14.0,117.9,1.35866,-0.39973,11.76931,0.0,0.99204
9578.24,BTC-27MAR20,1580381940475,open,0.88,0.0,0.8445,0.9335,0.88510727,86.48,1.23,0.0,BTC-27MAR20-18000-P,9312.55,0.0,0.0125,1.0,0.0,0.0,0.0,3.69428,-2.80854,-27.43808,3e-05,-0.95327
9578.24,BTC-27MAR20,1580381940475,open,0.33,0.0,0.3115,0.352,0.33008862,70.98,None,0.0,BTC-27MAR20-6500-C,9312.55,56.77,0.3245,16.0,0.347,16.0,97.34,4.72367,-2.94737,9.0467,5e-05,0.93623
9578.24,BTC-27MAR20,1580381940475,open,0.12,178.6,0.094,0.1655,0.12630252,64.04,0.1255,0.0,BTC-27MAR20-10000-P,9312.55,62.26,0.1235,2.5,0.127,2.5,64.49,15.06925,-8.48432,-9.60982,0.00016,-0.51756
9780.4,BTC-26JUN20,1580381940475,open,0.32,6.7,0.282,0.389,0.33053636,70.35,0.4395,0.0,BTC-26JUN20-12000-P,9312.55,0.0,0.001,0.5,0.54,0.6,153.83,24.17095,-5.74951,-36.5574,9e-05,-0.59207
9578.24,BTC-27MAR20,1580381940475,open,0.43,0.0,0.4155,0.4465,0.42951327,79.84,None,0.0,BTC-27MAR20-5500-C,9312.55,53.61,0.426,12.0,0.4415,12.0,110.51,2.39837,-1.68341,8.10309,2e-05,0.97243
9780.4,BTC-26JUN20,1580381940475,open,0.08,262.3,0.0525,0.121,0.08180564,68.46,0.0775,0.0,BTC-26JUN20-8000-P,9312.55,67.06,0.079,11.2,0.0815,12.6,68.31,19.72194,-4.56501,-13.09061,7e-05,-0.24856
9780.4,BTC-26JUN20,1580381940475,open,0.01,435.5,0.0005,0.015,0.00549774,81.26,0.005,0.0,BTC-26JUN20-4000-P,9312.55,79.81,0.005,10.0,0.006,39.0,82.65,3.44718,-0.94709,-1.14678,1e-05,-0.02344
9780.4,BTC-26JUN20,1580381940475,open,0.04,390.8,0.0145,0.0685,0.03393859,77.4,0.036,0.0,BTC-26JUN20-18000-C,9312.55,76.46,0.0325,38.7,0.0355,14.8,78.39,15.18486,-3.97374,5.01946,5e-05,0.16062
9578.24,BTC-27MAR20,1580381940475,open,0.48,1.7,0.468,0.495,0.48042035,85.19,0.4705,0.0,BTC-27MAR20-5000-C,9312.55,0.0,0.473,13.0,0.4905,13.0,118.69,1.65889,-1.24238,7.48896,1e-05,0.98219
9780.4,BTC-26JUN20,1580381940475,open,0.02,491.2,0.0045,0.0405,0.0154701,83.76,0.016,0.0,BTC-26JUN20-24000-C,9312.55,82.7,0.0145,15.0,0.016,8.6,84.32,9.09759,-2.5765,2.486,3e-05,0.07821
9578.24,BTC-27MAR20,1580381940475,open,0.07,274.0,0.0445,0.104,0.07028235,64.04,0.0665,0.0,BTC-27MAR20-9000-P,9312.55,61.8,0.067,0.6,0.0695,33.7,63.5,14.07165,-7.92152,-6.34256,0.00015,-0.35467
9578.24,BTC-27MAR20,1580381940475,open,0.0,1437.8,0.0005,0.0105,0.00091124,96.54,0.0005,0.0,BTC-27MAR20-4000-P,9312.55,89.65,0.0005,49.0,0.0015,69.0,103.36,0.6933,-0.58839,-0.11112,1e-05,-0.00653
9578.24,BTC-27MAR20,1580381940475,open,0.03,687.4,0.0155,0.057,0.03217223,64.03,0.0305,0.0,BTC-27MAR20-8000-P,9312.55,62.51,0.0305,20.5,0.0325,52.4,64.32,10.61091,-5.97276,-3.47726,0.00012,-0.20081
9578.24,BTC-27MAR20,1580381940475,open,0.2,1152.0,0.1705,0.227,0.19688205,63.97,0.1965,0.0,BTC-27MAR20-8000-C,9312.55,61.34,0.194,2.5,0.199,18.5,65.87,10.60622,-5.96476,8.9918,0.00012,0.79934
9780.4,BTC-26JUN20,1580381940475,open,0.86,1.0,0.8215,0.9395,0.8742939,77.36,0.9,0.0,BTC-26JUN20-18000-P,9312.55,0.0,0.0,0.0,2.1,0.1,500.0,15.17365,-3.96881,-67.91035,5e-05,-0.83957
9780.4,BTC-26JUN20,1580381940475,open,0.07,668.9,0.0385,0.1115,0.0686564,72.8,0.072,0.0,BTC-26JUN20-14000-C,9312.55,71.81,0.0665,13.5,0.071,23.5,73.86,21.43804,-5.27686,8.92004,8e-05,0.29377
9578.24,BTC-27MAR20,1580381940476,open,0.59,24.6,0.5735,0.594,0.58330084,96.58,0.586,0.0,BTC-27MAR20-4000-C,9312.55,0.0,0.578,15.0,0.59,15.0,136.91,0.69478,-0.58989,6.12155,1e-05,0.99345
9578.24,BTC-27MAR20,1580381940475,open,0.01,1312.1,0.0005,0.0165,0.00576526,75.28,0.0065,0.0,BTC-27MAR20-6000-P,9312.55,74.53,0.0055,13.7,0.006,2.0,75.93,3.4217,-2.26459,-0.72022,3e-05,-0.04249
9578.24,BTC-27MAR20,1580381940475,open,0.24,0.0,0.2135,0.2645,0.23731691,64.76,None,0.0,BTC-27MAR20-7500-C,9312.55,58.37,0.232,16.0,0.2435,16.0,71.53,8.37611,-4.76832,9.30804,9e-05,0.86096
9578.24,BTC-27MAR20,1580381940476,open,0.0,306.9,0.0005,0.0105,0.00071619,120.37,0.001,0.0,BTC-27MAR20-36000-C,9312.55,116.34,0.0005,18.1,0.001,30.0,124.45,0.58579,-0.61988,0.06996,0.0,0.0054
9780.4,BTC-26JUN20,1580381940475,open,0.01,373.0,0.0005,0.026,0.00771478,91.23,0.0075,0.0,BTC-26JUN20-32000-C,9312.55,89.88,0.007,41.4,0.0085,15.0,92.62,5.361,-1.65363,1.27798,2e-05,0.03997
9578.24,BTC-27MAR20,1580381940476,open,0.0,328.0,0.0005,0.011,0.00143578,102.39,0.0025,0.0,BTC-27MAR20-26000-C,9312.55,98.28,0.001,50.0,0.002,73.1,106.55,1.15034,-1.0354,0.15234,1e-05,0.01164
9578.24,BTC-27MAR20,1580381940476,open,0.0,36.9,0.0005,0.011,0.00144851,90.02,0.002,0.0,BTC-27MAR20-4500-P,9312.55,85.48,0.001,44.0,0.002,40.1,94.49,1.06257,-0.84092,-0.18023,1e-05,-0.01063
9578.24,BTC-27MAR20,1580381940476,open,0.0,899.7,0.0005,0.0105,0.00035156,120.37,0.0005,0.0,BTC-27MAR20-40000-C,9312.55,0.0,0.0,0.0,0.001,50.8,132.66,0.32465,-0.34353,0.03648,0.0,0.0028
9578.24,BTC-27MAR20,1580381940475,open,0.0,312.1,0.0005,0.0125,0.00275345,95.72,0.003,0.0,BTC-27MAR20-22000-C,9312.55,94.47,0.0025,13.3,0.003,1.0,96.87,1.9939,-1.67789,0.28911,1e-05,0.02212
9316.89,SYN.BTC-31JAN20,1580381940474,open,0.15,0.0,0.1315,0.179,0.15396829,119.5,None,0.0,BTC-31JAN20-10750-P,9312.55,0.0,0.0005,0.2,0.0,0.0,0.0,0.09853,-5.88687,-0.25619,4e-05,-0.99214
9780.4,BTC-26JUN20,1580381940476,open,1.45,0.0,1.4115,1.54,1.46928238,83.68,None,0.0,BTC-26JUN20-24000-P,9312.55,0.0,0.0005,1.0,0.0,0.0,0.0,9.07332,-2.56715,-94.75525,3e-05,-0.92207
9578.24,BTC-27MAR20,1580381940476,open,0.02,730.5,0.0085,0.0405,0.02038795,64.81,0.02,0.0,BTC-27MAR20-7500-P,9312.55,63.79,0.0195,46.3,0.021,16.3,65.5,8.38225,-4.77571,-2.38167,9e-05,-0.13919
9578.24,BTC-27MAR20,1580381940476,open,1.08,5.2,1.0485,1.1435,1.09219416,92.14,2.035,0.0,BTC-27MAR20-20000-P,9312.55,0.0,0.0,0.0,0.0,0.0,0.0,2.76385,-2.23881,-30.73807,2e-05,-0.96728
9578.24,BTC-27MAR20,1580381940476,open,0.02,583.9,0.0085,0.0465,0.02219901,70.49,0.0225,0.0,BTC-27MAR20-13000-C,9312.55,69.78,0.0215,42.6,0.023,10.0,71.29,9.5266,-5.9032,2.18893,9e-05,0.16886
9780.4,BTC-26JUN20,1580381940476,open,0.41,69.7,0.388,0.438,0.4103286,70.08,0.4,0.0,BTC-26JUN20-6000-C,9312.55,53.52,0.3955,15.0,0.4295,15.0,86.24,10.41338,-2.46744,19.65349,4e-05,0.90633
9578.24,BTC-27MAR20,1580381940476,open,1.29,5.6,1.2525,1.354,1.29960882,95.64,1.545,0.0,BTC-27MAR20-22000-P,9312.55,0.0,0.0,0.0,0.0,0.0,0.0,1.98545,-1.66931,-33.99353,1e-05,-0.97799
9780.4,BTC-26JUN20,1580381940476,open,0.05,278.6,0.023,0.0865,0.04766864,75.32,0.05,0.0,BTC-26JUN20-16000-C,9312.55,74.15,0.0455,31.3,0.05,14.3,76.57,18.22247,-4.64104,6.65688,6e-05,0.21567
9578.24,BTC-27MAR20,1580381940476,open,0.16,76.0,0.133,0.194,0.16150625,64.02,0.1655,0.0,BTC-27MAR20-8500-C,9312.55,61.34,0.158,2.5,0.1625,20.3,64.77,12.60703,-7.09498,8.41618,0.00014,0.7254
9578.24,BTC-27MAR20,1580381940476,open,0.28,66.3,0.25,0.3305,0.28670634,68.32,0.2925,0.0,BTC-27MAR20-12000-P,9312.55,0.0,0.238,3.0,0.3385,3.0,105.65,11.79816,-7.08609,-15.59751,0.00012,-0.75834
9780.4,BTC-26JUN20,1580381940476,open,1.86,0.0,1.81,1.95,1.87345422,87.75,None,0.0,BTC-26JUN20-28000-P,9312.55,0.0,0.0005,1.0,0.0,0.0,0.0,6.86098,-2.03559,-111.7045,2e-05,-0.94564
9780.4,BTC-26JUN20,1580381940476,open,1.65,0.0,1.6105,1.745,1.67121192,86.01,None,0.0,BTC-26JUN20-26000-P,9312.55,0.0,0.0005,1.0,0.0,0.0,0.0,7.91756,-2.3027,-103.25886,2e-05,-0.93474
9578.24,BTC-27MAR20,1580381940476,open,0.0,163.3,0.0005,0.0105,0.00089913,108.73,0.001,0.0,BTC-27MAR20-30000-C,9312.55,102.54,0.0005,94.5,0.0015,73.0,114.96,0.7583,-0.7248,0.09452,0.0,0.00723
9578.24,BTC-27MAR20,1580381940476,open,0.01,163.6,0.0005,0.022,0.00876189,71.08,0.01,0.0,BTC-27MAR20-6500-P,9312.55,69.51,0.008,44.0,0.0095,38.4,72.55,4.73687,-2.95997,-1.08604,5e-05,-0.064
9578.24,BTC-27MAR20,1580381940476,open,0.37,0.0,0.343,0.4235,0.37943076,70.48,None,0.0,BTC-27MAR20-13000-P,9312.55,0.0,0.332,3.0,0.432,3.0,112.74,9.52478,-5.90111,-18.06875,9e-05,-0.83119
9780.4,BTC-26JUN20,1580381940476,open,0.01,420.4,0.003,0.036,0.01292091,86.12,0.0135,0.0,BTC-26JUN20-26000-C,9312.55,84.96,0.012,15.0,0.0135,8.4,86.83,7.94829,-2.31453,2.08675,2e-05,0.06558
9780.4,BTC-26JUN20,1580381940476,open,0.03,1120.0,0.0095,0.0565,0.02544173,79.71,0.027,0.0,BTC-26JUN20-20000-C,9312.55,78.59,0.024,39.6,0.027,35.7,80.89,12.72833,-3.43059,3.89711,4e-05,0.12379
9578.24,BTC-27MAR20,1580381940476,open,1.49,0.0,1.4575,1.565,1.50782101,100.37,None,0.0,BTC-27MAR20-24000-P,9312.55,0.0,0.0015,0.5,0.0,0.0,0.0,1.5935,-1.40608,-37.17605,1e-05,-0.98301
9578.24,BTC-27MAR20,1580381940476,open,0.0,533.0,0.0005,0.012,0.00247671,85.42,0.0025,0.0,BTC-27MAR20-5000-P,9312.55,82.51,0.002,29.0,0.003,50.0,88.24,1.67541,-1.25812,-0.30593,1e-05,-0.01802
9316.89,SYN.BTC-31JAN20,1580381940475,open,0.0,1132.8,0.0005,0.0105,0.0,77.9,0.0005,0.0,BTC-31JAN20-7000-P,9312.55,0.0,0.0,0.0,0.0005,20.5,261.93,0.0,0.0,0.0,0.0,0.0
9577.99,BTC-27MAR20,1580381940477,open,1.7,0.0,1.6615,1.777,1.71589928,101.59,None,0.0,BTC-27MAR20-26000-P,9312.55,0.0,0.0,0.0,0.0,0.0,0.0,1.09661,-0.97937,-40.36977,1e-05,-0.98898
9447.56,SYN.BTC-28FEB20,1580381940475,open,0.04,228.6,0.0235,0.0695,0.04320504,58.61,0.041,0.0,BTC-28FEB20-9000-P,9312.55,55.54,0.04,53.4,0.043,20.0,58.42,9.87455,-10.02194,-2.96244,0.00024,-0.35316
9577.99,BTC-27MAR20,1580381940477,open,0.53,27.0,0.521,0.544,0.53159778,89.81,0.535,0.0,BTC-27MAR20-4500-C,9312.55,0.0,0.5255,14.0,0.54,14.0,127.4,1.05129,-0.82999,6.83413,1e-05,0.9895
9577.99,BTC-27MAR20,1580381940477,open,0.0,247.6,0.0005,0.0105,0.00089832,113.85,0.0015,0.0,BTC-27MAR20-32000-C,9312.55,107.47,0.0005,64.1,0.0015,64.0,120.31,0.73321,-0.73388,0.09049,0.0,0.00696
9780.4,BTC-26JUN20,1580381940477,open,0.5,0.0,0.484,0.521,0.50029109,74.07,None,0.0,BTC-26JUN20-5000-C,9312.55,53.55,0.491,11.0,0.5155,11.0,93.36,6.27446,-1.57151,17.87562,2e-05,0.95142
9577.99,BTC-27MAR20,1580381940477,open,0.0,711.9,0.0005,0.0155,0.00397107,91.59,0.004,0.0,BTC-27MAR20-20000-C,9312.55,89.85,0.0035,38.9,0.0045,72.0,93.4,2.69688,-2.17158,0.41474,2e-05,0.03176
9780.4,BTC-26JUN20,1580381940477,open,0.01,390.5,0.002,0.0265,0.0115009,74.05,0.012,0.0,BTC-26JUN20-5000-P,9312.55,72.45,0.0105,15.0,0.0125,46.5,75.58,6.27012,-1.56987,-2.37899,2e-05,-0.04854
9951.41,SYN.BTC-25SEP20,1580381940474,open,0.27,106.7,0.221,0.3145,0.26404793,70.25,0.273,0.0,BTC-25SEP20-9000-C,9312.55,63.01,0.243,15.0,0.275,15.0,74.03,28.87955,-4.24655,26.93311,6e-05,0.67759
9316.89,SYN.BTC-31JAN20,1580381940474,open,0.12,164.1,0.0965,0.132,0.11444072,0.0,0.1225,0.0,BTC-31JAN20-8250-C,9312.55,0.0,0.1135,0.8,0.117,0.8,169.67,0.0,0.0,0.19793,0.0,1.0
9780.4,BTC-26JUN20,1580381940477,open,0.17,599.8,0.1245,0.2095,0.16342613,68.47,0.1655,0.0,BTC-26JUN20-10000-C,9312.55,67.9,0.162,10.2,0.165,15.9,69.1,24.49155,-5.66991,15.96335,9e-05,0.56629
9577.99,BTC-27MAR20,1580381940477,open,0.01,653.7,0.0005,0.0195,0.00570438,86.11,0.006,0.0,BTC-27MAR20-18000-C,9312.55,84.18,0.005,46.5,0.0065,83.1,88.12,3.64004,-2.75542,0.59962,3e-05,0.04588
9577.99,BTC-27MAR20,1580381940477,open,2.12,0.0,2.0715,2.201,2.13323675,110.59,None,0.0,BTC-27MAR20-30000-P,9312.55,0.0,0.0,0.0,0.0,0.0,0.0,0.85266,-0.82896,-46.63957,1e-05,-0.99174
9780.4,BTC-26JUN20,1580381940477,open,2.26,0.0,2.2095,2.362,2.27945756,91.03,None,0.0,BTC-26JUN20-32000-P,9312.55,0.0,0.0005,1.0,0.0,0.0,0.0,5.31398,-1.6356,-128.37929,2e-05,-0.96046
9780.4,BTC-26JUN20,1580381940477,open,0.02,371.8,0.011,0.046,0.02378038,70.06,0.0225,0.0,BTC-26JUN20-6000-P,9312.55,68.84,0.0225,15.0,0.025,15.0,71.19,10.41016,-2.46602,-4.65249,4e-05,-0.09364
9447.56,SYN.BTC-28FEB20,1580381940474,open,0.02,564.2,0.008,0.042,0.02080531,63.18,0.021,0.0,BTC-28FEB20-11000-C,9312.55,61.6,0.0195,60.3,0.022,39.3,64.6,7.89781,-8.64006,1.49967,0.00018,0.22145
9577.99,BTC-27MAR20,1580381940478,open,2.53,0.0,2.4805,2.627,2.55069907,118.57,None,0.0,BTC-27MAR20-34000-P,9312.55,0.0,0.0,0.0,0.0,0.0,0.0,0.70938,-0.73946,-52.89335,0.0,-0.99329
9577.99,BTC-27MAR20,1580381940478,open,0.47,67.8,0.4405,0.5225,0.47758568,73.9,0.48,0.0,BTC-27MAR20-14000-P,9312.55,0.0,0.4295,3.0,0.53,3.0,120.57,7.73884,-5.0279,-20.20219,7e-05,-0.87601
9780.4,BTC-26JUN20,1580381940478,open,0.01,91.7,0.0005,0.029,0.00919343,89.89,0.008,0.0,BTC-26JUN20-30000-C,9312.55,88.76,0.0085,1.0,0.01,15.0,91.15,6.12936,-1.86297,1.50522,2e-05,0.04718
9780.4,BTC-26JUN20,1580381940478,open,0.02,58.2,0.007,0.0485,0.02018066,82.34,0.018,0.0,BTC-26JUN20-22000-C,9312.55,81.73,0.0195,1.0,0.021,36.6,83.07,10.8818,-3.02971,3.14122,3e-05,0.09946
9577.99,BTC-27MAR20,1580381940478,open,0.2,2.2,0.165,0.2425,0.20040583,65.72,0.1985,0.0,BTC-27MAR20-11000-P,9312.55,64.06,0.198,2.5,0.2025,2.5,67.16,13.90221,-8.0322,-12.79426,0.00015,-0.65684
9577.99,BTC-27MAR20,1580381940478,open,0.38,22.1,0.363,0.3985,0.37934653,75.33,0.354,0.0,BTC-27MAR20-6000-C,9312.55,63.75,0.376,14.9,0.3935,17.8,103.37,3.4272,-2.2696,8.62768,3e-05,0.95742
9780.4,BTC-26JUN20,1580381940478,open,0.6,0.5,0.585,0.612,0.5965299,81.29,0.589,0.0,BTC-26JUN20-4000-C,9312.55,56.59,0.5915,12.0,0.6065,12.0,102.09,3.45188,-0.94882,15.05673,1e-05,0.97652
9780.4,BTC-26JUN20,1580381940478,open,0.67,2.1,0.6315,0.7475,0.68354002,75.3,0.89,0.0,BTC-26JUN20-16000-P,9312.55,0.0,0.0,0.0,1.23,0.1,310.85,18.21554,-4.63751,-58.16882,6e-05,-0.78447
9577.99,BTC-27MAR20,1580381940478,open,0.57,0.0,0.54,0.623,0.57761508,76.76,None,0.0,BTC-27MAR20-15000-P,9312.55,0.0,0.53,3.0,0.6305,3.0,128.56,6.23799,-4.2096,-22.1733,6e-05,-0.90805
9577.99,BTC-27MAR20,1580381940478,open,0.05,220.2,0.0285,0.0835,0.05188184,65.68,0.0525,0.0,BTC-27MAR20-11000-C,9312.55,64.73,0.0505,21.2,0.0535,72.2,66.79,13.89996,-8.02606,4.34503,0.00015,0.34301
9577.99,BTC-27MAR20,1580381940478,open,0.02,1259.4,0.005,0.0375,0.01595148,73.97,0.0165,0.0,BTC-27MAR20-14000-C,9312.55,72.77,0.015,23.5,0.017,91.5,75.24,7.74974,-5.03923,1.61611,7e-05,0.12424
9577.99,BTC-27MAR20,1580381940478,open,0.0,187.7,0.0005,0.011,0.00128963,107.33,0.001,0.0,BTC-27MAR20-28000-C,9312.55,104.36,0.001,20.0,0.002,63.8,112.98,1.02217,-0.96443,0.13246,1e-05,0.01016
9951.41,SYN.BTC-25SEP20,1580381940475,open,0.12,127.7,0.0815,0.165,0.11802916,70.27,0.109,0.0,BTC-25SEP20-8000-P,9312.55,66.96,0.1095,8.5,0.116,8.5,69.49,25.69103,-3.77897,-24.09934,6e-05,-0.252
9780.4,BTC-26JUN20,1580381940478,open,2.06,0.0,2.01,2.156,2.07645228,89.73,None,0.0,BTC-26JUN20-30000-P,9312.55,0.0,0.0005,1.0,0.0,0.0,0.0,6.08825,-1.84717,-120.0481,2e-05,-0.95321
9577.99,BTC-27MAR20,1580381940478,open,1.91,0.0,1.866,1.99,1.92455801,106.35,None,0.0,BTC-27MAR20-28000-P,9312.55,0.0,0.0,0.0,0.0,0.0,0.0,0.96416,-0.90147,-43.50652,1e-05,-0.99049
9577.99,BTC-27MAR20,1580381940479,open,0.01,221.6,0.0015,0.03,0.01144601,76.64,0.011,0.0,BTC-27MAR20-15000-C,9312.55,75.15,0.0105,73.5,0.0125,81.3,78.23,6.2167,-4.18864,1.19513,6e-05,0.09152
9780.4,BTC-26JUN20,1580381940478,open,0.49,12.5,0.449,0.562,0.50004386,72.78,0.619,0.0,BTC-26JUN20-14000-P,9312.55,0.0,0.0,0.0,0.69,1.0,149.92,21.4346,-5.27446,-47.80158,8e-05,-0.70633
9447.56,SYN.BTC-28FEB20,1580381940475,open,0.27,0.0,0.251,0.317,0.28120652,68.3,None,0.0,BTC-28FEB20-12000-P,9312.55,0.0,0.0,0.0,0.0,0.0,0.0,5.48024,-6.48167,-8.63914,0.00011,-0.87467
9951.41,SYN.BTC-25SEP20,1580381940475,open,0.29,31.2,0.2415,0.358,0.29426286,71.04,0.355,0.0,BTC-25SEP20-11000-P,9312.55,0.0,0.0,0.0,0.3875,0.6,100.55,31.91244,-4.74527,-48.79769,7e-05,-0.455
9316.89,SYN.BTC-31JAN20,1580381940475,open,0.0,1036.1,0.0005,0.0105,2.4e-07,77.56,0.0005,0.0,BTC-31JAN20-8000-P,9312.55,0.0,0.0,0.0,0.0005,24.3,151.27,0.00054,-0.00223,-1e-05,0.0,-3e-05
9349.56,SYN.BTC-7FEB20,1580381940477,open,0.12,0.0,0.103,0.157,0.12819617,63.81,None,0.0,BTC-7FEB20-10500-P,9312.55,0.0,0.026,0.1,0.0,0.0,0.0,2.69525,-10.91906,-2.04037,0.00022,-0.8832
9951.41,SYN.BTC-25SEP20,1580381940476,open,0.87,0.2,0.819,0.9605,0.8820872,76.65,1.02,0.0,BTC-25SEP20-18000-P,9312.55,0.0,0.0,0.0,1.17,0.5,169.38,26.07272,-4.18301,-105.69305,5e-05,-0.74078
9316.89,SYN.BTC-31JAN20,1580381940476,open,0.0,154.7,0.0005,0.0105,0.0,77.97,0.001,0.0,BTC-31JAN20-6750-P,9312.55,0.0,0.0,0.0,0.0015,29.0,342.88,0.0,0.0,0.0,0.0,0.0
9951.41,SYN.BTC-25SEP20,1580381940475,open,0.61,0.1,0.5945,0.626,0.60800801,73.56,0.567,0.0,BTC-25SEP20-4000-C,9312.55,58.24,0.601,8.0,0.622,8.0,91.93,6.02927,-0.92837,23.33501,1e-05,0.96631
9780.4,BTC-26JUN20,1580381940481,open,1.06,0.1,1.0165,1.137,1.07028097,79.66,1.85,0.0,BTC-26JUN20-20000-P,9312.55,0.0,0.0005,2.0,1.88,0.1,492.05,12.71253,-3.42412,-77.13671,4e-05,-0.87643
9349.56,SYN.BTC-7FEB20,1580381940476,open,0.31,0.0,0.291,0.3195,0.30483224,84.76,None,0.0,BTC-7FEB20-6500-C,9312.55,0.0,0.2995,10.0,0.317,10.0,198.17,0.06421,-0.34551,1.39953,0.0,0.99857
9349.56,SYN.BTC-7FEB20,1580381940477,open,0.04,61.1,0.022,0.071,0.04146325,55.53,0.038,0.0,BTC-7FEB20-9500-P,9312.55,49.53,0.038,18.0,0.0405,2.5,53.86,5.41361,-19.08399,-1.21653,0.00052,-0.56156
9447.56,SYN.BTC-28FEB20,1580381940476,open,0.03,108.0,0.0135,0.054,0.02999412,61.32,0.028,0.0,BTC-28FEB20-10500-C,9312.55,59.78,0.0285,40.3,0.0315,62.3,62.85,9.23067,-9.80072,2.01348,0.00021,0.29939
9316.89,SYN.BTC-31JAN20,1580381940476,open,0.04,9.8,0.0265,0.073,0.04827558,73.2,0.0465,0.0,BTC-31JAN20-9750-P,9312.55,0.0,0.045,0.8,0.0485,0.8,75.64,0.83407,-30.52499,-0.21068,0.00055,-0.89425
9447.56,SYN.BTC-28FEB20,1580381940475,open,0.22,94.8,0.194,0.237,0.21435196,65.46,0.216,0.0,BTC-28FEB20-7500-C,9312.55,55.76,0.2105,15.0,0.2355,15.0,100.69,4.28526,-4.85708,5.20562,9e-05,0.91084
9447.56,SYN.BTC-28FEB20,1580381940475,open,0.18,0.0,0.155,0.22,0.1852215,63.29,None,0.0,BTC-28FEB20-11000-P,9312.55,0.0,0.1375,4.2,0.2545,2.0,131.96,7.90807,-8.6668,-7.19954,0.00018,-0.77804
9447.56,SYN.BTC-28FEB20,1580381940474,open,0.1,0.5,0.0745,0.135,0.10215956,59.85,0.096,0.0,BTC-28FEB20-10000-P,9312.55,24.95,0.067,5.0,0.1165,0.1,72.92,10.26603,-10.63855,-5.24827,0.00024,-0.60003
9951.41,SYN.BTC-25SEP20,1580381940476,open,0.69,4.9,0.639,0.777,0.70111641,75.17,0.7755,0.0,BTC-25SEP20-16000-P,9312.55,0.0,0.0,0.0,0.858,0.3,125.21,28.66595,-4.51047,-90.1603,6e-05,-0.68325
9951.41,SYN.BTC-25SEP20,1580381940477,open,1.83,0.0,1.7715,1.932,1.84332943,83.51,None,0.0,BTC-25SEP20-28000-P,9312.55,0.0,0.0,0.0,0.0,0.0,0.0,15.75548,-2.75401,-177.60173,3e-05,-0.88366
9316.89,SYN.BTC-31JAN20,1580381940475,open,0.04,1143.9,0.015,0.0575,0.03594439,62.39,0.0375,0.0,BTC-31JAN20-9000-C,9312.55,44.04,0.0345,0.8,0.0375,2.8,76.07,0.94233,-29.39558,0.18743,0.00073,0.87444
9316.89,SYN.BTC-31JAN20,1580381940476,open,0.0,730.1,0.0005,0.0105,0.00020034,106.0,0.0015,0.0,BTC-31JAN20-10500-C,9312.55,0.0,0.0,0.0,0.0005,1.4,120.63,0.13642,-1.86656,0.00251,6e-05,0.01141
9447.56,SYN.BTC-28FEB20,1580381940477,open,0.01,963.9,0.0005,0.0215,0.00827209,65.6,0.008,0.0,BTC-28FEB20-7500-P,9312.55,63.87,0.0075,44.0,0.009,45.9,67.17,4.2998,-4.88416,-0.73127,9e-05,-0.08957
9316.89,SYN.BTC-31JAN20,1580381940478,open,0.47,18.7,0.4525,0.4735,0.46329347,0.0,0.454,0.0,BTC-31JAN20-5000-C,9312.55,0.0,0.459,19.0,0.4715,19.0,500.0,0.0,0.0,0.11996,0.0,1.0
9447.56,SYN.BTC-28FEB20,1580381940475,open,0.38,0.0,0.352,0.4195,0.38282761,74.52,None,0.0,BTC-28FEB20-13000-P,9312.55,0.0,0.0,0.0,0.0,0.0,0.0,3.87882,-5.00511,-9.75176,7e-05,-0.92191
9316.89,SYN.BTC-31JAN20,1580381940476,open,0.0,749.1,0.0005,0.0105,0.0,78.04,0.0005,0.0,BTC-31JAN20-6500-P,9312.55,0.0,0.0,0.0,0.0005,1.0,321.49,0.0,0.0,0.0,0.0,0.0
9316.89,SYN.BTC-31JAN20,1580381940478,open,0.0,740.4,0.0005,0.0155,0.00201615,63.21,0.0025,0.0,BTC-31JAN20-9000-P,9312.55,57.9,0.0015,3.3,0.0025,111.3,67.72,0.95808,-18.78423,-0.02919,0.00073,-0.12858
9316.89,SYN.BTC-31JAN20,1580381940476,open,0.09,0.0,0.079,0.1275,0.10095328,108.42,None,0.0,BTC-31JAN20-10250-P,9312.55,0.0,0.0495,5.0,0.15,5.0,446.27,0.37961,-20.57921,-0.23753,0.00017,-0.9617
9951.41,SYN.BTC-25SEP20,1580381940474,open,0.52,0.0,0.5,0.545,0.5198032,70.95,None,0.0,BTC-25SEP20-5000-C,9312.55,57.52,0.5075,8.0,0.5395,8.0,87.19,10.64572,-1.58105,26.8044,2e-05,0.93137
9349.56,SYN.BTC-7FEB20,1580381940477,open,0.0,325.1,0.0005,0.0155,0.00374682,63.94,0.004,0.0,BTC-7FEB20-8250-P,9312.55,60.47,0.003,50.2,0.0045,111.0,67.13,2.11685,-8.59267,-0.17687,0.00018,-0.08393
9316.89,SYN.BTC-31JAN20,1580381940477,open,0.0,402.1,0.0005,0.0105,0.0,77.65,0.0005,0.0,BTC-31JAN20-7750-P,9312.55,0.0,0.0,0.0,0.0005,21.3,178.15,1e-05,-4e-05,0.0,0.0,0.0
9447.56,SYN.BTC-28FEB20,1580381940475,open,0.37,0.5,0.3525,0.383,0.36683338,83.72,0.36,0.0,BTC-28FEB20-6000-C,9312.55,0.0,0.3595,16.0,0.3795,16.0,129.39,1.30786,-1.89592,4.57996,2e-05,0.97961
9951.41,SYN.BTC-25SEP20,1580381940475,open,0.06,165.0,0.029,0.106,0.05888491,78.08,0.0575,0.0,BTC-25SEP20-20000-C,9312.55,77.07,0.0565,10.7,0.0615,16.7,79.18,23.52275,-3.84448,10.16727,5e-05,0.215
9951.41,SYN.BTC-25SEP20,1580381940477,open,0.22,36.8,0.1785,0.286,0.22679254,70.28,0.215,0.0,BTC-25SEP20-10000-P,9312.55,66.49,0.215,6.5,0.2285,6.5,70.83,30.91921,-4.5483,-40.26049,7e-05,-0.39139
9349.56,SYN.BTC-7FEB20,1580381940474,open,0.26,0.0,0.236,0.2685,0.25172541,86.37,None,0.0,BTC-7FEB20-7000-C,9312.55,0.0,0.245,16.0,0.2655,16.0,174.17,0.35079,-1.92354,1.49034,2e-05,0.99048
9951.41,SYN.BTC-25SEP20,1580381940476,open,1.06,0.1,1.004,1.149,1.06881608,78.15,1.21,0.0,BTC-25SEP20-20000-P,9312.55,0.0,0.0,0.0,1.35,0.4,170.61,23.54651,-3.85183,-120.70999,5e-05,-0.78463
9316.89,SYN.BTC-31JAN20,1580381940475,open,0.0,713.4,0.0005,0.0105,0.0,77.74,0.0005,0.0,BTC-31JAN20-7500-P,9312.55,0.0,0.0,0.0,0.0005,49.0,205.47,0.0,0.0,0.0,0.0,0.0
9316.89,SYN.BTC-31JAN20,1580381940476,open,0.17,0.2,0.1515,0.184,0.16810488,0.0,0.1355,0.0,BTC-31JAN20-7750-C,9312.55,0.0,0.1615,15.0,0.181,11.4,365.27,0.0,0.0,0.18594,0.0,1.0
9316.89,SYN.BTC-31JAN20,1580381940475,open,0.0,1432.2,0.0005,0.0105,6.49e-06,77.47,0.0005,0.0,BTC-31JAN20-8250-P,9312.55,0.0,0.0,0.0,0.0005,50.7,124.72,0.01008,-0.06051,-0.00014,1e-05,-0.00063
9951.41,SYN.BTC-25SEP20,1580381940475,open,0.02,147.7,0.008,0.0565,0.02313575,86.13,0.025,0.0,BTC-25SEP20-32000-C,9312.55,84.89,0.0215,11.0,0.025,36.0,87.5,13.30085,-2.39803,4.49266,2e-05,0.09212
9316.89,SYN.BTC-31JAN20,1580381940475,open,0.0,751.8,0.0005,0.0105,1e-08,106.04,0.0005,0.0,BTC-31JAN20-12000-C,9312.55,0.0,0.0,0.0,0.0005,41.0,227.32,1e-05,-6e-05,0.0,0.0,0.0
9316.89,SYN.BTC-31JAN20,1580381940478,open,0.28,0.0,0.263,0.3145,0.28809568,191.22,None,0.0,BTC-31JAN20-12000-P,9312.55,0.0,0.0,0.0,0.0,0.0,0.0,0.05361,-5.12552,-0.28704,1e-05,-0.99604
9316.89,SYN.BTC-31JAN20,1580381940478,open,0.0,284.2,0.0005,0.0105,0.00073918,77.22,0.001,0.0,BTC-31JAN20-8750-P,9312.55,71.66,0.0005,50.7,0.001,1.0,82.24,0.44507,-6.8869,-0.01059,0.00028,-0.04663
9951.41,SYN.BTC-25SEP20,1580381940477,open,1.44,0.0,1.3845,1.5365,1.45208706,80.85,None,0.0,BTC-25SEP20-24000-P,9312.55,0.0,0.0,0.0,0.0,0.0,0.0,19.111,-3.23413,-149.66096,4e-05,-0.84588
9316.89,SYN.BTC-31JAN20,1580381940475,open,0.07,9.1,0.0525,0.1,0.07431255,88.98,0.21,0.0,BTC-31JAN20-10000-P,9312.55,0.0,0.0235,5.0,0.124,5.0,406.57,0.50486,-22.46174,-0.22793,0.00027,-0.94538
9951.41,SYN.BTC-25SEP20,1580381940475,open,0.44,1.0,0.414,0.4745,0.44107041,70.24,0.425,0.0,BTC-25SEP20-6000-C,9312.55,55.21,0.419,7.0,0.466,7.0,84.75,16.11307,-2.36896,28.58032,4e-05,0.87991
9951.41,SYN.BTC-25SEP20,1580381940478,open,0.01,98.4,0.0005,0.023,0.00999424,73.62,0.011,0.0,BTC-25SEP20-4000-P,9312.55,71.94,0.009,10.0,0.011,18.6,75.23,6.03942,-0.93062,-2.8498,1e-05,-0.03376
9951.41,SYN.BTC-25SEP20,1580381940476,open,0.36,3.5,0.312,0.435,0.36750323,71.79,0.4955,0.0,BTC-25SEP20-12000-P,9312.55,0.0,0.0,0.0,0.5,0.1,113.28,32.10061,-4.82381,-57.32726,7e-05,-0.51273
9316.89,SYN.BTC-31JAN20,1580381940476,open,0.2,439.8,0.179,0.2105,0.19494021,0.0,0.1975,0.0,BTC-31JAN20-7500-C,9312.55,0.0,0.1885,16.0,0.2075,12.4,406.65,0.0,0.0,0.17994,0.0,1.0
9951.41,SYN.BTC-25SEP20,1580381940476,open,0.02,351.7,0.0105,0.043,0.02228599,70.99,0.0265,0.0,BTC-25SEP20-5000-P,9312.55,70.25,0.0215,1.0,0.023,18.0,71.66,10.65362,-1.58309,-5.9253,2e-05,-0.06869
9447.56,SYN.BTC-28FEB20,1580381940477,open,0.14,0.0,0.112,0.1755,0.14148231,61.41,None,0.0,BTC-28FEB20-10500-P,9312.55,0.0,0.1085,7.0,0.186,3.4,103.72,9.23578,-9.82097,-6.29117,0.00021,-0.70025
9447.56,SYN.BTC-28FEB20,1580381940478,open,0.06,127.4,0.044,0.099,0.06870007,58.62,0.0625,0.0,BTC-28FEB20-9500-P,9312.55,55.77,0.0655,33.3,0.0695,36.7,59.34,10.58842,-10.74812,-4.10485,0.00026,-0.48051
9349.56,SYN.BTC-7FEB20,1580381940475,open,0.04,372.1,0.0195,0.0655,0.03639505,52.82,0.039,0.0,BTC-7FEB20-9250-C,9312.55,52.13,0.036,20.0,0.0385,2.7,56.46,5.39403,-18.08679,1.0768,0.00054,0.57016
9951.41,SYN.BTC-25SEP20,1580381940476,open,2.22,0.0,2.162,2.3335,2.23902562,86.33,None,0.0,BTC-25SEP20-32000-P,9312.55,0.0,0.0,0.0,0.0,0.0,0.0,13.38325,-2.41845,-204.89966,2e-05,-0.90711
9316.89,SYN.BTC-31JAN20,1580381940477,open,0.0,619.4,0.0005,0.0105,9.232e-05,77.37,0.0005,0.0,BTC-31JAN20-8500-P,9312.55,0.0,0.0,0.0,0.0005,28.0,98.28,0.09271,-0.86011,-0.00166,6e-05,-0.00734
9447.56,SYN.BTC-28FEB20,1580381940475,open,0.01,677.6,0.0005,0.0205,0.00669938,74.25,0.0065,0.0,BTC-28FEB20-13000-C,9312.55,72.48,0.006,24.0,0.0075,72.3,76.16,3.84585,-4.94432,0.52705,7e-05,0.07722
9447.56,SYN.BTC-28FEB20,1580381940475,open,0.47,0.6,0.4605,0.484,0.47144344,97.46,0.465,0.0,BTC-28FEB20-5000-C,9312.55,0.0,0.4665,12.0,0.481,12.0,155.81,0.51631,-0.87127,3.89834,1e-05,0.99302
9951.41,SYN.BTC-25SEP20,1580381940478,open,0.07,75.4,0.0395,0.1235,0.07314915,76.59,0.073,0.0,BTC-25SEP20-18000-C,9312.55,75.57,0.0705,10.5,0.076,18.2,77.67,26.05681,-4.17734,12.0985,5e-05,0.25892
9316.89,SYN.BTC-31JAN20,1580381940479,open,0.2,0.0,0.184,0.233,0.20759166,146.66,None,0.0,BTC-31JAN20-11250-P,9312.55,0.0,0.0005,0.2,0.0,0.0,0.0,0.06385,-4.68188,-0.26885,2e-05,-0.99518
9349.56,SYN.BTC-7FEB20,1580381940477,open,0.0,60.8,0.0005,0.0105,0.00011182,91.1,0.0005,0.0,BTC-7FEB20-6500-P,9312.55,0.0,0.0,0.0,0.001,70.0,119.11,0.11384,-0.65843,-0.00565,1e-05,-0.00269
9447.56,SYN.BTC-28FEB20,1580381940479,open,0.17,222.9,0.1445,0.1915,0.16709682,60.95,0.1715,0.0,BTC-28FEB20-8000-C,9312.55,42.94,0.1575,15.0,0.1905,15.0,92.01,6.0711,-6.40743,5.1376,0.00014,0.85448
9316.89,SYN.BTC-31JAN20,1580381940475,open,0.23,0.4,0.206,0.237,0.22177553,0.0,0.2125,0.0,BTC-31JAN20-7250-C,9312.55,0.0,0.2155,14.0,0.2325,14.1,430.91,0.0,0.0,0.17394,0.0,1.0
9349.56,SYN.BTC-7FEB20,1580381940475,open,0.06,25.9,0.037,0.0895,0.05955251,56.7,0.0615,0.0,BTC-7FEB20-9750-P,9312.55,0.0,0.038,0.5,0.078,7.0,90.13,4.92457,-17.7264,-1.48777,0.00046,-0.67793
9951.41,SYN.BTC-25SEP20,1580381940475,open,0.32,34.0,0.2745,0.3605,0.3140567,70.25,0.306,0.0,BTC-25SEP20-8000-C,9312.55,61.26,0.291,15.0,0.322,15.0,73.32,25.6904,-3.77749,28.26207,6e-05,0.74801
9951.41,SYN.BTC-25SEP20,1580381940475,open,0.38,5.6,0.3385,0.4135,0.37282015,70.24,0.315,0.0,BTC-25SEP20-7000-C,9312.55,60.54,0.3525,15.0,0.383,15.0,74.94,21.35926,-3.1405,28.91488,5e-05,0.81679
9447.56,SYN.BTC-28FEB20,1580381940476,open,0.01,201.8,0.0005,0.023,0.00819814,70.67,0.0085,0.0,BTC-28FEB20-12500-C,9312.55,69.17,0.0075,69.0,0.009,20.0,72.31,4.49963,-5.50601,0.65055,9e-05,0.09524
9951.41,SYN.BTC-25SEP20,1580381940475,open,0.22,115.8,0.177,0.275,0.22182696,70.25,0.221,0.0,BTC-25SEP20-10000-C,9312.55,68.86,0.2175,8.3,0.2265,15.3,71.76,30.92017,-4.5467,25.18754,7e-05,0.60857
9447.56,SYN.BTC-28FEB20,1580381940477,open,0.42,4.1,0.4065,0.433,0.41890541,89.37,0.414,0.0,BTC-28FEB20-5500-C,9312.55,0.0,0.413,12.0,0.43,12.0,141.97,0.79183,-1.22538,4.25821,1e-05,0.98863
9349.56,SYN.BTC-7FEB20,1580381940476,open,0.23,0.0,0.209,0.243,0.22522385,81.96,None,0.0,BTC-7FEB20-7250-C,9312.55,0.0,0.218,14.0,0.24,14.0,162.75,0.51731,-2.69186,1.53294,3e-05,0.98509
9316.89,SYN.BTC-31JAN20,1580381940475,open,0.31,51.0,0.2885,0.3155,0.30228151,0.0,0.289,0.0,BTC-31JAN20-6500-C,9312.55,0.0,0.2965,17.0,0.3065,17.1,455.13,0.0,0.0,0.15595,0.0,1.0
9316.89,SYN.BTC-31JAN20,1580381940476,open,0.0,291.2,0.0005,0.0105,0.0,77.82,0.0005,0.0,BTC-31JAN20-7250-P,9312.55,0.0,0.0,0.0,0.0005,20.0,233.36,0.0,0.0,0.0,0.0,0.0
9349.56,SYN.BTC-7FEB20,1580381940475,open,0.01,100.3,0.0005,0.0185,0.00505222,63.48,0.005,0.0,BTC-7FEB20-10500-C,9312.55,61.5,0.0045,63.0,0.0055,30.0,65.02,2.67356,-10.77445,0.22276,0.00022,0.11547
9447.56,SYN.BTC-28FEB20,1580381940477,open,0.13,402.2,0.1005,0.1515,0.12482994,58.52,0.121,0.0,BTC-28FEB20-8500-C,9312.55,55.8,0.1225,26.0,0.1345,26.0,69.38,8.15461,-8.26346,4.78909,0.0002,0.76559
9316.89,SYN.BTC-31JAN20,1580381940476,open,0.0,100.9,0.0005,0.0105,1.97e-06,106.03,0.0005,0.0,BTC-31JAN20-11250-C,9312.55,0.0,0.0,0.0,0.0005,49.0,177.01,0.00275,-0.01836,3e-05,0.0,0.00016
9316.89,SYN.BTC-31JAN20,1580381940476,open,0.28,14.0,0.261,0.2895,0.27544618,0.0,0.256,0.0,BTC-31JAN20-6750-C,9312.55,0.0,0.2695,17.0,0.2865,17.0,500.0,0.0,0.0,0.16194,0.0,1.0
9349.56,SYN.BTC-7FEB20,1580381940477,open,0.2,0.2,0.182,0.2185,0.19909198,80.35,0.1115,0.0,BTC-7FEB20-7500-C,9312.55,0.0,0.191,14.0,0.2145,14.0,150.98,0.85649,-4.36915,1.56123,6e-05,0.97298
9316.89,SYN.BTC-31JAN20,1580381940478,open,0.23,0.0,0.2105,0.26,0.23442534,161.79,None,0.0,BTC-31JAN20-11500-P,9312.55,0.0,0.0005,0.2,0.0,0.0,0.0,0.05933,-4.79952,-0.27494,2e-05,-0.99556
9447.56,SYN.BTC-28FEB20,1580381940476,open,0.23,0.0,0.202,0.2675,0.23227132,65.77,None,0.0,BTC-28FEB20-11500-P,9312.55,0.0,0.0,0.0,0.0,0.0,0.0,6.62117,-7.54034,-7.9697,0.00014,-0.83404
9447.56,SYN.BTC-28FEB20,1580381940476,open,0.09,380.9,0.066,0.1185,0.09050088,58.54,0.089,0.0,BTC-28FEB20-9000-C,9312.55,55.18,0.087,26.2,0.0945,17.8,62.36,9.87355,-10.00824,4.15892,0.00024,0.64694
9951.41,SYN.BTC-25SEP20,1580381940475,open,0.03,93.0,0.011,0.066,0.0294258,83.36,0.03,0.0,BTC-25SEP20-28000-C,9312.55,82.12,0.0275,16.0,0.0315,10.0,84.65,15.69336,-2.73831,5.61851,3e-05,0.1157
9349.56,SYN.BTC-7FEB20,1580381940476,open,0.08,0.0,0.056,0.11,0.08056796,58.48,None,0.0,BTC-7FEB20-10000-P,9312.55,0.0,0.049,7.0,0.117,3.4,127.68,4.16674,-15.46995,-1.71661,0.00038,-0.77034
9447.56,SYN.BTC-28FEB20,1580381940476,open,0.02,358.5,0.0105,0.046,0.02460609,58.61,0.023,0.0,BTC-28FEB20-8500-P,9312.55,57.32,0.0235,29.3,0.025,20.0,59.06,8.15939,-8.2803,-1.93779,0.0002,-0.23466
9349.56,SYN.BTC-7FEB20,1580381940475,open,0.0,272.1,0.0005,0.0115,0.00197981,76.26,0.0025,0.0,BTC-7FEB20-7750-P,9312.55,72.31,0.0015,48.8,0.0025,97.0,79.98,1.22483,-5.93023,-0.08818,9e-05,-0.04173
9316.89,SYN.BTC-31JAN20,1580381940475,open,0.0,229.6,0.0005,0.0115,0.0007049,105.99,0.0005,0.0,BTC-31JAN20-10250-C,9312.55,100.0,0.0005,3.2,0.001,52.3,113.01,0.3522,-6.56744,0.00765,0.00016,0.03495
9447.56,SYN.BTC-28FEB20,1580381940475,open,0.0,378.3,0.0005,0.0115,0.00196949,84.09,0.002,0.0,BTC-28FEB20-6000-P,9312.55,80.47,0.0015,64.0,0.0025,10.1,87.59,1.32933,-1.93558,-0.17008,2e-05,-0.02079
9316.89,SYN.BTC-31JAN20,1580381940477,open,0.0,790.5,0.0005,0.0105,1.053e-05,106.02,0.001,0.0,BTC-31JAN20-11000-C,9312.55,0.0,0.0,0.0,0.0005,70.0,159.0,0.0119,-0.09812,0.00017,1e-05,0.00076
9447.56,SYN.BTC-28FEB20,1580381940475,open,0.01,845.2,0.0005,0.016,0.00524587,71.77,0.0045,0.0,BTC-28FEB20-7000-P,9312.55,69.34,0.0045,62.8,0.006,86.2,74.06,3.01266,-3.74406,-0.46029,6e-05,-0.05634
9447.56,SYN.BTC-28FEB20,1580381940477,open,0.32,0.0,0.301,0.3675,0.33139836,70.89,None,0.0,BTC-28FEB20-12500-P,9312.55,0.0,0.0,0.0,0.0,0.0,0.0,4.52794,-5.55833,-9.2331,9e-05,-0.90395
9349.56,SYN.BTC-7FEB20,1580381940477,open,0.0,55.0,0.0005,0.0105,0.00024942,89.94,0.0005,0.0,BTC-7FEB20-6750-P,9312.55,0.0,0.0,0.0,0.001,70.6,108.2,0.2221,-1.26814,-0.01194,1e-05,-0.00567
9316.89,SYN.BTC-31JAN20,1580381940477,open,0.0,231.0,0.0005,0.0105,4.925e-05,106.01,0.0005,0.0,BTC-31JAN20-10750-C,9312.55,0.0,0.0,0.0,0.0005,70.4,140.24,0.04391,-0.4589,0.0007,2e-05,0.00317
9349.56,SYN.BTC-7FEB20,1580381940478,open,0.1,0.0,0.0785,0.1325,0.10379999,61.17,None,0.0,BTC-7FEB20-10250-P,9312.55,0.0,0.0005,0.1,0.0,0.0,0.0,3.3949,-13.18372,-1.89606,0.00029,-0.83606
9349.56,SYN.BTC-7FEB20,1580381940478,open,0.28,0.0,0.2635,0.294,0.27822831,87.07,None,0.0,BTC-7FEB20-6750-C,9312.55,0.0,0.2725,10.0,0.291,10.0,185.23,0.18125,-1.00192,1.44698,1e-05,0.99549
9316.89,SYN.BTC-31JAN20,1580381940479,open,0.0,406.6,0.0005,0.0145,0.00169785,72.17,0.002,0.0,BTC-31JAN20-9750-C,9312.55,69.84,0.0015,0.1,0.002,31.0,75.5,0.8151,-15.81868,0.02252,0.00054,0.10244
9316.89,SYN.BTC-31JAN20,1580381940478,open,0.17,6.0,0.158,0.2055,0.1807649,131.93,0.241,0.0,BTC-31JAN20-11000-P,9312.55,0.0,0.0005,0.2,0.0,0.0,0.0,0.07276,-4.79951,-0.26269,3e-05,-0.99442
9349.56,SYN.BTC-7FEB20,1580381940476,open,0.1,136.2,0.0755,0.12,0.09583122,56.61,0.0955,0.0,BTC-7FEB20-8500-C,9312.55,47.51,0.0935,14.0,0.111,14.1,96.32,2.7081,-9.73302,1.58684,0.00025,0.88242
9316.89,SYN.BTC-31JAN20,1580381940478,open,0.0,385.6,0.0005,0.0105,3.2e-07,106.03,0.001,0.0,BTC-31JAN20-11500-C,9312.55,0.0,0.0,0.0,0.0005,66.8,194.36,0.00055,-0.00302,1e-05,0.0,3e-05
9951.41,SYN.BTC-25SEP20,1580381940477,open,0.52,2.9,0.468,0.6005,0.5278802,73.46,0.695,0.0,BTC-25SEP20-14000-P,9312.55,0.0,0.0,0.0,0.722,0.1,134.23,30.90565,-4.75185,-74.05651,6e-05,-0.60922
9316.89,SYN.BTC-31JAN20,1580381940476,open,0.12,0.0,0.105,0.153,0.12728405,111.81,None,0.0,BTC-31JAN20-10500-P,9312.55,0.0,0.0765,5.0,0.177,5.0,488.09,0.17836,-9.97122,-0.2485,8e-05,-0.98444
9447.56,SYN.BTC-28FEB20,1580381940478,open,0.02,117.9,0.005,0.034,0.01492712,65.63,0.015,0.0,BTC-28FEB20-11500-C,9312.55,64.29,0.014,62.3,0.016,39.3,67.14,6.60516,-7.5059,1.12423,0.00014,0.16534
9447.56,SYN.BTC-28FEB20,1580381940476,open,0.27,47.0,0.246,0.285,0.26425375,71.58,0.265,0.0,BTC-28FEB20-7000-C,9312.55,0.0,0.2525,15.0,0.282,15.0,109.3,2.99515,-3.71245,5.08107,6e-05,0.94408
9951.41,SYN.BTC-25SEP20,1580381940478,open,0.19,144.0,0.1435,0.244,0.18880072,71.01,0.159,0.0,BTC-25SEP20-11000-C,9312.55,69.83,0.185,8.3,0.1925,8.3,72.17,31.91311,-4.74347,23.19341,7e-05,0.54492
9951.41,SYN.BTC-25SEP20,1580381940475,open,0.04,198.1,0.024,0.074,0.04404976,70.27,0.05,0.0,BTC-25SEP20-6000-P,9312.55,67.42,0.0395,9.8,0.044,10.7,70.24,16.1181,-2.37074,-10.69363,4e-05,-0.12015
9316.89,SYN.BTC-31JAN20,1580381940475,open,0.41,27.3,0.398,0.421,0.40962282,0.0,0.399,0.0,BTC-31JAN20-5500-C,9312.55,0.0,0.405,18.0,0.4105,0.1,483.83,0.0,0.0,0.13195,0.0,1.0
9349.56,SYN.BTC-7FEB20,1580381940481,open,0.01,529.7,0.001,0.03,0.01090706,58.28,0.012,0.0,BTC-7FEB20-10000-C,9312.55,56.21,0.01,60.0,0.012,24.2,60.7,4.15776,-15.38243,0.43952,0.00038,0.22877
9316.89,SYN.BTC-31JAN20,1580381940477,open,0.0,782.9,0.0005,0.0105,0.0,78.14,0.001,0.0,BTC-31JAN20-5500-P,9312.55,0.0,0.0,0.0,0.0005,0.9,453.37,0.0,0.0,0.0,0.0,0.0
9447.56,SYN.BTC-28FEB20,1580381940475,open,0.32,11.6,0.299,0.334,0.31543058,78.74,0.306,0.0,BTC-28FEB20-6500-C,9312.55,0.0,0.306,15.0,0.33,16.0,118.53,2.10072,-2.86415,4.84756,4e-05,0.96401
9951.41,SYN.BTC-25SEP20,1580381940475,open,0.12,281.0,0.079,0.176,0.12092839,73.42,0.119,0.0,BTC-25SEP20-14000-C,9312.55,72.47,0.118,8.9,0.123,9.4,74.08,30.90183,-4.74883,17.5635,6e-05,0.39061
9447.56,SYN.BTC-28FEB20,1580381940474,open,0.0,301.1,0.0005,0.0105,0.00072353,98.23,0.0015,0.0,BTC-28FEB20-5000-P,9312.55,93.8,0.0005,23.2,0.001,0.2,102.56,0.53848,-0.91589,-0.0601,1e-05,-0.00732
9349.56,SYN.BTC-7FEB20,1580381940474,open,0.13,26.4,0.101,0.1435,0.12127658,63.6,0.1275,0.0,BTC-7FEB20-8250-C,9312.55,46.98,0.1185,14.0,0.1415,14.0,121.59,2.09716,-8.46818,1.60549,0.00017,0.91711
9349.56,SYN.BTC-7FEB20,1580381940478,open,0.0,31.9,0.0005,0.0105,0.000728,83.12,0.0005,0.0,BTC-7FEB20-7250-P,9312.55,78.77,0.0005,82.0,0.001,0.8,87.29,0.55029,-2.90407,-0.03379,4e-05,-0.01602
9951.41,SYN.BTC-25SEP20,1580381940479,open,0.16,231.4,0.1165,0.217,0.16154453,71.76,0.163,0.0,BTC-25SEP20-12000-C,9312.55,70.82,0.1585,9.6,0.1645,17.7,72.68,32.10034,-4.82168,21.20686,7e-05,0.48717
9951.41,SYN.BTC-25SEP20,1580381940477,open,0.04,44.9,0.017,0.0815,0.04016967,80.75,0.0385,0.0,BTC-25SEP20-24000-C,9312.55,79.6,0.038,12.0,0.0425,10.0,81.95,19.069,-3.22286,7.38769,4e-05,0.1536
9349.56,SYN.BTC-7FEB20,1580381940475,open,0.0,101.2,0.0005,0.0105,0.00048804,88.0,0.0005,0.0,BTC-7FEB20-7000-P,9312.55,88.29,0.0005,20.0,0.001,31.1,97.61,0.38579,-2.15527,-0.02241,2e-05,-0.01062
9316.89,SYN.BTC-31JAN20,1580381940480,open,0.0,1094.8,0.0005,0.0105,0.0,78.1,0.0005,0.0,BTC-31JAN20-6000-P,9312.55,0.0,0.0,0.0,0.0005,1.7,384.99,0.0,0.0,0.0,0.0,0.0
9349.56,SYN.BTC-7FEB20,1580381940479,open,0.15,6.7,0.1275,0.1685,0.14703785,70.05,0.146,0.0,BTC-7FEB20-8000-C,9312.55,43.96,0.1445,16.0,0.165,12.4,130.21,1.60665,-7.14539,1.60247,0.00012,0.94137
9349.56,SYN.BTC-7FEB20,1580381940478,open,0.15,0.0,0.1285,0.183,0.15369924,67.85,None,0.0,BTC-7FEB20-10750-P,9312.55,0.0,0.0005,0.1,0.0,0.0,0.0,2.201,-9.48126,-2.14907,0.00017,-0.91158
9382.23,SYN.BTC-14FEB20,1580381940493,open,0.0,0.002,0.0315,0.01151764,56.36,None,0.0,BTC-14FEB20-8500-P,9312.55,53.41,0.01,33.8,0.0115,0.3,56.32,4.92682,-9.33255,-0.72283,0.00024,-0.17752
9951.41,SYN.BTC-25SEP20,1580381940497,open,0.09,201.2,0.0555,0.146,0.09317147,75.13,0.0905,0.0,BTC-25SEP20-16000-C,9312.55,74.2,0.0905,10.2,0.0955,18.5,75.93,28.65682,-4.50626,14.54552,6e-05,0.31651
9382.23,SYN.BTC-14FEB20,1580381940501,open,0.0,0.0035,0.0315,0.01315609,61.75,None,0.0,BTC-14FEB20-10500-C,9312.55,59.67,0.012,20.2,0.0145,24.0,64.09,5.30705,-11.01428,0.71549,0.00024,0.20027
9349.56,SYN.BTC-7FEB20,1580381940506,open,0.06,224.4,0.0335,0.0815,0.05268774,52.79,0.0485,0.0,BTC-7FEB20-9000-C,9312.55,51.54,0.052,2.7,0.0645,17.0,75.27,4.76056,-15.95369,1.31004,0.00048,0.70201
9447.56,SYN.BTC-28FEB20,1580381940508,open,0.05,520.8,0.0235,0.0695,0.04362892,59.77,0.046,0.0,BTC-28FEB20-10000-C,9312.55,58.29,0.042,21.0,0.0455,60.3,61.51,10.26457,-10.62293,2.66191,0.00024,0.39975
9780.4,BTC-26JUN20,1580381940516,open,0.05,232.0,0.0255,0.077,0.04626462,68.47,0.0455,0.0,BTC-26JUN20-7000-P,9312.55,67.0,0.044,24.7,0.047,14.1,68.93,15.28366,-3.53831,-8.26146,6e-05,-0.16222
9316.89,SYN.BTC-31JAN20,1580381940522,open,0.36,51.3,0.343,0.3685,0.35600807,0.0,0.344,0.0,BTC-31JAN20-6000-C,9312.55,0.0,0.351,18.0,0.358,0.1,470.82,0.0,0.0,0.14395,0.0,1.0
9780.4,BTC-26JUN20,1580381940525,open,0.05,232.0,0.0255,0.077,0.04626462,68.47,0.0455,0.0,BTC-26JUN20-7000-P,9312.55,67.0,0.044,24.4,0.047,14.1,68.93,15.28366,-3.53831,-8.26146,6e-05,-0.16222
187.96,SYN.ETH-25SEP20,1580381940713,open,0.39,23.0,0.335,0.434,0.385954,86.44,0.327,0.0,ETH-25SEP20-140-C,174.45,71.32,0.35,51.0,0.418,51.0,99.78,0.45068,-0.08155,0.48427,0.00225,0.77963
175.78,SYN.ETH-14FEB20,1580381941136,open,0.0,0.218,0.302,0.258065,79.14,None,0.0,ETH-14FEB20-220-P,174.44,0.0,0.0,0.0,0.962,10.0,500.0,0.05886,-0.15658,-0.08349,0.00591,-0.90738
175.78,SYN.ETH-14FEB20,1580381941136,open,0.0,0.001,0.021,0.006543,79.35,None,0.0,ETH-14FEB20-220-C,174.44,70.88,0.004,300.0,0.01,330.0,88.61,0.05917,-0.15783,0.00621,0.00592,0.09328
175.78,SYN.ETH-14FEB20,1580381941136,open,0.0,0.001,0.012,0.002791,69.67,None,0.0,ETH-14FEB20-140-P,174.44,65.21,0.002,300.0,0.007,330.0,86.41,0.03405,-0.07973,-0.00347,0.00388,-0.04568
175.78,SYN.ETH-14FEB20,1580381941136,open,0.0,0.019,0.074,0.04474,68.69,None,0.0,ETH-14FEB20-180-C,174.44,61.51,0.039,295.0,0.051,285.0,76.49,0.14083,-0.32514,0.02971,0.01628,0.45941
175.78,SYN.ETH-14FEB20,1580381941136,open,0.0,0.125,0.184,0.155066,69.66,None,0.0,ETH-14FEB20-150-C,174.44,0.0,0.139,53.0,0.179,53.0,116.61,0.06908,-0.16174,0.05226,0.00788,0.88453
175.78,SYN.ETH-14FEB20,1580381941136,open,0.0,0.18,0.232,0.206369,69.91,None,0.0,ETH-14FEB20-140-C,174.44,0.0,0.196,33.0,0.227,53.0,127.16,0.03434,-0.08069,0.05355,0.0039,0.95382
175.78,SYN.ETH-14FEB20,1580381941136,open,0.0,0.001,0.024,0.008376,69.54,None,0.0,ETH-14FEB20-150-P,174.44,60.03,0.005,330.0,0.012,330.0,78.15,0.06892,-0.16109,-0.00885,0.00787,-0.11511
175.78,SYN.ETH-14FEB20,1580381941136,open,0.0,0.036,0.104,0.068712,68.61,None,0.0,ETH-14FEB20-180-P,174.44,25.54,0.035,58.0,0.094,58.0,100.07,0.14083,-0.32479,-0.04366,0.0163,-0.54069
175.78,SYN.ETH-14FEB20,1580381941136,open,0.0,0.114,0.194,0.153227,71.18,None,0.0,ETH-14FEB20-200-P,174.44,0.0,0.0,0.0,0.229,20.0,175.56,0.1006,-0.24071,-0.06798,0.01122,-0.79575
175.78,SYN.ETH-14FEB20,1580381941136,open,0.0,0.077,0.14,0.109355,68.72,None,0.0,ETH-14FEB20-160-C,174.44,0.0,0.087,55.0,0.135,55.0,107.5,0.10708,-0.24734,0.04751,0.01237,0.77253
175.78,SYN.ETH-14FEB20,1580381941136,open,0.0,0.164,0.247,0.204109,74.21,None,0.0,ETH-14FEB20-210-P,174.44,0.0,0.0,0.0,0.907,10.0,500.0,0.07624,-0.19015,-0.07674,0.00816,-0.86706
175.78,SYN.ETH-14FEB20,1580381941136,open,0.0,0.001,0.011,0.000692,69.71,None,0.0,ETH-14FEB20-130-P,174.44,0.0,0.0,0.0,0.004,423.0,94.65,0.01221,-0.02861,-0.00101,0.00139,-0.01342
175.78,SYN.ETH-14FEB20,1580381941136,open,0.0,0.001,0.026,0.009475,74.36,None,0.0,ETH-14FEB20-210-C,174.44,65.61,0.006,300.0,0.014,330.0,83.96,0.07646,-0.19112,0.00889,0.00817,0.13351
175.78,SYN.ETH-14FEB20,1580381941136,open,0.0,0.003,0.036,0.01548,71.3,None,0.0,ETH-14FEB20-200-C,174.44,63.06,0.011,321.0,0.021,321.0,80.5,0.10073,-0.24139,0.01355,0.01122,0.20468
175.78,SYN.ETH-14FEB20,1580381941136,open,0.0,0.071,0.147,0.107942,70.31,None,0.0,ETH-14FEB20-190-P,174.44,0.0,0.0,0.0,0.189,20.0,173.97,0.12633,-0.29857,-0.05669,0.01427,-0.68339
175.78,SYN.ETH-14FEB20,1580381941136,open,0.0,0.238,0.284,0.261157,70.31,None,0.0,ETH-14FEB20-130-C,174.44,0.0,0.253,34.0,0.279,54.0,142.32,0.01269,-0.02999,0.05192,0.00143,0.98597
175.78,SYN.ETH-14FEB20,1580381941136,open,0.0,0.041,0.104,0.072373,68.7,None,0.0,ETH-14FEB20-170-C,174.44,61.68,0.067,10.0,0.099,66.0,103.1,0.13491,-0.31152,0.03936,0.0156,0.62182
175.78,SYN.ETH-14FEB20,1580381941136,open,0.0,0.005,0.042,0.019553,68.63,None,0.0,ETH-14FEB20-160-P,174.44,55.55,0.012,289.0,0.023,319.0,74.2,0.10702,-0.24689,-0.01768,0.01238,-0.22724
175.78,SYN.ETH-14FEB20,1580381941136,open,0.0,0.008,0.053,0.027082,70.4,None,0.0,ETH-14FEB20-190-C,174.44,63.21,0.022,313.0,0.031,278.0,75.79,0.12638,-0.29904,0.02076,0.01426,0.31687
177.02,SYN.ETH-28FEB20,1580381941244,open,0.02,693.0,0.007,0.042,0.021095,71.25,0.02,0.0,ETH-28FEB20-150-P,174.44,69.74,0.02,870.0,0.022,192.0,72.49,0.12929,-0.15952,-0.02775,0.00732,-0.17703
9316.64,SYN.BTC-31JAN20,1580381941321,open,0.02,185.8,0.0045,0.0475,0.02431914,60.8,0.025,0.0,BTC-31JAN20-9500-P,9312.55,45.14,0.022,0.9,0.024,0.1,58.78,1.48381,-45.1084,-0.17057,0.00117,-0.73877
9316.64,SYN.BTC-31JAN20,1580381941324,open,0.01,347.8,0.0005,0.0285,0.00690653,51.78,0.007,0.0,BTC-31JAN20-9250-P,9312.55,46.91,0.006,7.6,0.0075,20.0,54.95,1.74266,-45.117,-0.08732,0.00162,-0.38373
184.72,ETH-26JUN20,1580381941412,open,0.4,318.0,0.364,0.437,0.400967,84.34,0.379,0.0,ETH-26JUN20-120-C,174.44,62.7,0.373,47.0,0.428,47.0,102.35,0.26406,-0.0753,0.34213,0.00226,0.85813
174.53,SYN.ETH-31JAN20,1580381941463,open,0.26,185.0,0.233,0.276,0.255177,205.4,0.24,0.0,ETH-31JAN20-130-C,174.44,0.0,0.243,32.0,0.267,32.0,500.0,0.0004,-0.04154,0.00311,0.00027,0.99855
9349.3,SYN.BTC-7FEB20,1580381941481,open,0.17,0.0,0.154,0.209,0.17948272,71.17,None,0.0,BTC-7FEB20-11000-P,9312.61,0.0,0.0005,0.1,0.0,0.0,0.0,1.77074,-8.00093,-2.2454,0.00013,-0.93358
9577.92,BTC-27MAR20,1580381941484,open,0.0,211.8,0.0005,0.0115,0.0019512,99.19,0.0025,0.0,BTC-27MAR20-24000-C,9312.61,96.04,0.0015,50.0,0.0025,73.1,102.42,1.49481,-1.30352,0.20626,1e-05,0.01577
9381.96,SYN.BTC-14FEB20,1580381941481,open,0.0,0.0125,0.054,0.02696957,56.3,None,0.0,BTC-14FEB20-9000-P,9312.61,50.18,0.0225,30.0,0.0265,22.0,55.66,6.91076,-13.07667,-1.38907,0.00034,-0.33631
9349.3,SYN.BTC-7FEB20,1580381941481,open,0.0,11.5,0.0005,0.012,0.00222553,74.4,0.003,0.0,BTC-7FEB20-11250-C,9312.61,72.88,0.002,47.0,0.0025,30.0,76.14,1.4307,-6.75779,0.09766,0.0001,0.05063
9381.96,SYN.BTC-14FEB20,1580381941481,open,0.0,0.007,0.042,0.01809278,56.3,None,0.0,BTC-14FEB20-8750-P,9312.61,51.4,0.015,30.0,0.0185,26.3,56.93,6.03537,-11.42071,-1.03008,0.0003,-0.2513
9381.96,SYN.BTC-14FEB20,1580381941481,open,0.0,0.0005,0.023,0.00756965,58.04,None,0.0,BTC-14FEB20-8250-P,9312.61,56.64,0.007,30.8,0.008,0.5,59.07,3.87371,-7.55655,-0.50249,0.00019,-0.12385
9381.96,SYN.BTC-14FEB20,1580381941481,open,0.0,0.0005,0.0235,0.00810395,65.82,None,0.0,BTC-14FEB20-11000-C,9312.61,63.14,0.007,20.0,0.0095,27.0,69.0,3.98627,-8.81923,0.46243,0.00017,0.12904
9381.96,SYN.BTC-14FEB20,1580381941481,open,0.0,0.0465,0.097,0.06770886,56.33,None,0.0,BTC-14FEB20-9000-C,9312.61,35.59,0.053,2.0,0.0955,2.0,93.12,6.91136,-13.08645,2.27852,0.00034,0.66361
9349.3,SYN.BTC-7FEB20,1580381941481,open,0.0,18.8,0.0005,0.014,0.00295627,71.34,0.004,0.0,BTC-7FEB20-11000-C,9312.61,68.84,0.0025,66.0,0.0035,30.0,74.07,1.78108,-8.06709,0.12904,0.00013,0.06692
9447.28,SYN.BTC-28FEB20,1580381941483,open,0.0,269.4,0.0005,0.011,0.00111298,89.92,0.001,0.0,BTC-28FEB20-5500-P,9312.61,88.56,0.001,20.0,0.0015,1.4,93.98,0.8145,-1.26819,-0.09608,1e-05,-0.01174
9349.3,SYN.BTC-7FEB20,1580381941483,open,0.18,0.0,0.1545,0.1935,0.17305966,76.4,None,0.0,BTC-7FEB20-7750-C,9312.61,0.0,0.171,0.1,0.1895,14.0,140.33,1.2315,-5.97326,1.58345,9e-05,0.95799
9381.96,SYN.BTC-14FEB20,1580381941481,open,0.0,0.0005,0.014,0.00385015,64.99,None,0.0,BTC-14FEB20-7750-P,9312.61,61.42,0.003,25.0,0.0045,0.1,67.46,2.3725,-5.18255,-0.2594,0.0001,-0.06399
9349.3,SYN.BTC-7FEB20,1580381941481,open,0.2,0.0,0.18,0.235,0.20549122,74.18,None,0.0,BTC-7FEB20-11250-P,9312.61,0.0,0.0005,0.1,0.0,0.0,0.0,1.41861,-6.68095,-2.3308,0.0001,-0.9499
9381.96,SYN.BTC-14FEB20,1580381941481,open,0.0,0.0005,0.0125,0.00292192,69.41,None,0.0,BTC-14FEB20-7500-P,9312.61,64.33,0.002,25.0,0.004,27.7,74.35,1.88047,-4.38711,-0.19346,8e-05,-0.04767
9316.64,SYN.BTC-31JAN20,1580381941515,open,0.36,51.3,0.343,0.3685,0.35599071,277.28,0.344,0.0,BTC-31JAN20-6000-C,9312.61,0.0,0.351,18.0,0.3575,0.1,450.01,0.00766,-1.06172,0.14384,0.0,0.99953
175.15,SYN.ETH-7FEB20,1580381941518,open,0.09,0.0,0.062,0.136,0.098145,70.7,None,0.0,ETH-7FEB20-190-P,174.44,58.48,0.093,60.0,0.1,60.0,74.77,0.07854,-0.35253,-0.03273,0.01678,-0.76779
175.15,SYN.ETH-7FEB20,1580381941521,open,0.09,0.0,0.062,0.136,0.098145,70.7,None,0.0,ETH-7FEB20-190-P,174.44,58.48,0.093,60.0,0.1,80.0,74.77,0.07854,-0.35253,-0.03273,0.01678,-0.76779
9447.28,SYN.BTC-28FEB20,1580381941530,open,0.05,520.8,0.0235,0.0695,0.04361872,59.8,0.046,0.0,BTC-28FEB20-10000-C,9312.61,58.3,0.042,20.0,0.0455,60.3,61.52,10.26448,-10.62943,2.66184,0.00024,0.39978
9349.3,SYN.BTC-7FEB20,1580381941751,open,0.01,335.2,0.005,0.041,0.01530976,52.88,0.0155,0.0,BTC-7FEB20-9000-P,9312.61,50.31,0.014,64.0,0.016,22.5,54.25,4.76335,-15.99127,-0.63282,0.00048,-0.29839
9349.3,SYN.BTC-7FEB20,1580381941753,open,0.01,335.2,0.005,0.041,0.01530976,52.88,0.0155,0.0,BTC-7FEB20-9000-P,9312.61,50.31,0.014,64.0,0.016,2.5,54.25,4.76335,-15.99127,-0.63282,0.00048,-0.29839
9349.3,SYN.BTC-7FEB20,1580381941754,open,0.01,335.2,0.005,0.041,0.01530976,52.88,0.0155,0.0,BTC-7FEB20-9000-P,9312.61,50.31,0.014,64.0,0.016,8.7,54.25,4.76335,-15.99127,-0.63282,0.00048,-0.29839
9381.96,SYN.BTC-14FEB20,1580381941754,open,0.0,0.005,0.0375,0.01690301,59.62,None,0.0,BTC-14FEB20-10250-C,9312.61,57.4,0.0155,20.0,0.0185,3.2,62.07,6.01655,-12.05659,0.89059,0.00028,0.24983
9349.3,SYN.BTC-7FEB20,1580381941771,open,0.01,335.2,0.005,0.041,0.01530976,52.88,0.0155,0.0,BTC-7FEB20-9000-P,9312.61,50.31,0.014,64.0,0.016,2.5,54.25,4.76335,-15.99127,-0.63282,0.00048,-0.29839
187.95,SYN.ETH-25SEP20,1580381942000,open,0.05,188.0,0.026,0.081,0.050336,87.25,0.116,0.0,ETH-25SEP20-100-P,174.44,84.99,0.047,623.0,0.053,467.0,89.04,0.27879,-0.05091,-0.19256,0.00138,-0.10621
187.95,SYN.ETH-25SEP20,1580381942002,open,0.08,668.0,0.05,0.126,0.085135,86.44,0.071,0.0,ETH-25SEP20-120-P,174.44,83.83,0.08,454.0,0.087,457.0,87.39,0.37112,-0.06715,-0.30247,0.00186,-0.16077
187.95,SYN.ETH-25SEP20,1580381942005,open,0.13,612.0,0.085,0.181,0.1308,86.44,0.124,0.0,ETH-25SEP20-140-P,174.44,82.77,0.122,673.0,0.131,274.0,86.53,0.45068,-0.08154,-0.43198,0.00226,-0.22039
187.95,SYN.ETH-25SEP20,1580381942007,open,0.18,235.0,0.13,0.243,0.185109,86.44,0.183,0.0,ETH-25SEP20-160-P,174.44,82.75,0.175,490.0,0.19,259.0,88.24,0.51271,-0.09277,-0.57331,0.00257,-0.28099
187.95,SYN.ETH-25SEP20,1580381942040,open,0.05,307.0,0.019,0.096,0.050407,98.24,0.039,0.0,ETH-25SEP20-560-C,174.44,95.47,0.045,457.0,0.057,299.0,101.44,0.37662,-0.07744,0.14027,0.00166,0.16444
187.95,SYN.ETH-25SEP20,1580381942042,open,0.01,812.0,0.002,0.024,0.011492,93.23,0.028,0.0,ETH-25SEP20-60-P,174.44,90.38,0.01,1053.0,0.013,170.0,95.94,0.10148,-0.0198,-0.05019,0.00047,-0.02931
187.95,SYN.ETH-25SEP20,1580381942044,open,0.03,318.0,0.011,0.048,0.026543,89.6,0.038,0.0,ETH-25SEP20-80-P,174.44,86.97,0.024,727.0,0.029,170.0,92.06,0.18508,-0.03471,-0.10852,0.00089,-0.06168
184.72,ETH-26JUN20,1580381942046,open,0.03,806.0,0.011,0.049,0.026858,87.03,0.028,0.0,ETH-26JUN20-100-P,174.44,85.1,0.025,543.0,0.029,200.0,89.2,0.1798,-0.05291,-0.08225,0.00149,-0.08305
184.72,ETH-26JUN20,1580381942048,open,0.05,1729.0,0.025,0.082,0.050576,84.31,0.054,0.0,ETH-26JUN20-120-P,174.44,82.51,0.048,556.0,0.054,493.0,86.7,0.26402,-0.07527,-0.14399,0.00227,-0.14184
184.72,ETH-26JUN20,1580381942050,open,0.09,1315.0,0.051,0.129,0.087879,84.03,0.125,0.0,ETH-26JUN20-140-P,174.44,81.41,0.083,711.0,0.09,280.0,85.17,0.34449,-0.09787,-0.22742,0.00297,-0.21602
184.72,ETH-26JUN20,1580381942054,open,0.19,411.0,0.141,0.253,0.195604,84.01,0.248,0.0,ETH-26JUN20-180-P,174.44,81.29,0.189,723.0,0.201,231.0,86.26,0.44625,-0.12676,-0.42782,0.00384,-0.37609
184.72,ETH-26JUN20,1580381942080,open,0.01,1453.0,0.001,0.014,0.004866,98.02,0.005,0.0,ETH-26JUN20-60-P,174.44,94.67,0.004,630.0,0.007,395.0,105.09,0.05018,-0.01663,-0.01654,0.00037,-0.01724
184.72,ETH-26JUN20,1580381942084,open,0.01,1009.0,0.002,0.026,0.011838,90.2,0.021,0.0,ETH-26JUN20-80-P,174.44,88.67,0.011,540.0,0.013,200.0,92.25,0.1024,-0.03123,-0.03919,0.00082,-0.04053
179.51,ETH-27MAR20,1580381942377,open,0.56,20.0,0.541,0.572,0.556192,99.48,0.613,0.0,ETH-27MAR20-80-C,174.44,0.0,0.546,48.0,0.565,48.0,137.66,0.02227,-0.01947,0.12075,0.00045,0.98792
9780.34,BTC-26JUN20,1580381942488,open,0.01,108.3,0.001,0.032,0.01067575,87.88,0.0125,0.0,BTC-26JUN20-28000-C,9312.55,86.15,0.0095,47.0,0.0115,15.0,89.02,6.89568,-2.04888,1.74461,2e-05,0.0547
9577.86,BTC-27MAR20,1580381942488,open,2.32,0.0,2.276,2.414,2.34193716,113.86,None,0.0,BTC-27MAR20-32000-P,9312.55,0.0,0.0,0.0,0.0,0.0,0.0,0.73335,-0.73404,-49.77311,0.0,-0.99304
9577.86,BTC-27MAR20,1580381942488,open,3.15,1.0,3.095,3.2635,3.17664992,120.37,3.41,0.0,BTC-27MAR20-40000-P,9312.55,0.0,0.0,0.0,0.0,0.0,0.0,0.3247,-0.3436,-62.29304,0.0,-0.9972
9577.86,BTC-27MAR20,1580381942489,open,0.05,240.3,0.0275,0.0785,0.04894283,64.01,0.0455,0.0,BTC-27MAR20-8500-P,9312.55,61.77,0.046,0.5,0.0485,37.3,63.68,12.60757,-7.09491,-4.82947,0.00014,-0.27465
9577.8,BTC-27MAR20,1580381942491,open,2.74,0.0,2.6855,2.8395,2.75938441,119.98,None,0.0,BTC-27MAR20-36000-P,9312.55,0.0,0.0,0.0,0.0,0.0,0.0,0.57111,-0.60239,-56.02853,0.0,-0.99475
9349.35,SYN.BTC-7FEB20,1580381942489,open,0.01,152.4,0.0005,0.023,0.007405,60.94,0.007,0.0,BTC-7FEB20-10250-C,9312.55,58.38,0.0065,87.2,0.008,24.0,62.56,3.3807,-13.07953,0.31366,0.00029,0.16289
9349.35,SYN.BTC-7FEB20,1580381942489,open,0.01,260.5,0.0005,0.029,0.0088043,54.36,0.0095,0.0,BTC-7FEB20-8750-P,9312.55,52.33,0.008,64.0,0.0095,2.5,56.07,3.75366,-12.95383,-0.40557,0.00037,-0.19224
9316.69,SYN.BTC-31JAN20,1580381942489,open,0.25,332.9,0.2335,0.263,0.24865583,0.0,0.241,0.0,BTC-31JAN20-7000-C,9312.55,0.0,0.241,22.9,0.2535,19.0,389.37,0.0,0.0,0.16794,0.0,1.0
9349.35,SYN.BTC-7FEB20,1580381942490,open,0.0,118.8,0.0005,0.016,0.00381791,67.46,0.0045,0.0,BTC-7FEB20-10750-C,9312.55,66.06,0.0035,12.2,0.004,30.0,68.23,2.17517,-9.31558,0.16787,0.00017,0.08703
9316.69,SYN.BTC-31JAN20,1580381942541,open,0.36,51.3,0.343,0.3685,0.35599479,0.0,0.344,0.0,BTC-31JAN20-6000-C,9312.55,0.0,0.351,18.0,0.358,0.1,471.32,0.0,0.0,0.14395,0.0,1.0
9382.0,SYN.BTC-14FEB20,1580381942753,open,0.0,0.005,0.0375,0.01690446,59.61,None,0.0,BTC-14FEB20-10250-C,9312.55,57.4,0.0155,20.0,0.0185,23.2,62.07,6.01611,-12.05337,0.89048,0.00028,0.24979
9577.86,BTC-27MAR20,1580381942887,open,0.0,134.0,0.0005,0.0135,0.00377684,80.01,0.004,0.0,BTC-27MAR20-5500-P,9312.55,76.73,0.003,64.4,0.0045,40.0,82.74,2.41473,-1.69854,-0.47126,2e-05,-0.0278
9577.86,BTC-27MAR20,1580381942891,open,0.0,134.0,0.0005,0.0135,0.00377684,80.01,0.004,0.0,BTC-27MAR20-5500-P,9312.55,76.73,0.003,84.4,0.0045,40.0,82.74,2.41473,-1.69854,-0.47126,2e-05,-0.0278
9447.31,SYN.BTC-28FEB20,1580381942907,open,0.03,108.0,0.0135,0.054,0.03000852,61.34,0.028,0.0,BTC-28FEB20-10500-C,9312.55,59.79,0.0285,21.0,0.0315,62.3,62.86,9.23084,-9.80433,2.01355,0.00021,0.29942
175.14,SYN.ETH-7FEB20,1580381943018,open,0.25,0.0,0.22,0.302,0.258905,91.56,None,0.0,ETH-7FEB20-220-P,174.44,0.0,0.001,1.0,0.0,0.0,0.0,0.02726,-0.15847,-0.04562,0.0045,-0.94827
187.95,SYN.ETH-25SEP20,1580381943235,open,0.05,188.0,0.026,0.081,0.050334,87.25,0.116,0.0,ETH-25SEP20-100-P,174.44,84.99,0.047,622.0,0.053,467.0,89.04,0.27879,-0.05091,-0.19256,0.00138,-0.10621
187.95,SYN.ETH-25SEP20,1580381943237,open,0.08,668.0,0.05,0.126,0.085127,86.44,0.071,0.0,ETH-25SEP20-120-P,174.44,83.83,0.08,453.0,0.087,457.0,87.39,0.37112,-0.06715,-0.30247,0.00186,-0.16077
187.95,SYN.ETH-25SEP20,1580381943239,open,0.13,612.0,0.085,0.181,0.130791,86.44,0.124,0.0,ETH-25SEP20-140-P,174.44,82.77,0.122,672.0,0.131,274.0,86.53,0.45068,-0.08154,-0.43198,0.00226,-0.22039
187.95,SYN.ETH-25SEP20,1580381943241,open,0.18,235.0,0.13,0.243,0.185099,86.44,0.183,0.0,ETH-25SEP20-160-P,174.44,82.75,0.175,488.0,0.19,259.0,88.24,0.51271,-0.09277,-0.57331,0.00257,-0.28099
9382.0,SYN.BTC-14FEB20,1580381943258,open,0.0,0.005,0.0375,0.01690446,59.61,None,0.0,BTC-14FEB20-10250-C,9312.55,57.4,0.0155,20.0,0.0185,3.2,62.07,6.01611,-12.05337,0.89048,0.00028,0.24979
9951.09,SYN.BTC-25SEP20,1580381943260,open,0.09,201.2,0.0555,0.1465,0.09318011,75.13,0.0905,0.0,BTC-25SEP20-16000-C,9312.55,74.2,0.0905,10.2,0.0955,9.3,75.93,28.6563,-4.50652,14.54513,6e-05,0.31652
187.95,SYN.ETH-25SEP20,1580381943279,open,0.06,8.0,0.023,0.106,0.058017,97.6,0.055,0.0,ETH-25SEP20-520-C,174.44,94.26,0.051,796.0,0.066,297.0,101.19,0.40673,-0.08309,0.15697,0.0018,0.18563
187.95,SYN.ETH-25SEP20,1580381943292,open,0.05,307.0,0.019,0.096,0.050409,98.24,0.039,0.0,ETH-25SEP20-560-C,174.44,95.47,0.045,461.0,0.057,299.0,101.44,0.37662,-0.07744,0.14027,0.00166,0.16444
187.95,SYN.ETH-25SEP20,1580381943294,open,0.01,812.0,0.002,0.024,0.011492,93.23,0.028,0.0,ETH-25SEP20-60-P,174.44,90.38,0.01,1052.0,0.013,170.0,95.94,0.10148,-0.0198,-0.05019,0.00047,-0.02931
187.95,SYN.ETH-25SEP20,1580381943299,open,0.04,1651.0,0.014,0.082,0.040274,100.23,0.036,0.0,ETH-25SEP20-640-C,174.44,96.49,0.034,735.0,0.042,800.0,101.2,0.32915,-0.06905,0.1158,0.00142,0.13442
187.95,SYN.ETH-25SEP20,1580381943301,open,0.03,318.0,0.011,0.048,0.026542,89.6,0.038,0.0,ETH-25SEP20-80-P,174.44,86.97,0.024,726.0,0.029,170.0,92.06,0.18508,-0.03471,-0.10852,0.00089,-0.06168
184.72,ETH-26JUN20,1580381943303,open,0.03,806.0,0.011,0.049,0.026858,87.03,0.028,0.0,ETH-26JUN20-100-P,174.44,85.1,0.025,542.0,0.029,200.0,89.2,0.1798,-0.05291,-0.08225,0.00149,-0.08305
184.72,ETH-26JUN20,1580381943305,open,0.05,1729.0,0.025,0.082,0.050578,84.31,0.054,0.0,ETH-26JUN20-120-P,174.44,82.51,0.048,554.0,0.054,493.0,86.7,0.26402,-0.07527,-0.14399,0.00227,-0.14184
184.72,ETH-26JUN20,1580381943307,open,0.09,1315.0,0.051,0.129,0.087879,84.03,0.125,0.0,ETH-26JUN20-140-P,174.44,81.41,0.083,710.0,0.09,280.0,85.17,0.34449,-0.09787,-0.22742,0.00297,-0.21602
184.72,ETH-26JUN20,1580381943365,open,0.01,1009.0,0.002,0.026,0.011839,90.2,0.021,0.0,ETH-26JUN20-80-P,174.44,88.67,0.011,539.0,0.013,200.0,92.25,0.1024,-0.03123,-0.03919,0.00082,-0.04053
9316.69,SYN.BTC-31JAN20,1580381943384,open,0.02,185.8,0.0045,0.0475,0.02433565,60.96,0.025,0.0,BTC-31JAN20-9500-P,9312.55,45.17,0.022,0.8,0.024,0.1,58.81,1.4857,-45.28617,-0.17043,0.00117,-0.73812
9316.69,SYN.BTC-31JAN20,1580381943387,open,0.01,347.8,0.0005,0.0285,0.00691309,51.85,0.007,0.0,BTC-31JAN20-9250-P,9312.55,46.93,0.006,7.6,0.0075,20.4,54.96,1.74271,-45.17554,-0.08733,0.00161,-0.38376
184.73,ETH-26JUN20,1580381943456,open,0.27,442.0,0.221,0.318,0.270544,84.02,0.271,0.0,ETH-26JUN20-160-C,174.44,79.68,0.261,180.0,0.278,180.0,87.41,0.40629,-0.11543,0.32446,0.0035,0.70407
179.51,ETH-27MAR20,1580381943456,open,0.01,2433.0,0.003,0.031,0.01234,93.66,0.011,0.0,ETH-27MAR20-320-C,174.44,91.39,0.011,500.0,0.014,585.0,96.3,0.10928,-0.08998,0.02004,0.00232,0.08399
174.52,SYN.ETH-31JAN20,1580381943470,open,0.0,1998.0,0.001,0.011,3.8e-05,66.76,0.001,0.0,ETH-31JAN20-160-P,174.44,0.0,0.0,0.0,0.001,981.0,106.63,0.00096,-0.00668,-2e-05,0.00197,-0.00376
175.14,SYN.ETH-7FEB20,1580381943475,open,0.0,101.0,0.001,0.011,3.1e-05,83.97,0.001,0.0,ETH-7FEB20-120-P,174.44,0.0,0.0,0.0,0.001,11.0,123.3,0.00077,-0.00412,-3e-05,0.00014,-0.00088
184.73,ETH-26JUN20,1580381943479,open,2.46,0.0,2.367,2.598,2.475993,100.73,None,0.0,ETH-26JUN20-640-P,174.44,0.0,0.01,50.0,0.0,0.0,0.0,0.12682,-0.0432,-2.56189,0.00091,-0.9471
174.52,SYN.ETH-31JAN20,1580381943482,open,0.01,7935.0,0.001,0.022,0.003066,66.77,0.006,0.0,ETH-31JAN20-180-C,174.44,57.78,0.002,905.0,0.005,920.0,80.86,0.02214,-0.53504,0.00073,0.04538,0.17637
174.52,SYN.ETH-31JAN20,1580381943482,open,0.37,0.0,0.336,0.417,0.375137,0.0,None,0.0,ETH-31JAN20-240-P,174.44,0.0,0.011,3.0,0.0,0.0,0.0,0.0,0.0,-0.00576,0.0,-1.0
174.52,SYN.ETH-31JAN20,1580381943485,open,0.14,6.0,0.113,0.182,0.14605,98.65,0.199,0.0,ETH-31JAN20-200-P,174.44,0.0,0.033,1.0,0.238,1.0,500.0,0.00068,-0.03373,-0.00479,0.00095,-0.99742
175.14,SYN.ETH-7FEB20,1580381943485,open,0.21,0.0,0.177,0.228,0.202188,84.25,None,0.0,ETH-7FEB20-140-C,174.44,0.0,0.195,32.0,0.219,52.0,157.86,0.01781,-0.09527,0.02899,0.00319,0.96936
9381.93,SYN.BTC-14FEB20,1580381943495,open,0.0,0.0085,0.046,0.02213984,57.83,None,0.0,BTC-14FEB20-10000-C,9312.77,55.53,0.0205,27.0,0.024,3.2,60.42,6.70757,-13.03866,1.11118,0.00032,0.31275
9381.93,SYN.BTC-14FEB20,1580381943495,open,0.0,0.2295,0.289,0.25681514,72.55,None,0.0,BTC-14FEB20-11750-P,9312.77,0.0,0.0,0.0,0.0,0.0,0.0,2.58948,-6.31443,-4.53157,0.0001,-0.92833
9381.93,SYN.BTC-14FEB20,1580381943495,open,0.0,0.0325,0.0815,0.05239079,56.31,None,0.0,BTC-14FEB20-9250-C,9312.77,53.3,0.05,18.1,0.0555,20.1,60.24,7.43273,-14.06892,1.98671,0.00037,0.57198
9381.93,SYN.BTC-14FEB20,1580381943495,open,0.0,0.105,0.1635,0.13233243,61.76,None,0.0,BTC-14FEB20-10500-P,9312.77,0.0,0.0,0.0,0.0,0.0,0.0,5.30685,-11.01672,-3.56386,0.00024,-0.79973
9381.93,SYN.BTC-14FEB20,1580381943495,open,0.0,0.1585,0.199,0.17780074,65.02,None,0.0,BTC-14FEB20-7750-C,9312.77,0.0,0.1645,1.0,0.1975,1.0,113.66,2.37466,-5.18943,2.89882,0.0001,0.93593
9381.93,SYN.BTC-14FEB20,1580381943495,open,0.0,0.178,0.2375,0.20553505,67.76,None,0.0,BTC-14FEB20-11250-P,9312.77,0.0,0.0,0.0,0.0,0.0,0.0,3.42035,-7.78985,-4.21184,0.00014,-0.89599
9381.93,SYN.BTC-14FEB20,1580381943495,open,0.0,0.1855,0.2235,0.20351997,69.45,None,0.0,BTC-14FEB20-7500-C,9312.77,0.0,0.1915,1.0,0.221,1.0,119.35,1.88307,-4.39551,2.86284,8e-05,0.95224
9381.93,SYN.BTC-14FEB20,1580381943495,open,0.0,0.063,0.12,0.08801053,57.82,None,0.0,BTC-14FEB20-10000-P,9312.77,0.0,0.0,0.0,0.0,0.0,0.0,6.70716,-13.03515,-2.96449,0.00032,-0.6873
9381.93,SYN.BTC-14FEB20,1580381943495,open,0.0,0.0205,0.068,0.03832118,56.3,None,0.0,BTC-14FEB20-9250-P,9312.77,49.58,0.033,22.0,0.038,20.0,55.9,7.43271,-14.06639,-1.78311,0.00037,-0.42802
9381.93,SYN.BTC-14FEB20,1580381943495,open,0.0,0.1075,0.1525,0.12822876,58.06,None,0.0,BTC-14FEB20-8250-C,9312.77,0.0,0.1115,1.0,0.152,1.0,102.23,3.8756,-7.5631,2.85946,0.00019,0.87607
9381.93,SYN.BTC-14FEB20,1580381943495,open,0.0,0.0005,0.0165,0.00441708,72.59,None,0.0,BTC-14FEB20-11750-C,9312.77,69.06,0.0035,25.0,0.0055,27.2,76.28,2.59255,-6.32512,0.25757,0.0001,0.07178
9381.93,SYN.BTC-14FEB20,1580381943495,open,0.0,0.0845,0.1325,0.10551734,56.34,None,0.0,BTC-14FEB20-8500-C,9312.77,0.0,0.086,2.0,0.1315,2.0,98.42,4.92683,-9.32976,2.74137,0.00024,0.82247
9381.93,SYN.BTC-14FEB20,1580381943495,open,0.0,0.0005,0.0185,0.00542597,70.6,None,0.0,BTC-14FEB20-11500-C,9312.77,67.58,0.0045,20.0,0.0065,27.3,73.8,3.0092,-7.14088,0.31343,0.00012,0.0874
9381.93,SYN.BTC-14FEB20,1580381943495,open,0.0,0.032,0.0835,0.05217472,56.3,None,0.0,BTC-14FEB20-9500-P,9312.77,49.24,0.0465,20.2,0.053,18.2,57.33,7.54535,-14.2793,-2.19243,0.00037,-0.52121
9381.93,SYN.BTC-14FEB20,1580381943495,open,0.1,0.0005,0.0175,0.00536717,61.4,0.005,0.0,BTC-14FEB20-8000-P,9312.77,60.25,0.005,4.2,0.0055,0.2,61.81,3.04813,-6.29076,-0.36051,0.00014,-0.08892
9381.93,SYN.BTC-14FEB20,1580381943495,open,0.0,0.1285,0.1875,0.1559818,63.55,None,0.0,BTC-14FEB20-10750-P,9312.77,0.0,0.0,0.0,0.0,0.0,0.0,4.5977,-9.82145,-3.81043,0.0002,-0.84057
9349.28,SYN.BTC-7FEB20,1580381943496,open,0.03,675.2,0.01,0.0515,0.02531062,55.44,0.0275,0.0,BTC-7FEB20-9500-C,9312.77,53.18,0.024,36.8,0.0265,55.7,57.49,5.41284,-19.05196,0.83283,0.00052,0.43815
9381.93,SYN.BTC-14FEB20,1580381943495,open,0.0,0.046,0.101,0.06909659,57.14,None,0.0,BTC-14FEB20-9750-P,9312.77,0.0,0.0,0.0,0.0,0.0,0.0,7.27384,-13.97058,-2.59161,0.00035,-0.60869
9316.63,SYN.BTC-31JAN20,1580381943495,open,0.09,1196.0,0.0695,0.1065,0.08775109,77.89,0.091,0.0,BTC-31JAN20-8500-C,9312.77,0.0,0.087,0.8,0.0915,2.5,153.31,0.09654,-3.7597,0.20219,6e-05,0.99232
9381.93,SYN.BTC-14FEB20,1580381943496,open,0.0,0.0825,0.1405,0.10942192,59.6,None,0.0,BTC-14FEB20-10250-P,9312.77,0.0,0.0,0.0,0.0,0.0,0.0,6.01533,-12.05008,-3.28714,0.00028,-0.75027
9381.93,SYN.BTC-14FEB20,1580381943495,open,0.0,0.0005,0.027,0.01017081,63.57,None,0.0,BTC-14FEB20-10750-C,9312.77,61.13,0.009,20.0,0.0115,24.0,66.22,4.59923,-9.82765,0.57104,0.0002,0.15952
9381.93,SYN.BTC-14FEB20,1580381943495,open,0.0,0.1325,0.175,0.15267062,61.42,None,0.0,BTC-14FEB20-8000-C,9312.77,0.0,0.1375,1.0,0.174,1.0,107.12,3.04986,-6.2965,2.89963,0.00014,0.91102
9349.28,SYN.BTC-7FEB20,1580381943497,open,0.02,297.9,0.0115,0.0545,0.02580521,52.89,0.0255,0.0,BTC-7FEB20-9250-P,9312.77,52.37,0.0255,24.0,0.0265,52.5,54.1,5.39437,-18.1146,-0.9196,0.00054,-0.43005
9349.28,SYN.BTC-7FEB20,1580381943496,open,0.0,156.6,0.0005,0.011,0.00133727,81.07,0.001,0.0,BTC-7FEB20-7500-P,9312.77,77.19,0.001,50.2,0.002,98.0,87.27,0.8838,-4.54903,-0.05929,6e-05,-0.02805
9381.93,SYN.BTC-14FEB20,1580381943495,open,0.0,0.014,0.0565,0.02987267,57.15,None,0.0,BTC-14FEB20-9750-C,9312.77,54.73,0.028,20.0,0.032,23.0,59.89,7.27399,-13.97352,1.38211,0.00035,0.39134
179.51,ETH-27MAR20,1580381943507,open,0.45,1148.0,0.428,0.471,0.448948,91.86,0.346,0.0,ETH-27MAR20-100-C,174.44,0.0,0.436,63.0,0.456,63.0,109.91,0.05647,-0.04561,0.14397,0.00122,0.96365
9381.93,SYN.BTC-14FEB20,1580381943495,open,0.0,0.153,0.2125,0.18055979,65.8,None,0.0,BTC-14FEB20-11000-P,9312.77,0.0,0.0,0.0,0.0,0.0,0.0,3.98391,-8.81054,-4.02103,0.00017,-0.87107
9381.93,SYN.BTC-14FEB20,1580381943495,open,0.0,0.064,0.114,0.08546343,56.32,None,0.0,BTC-14FEB20-8750-C,9312.77,0.0,0.0625,2.0,0.1125,2.0,95.26,6.03635,-11.42703,2.53566,0.0003,0.74862
175.14,SYN.ETH-7FEB20,1580381943506,open,0.0,753.0,0.001,0.011,0.000274,83.93,0.001,0.0,ETH-7FEB20-130-P,174.44,0.0,0.0,0.0,0.001,15.0,100.13,0.00475,-0.0253,-0.00026,0.00085,-0.00658
9381.93,SYN.BTC-14FEB20,1580381943495,open,0.0,0.2035,0.2635,0.23117726,70.57,None,0.0,BTC-14FEB20-11500-P,9312.77,0.0,0.0,0.0,0.0,0.0,0.0,3.00653,-7.13143,-4.3738,0.00012,-0.91271
184.73,ETH-26JUN20,1580381943510,open,0.33,679.0,0.285,0.373,0.329975,84.02,0.317,0.0,ETH-26JUN20-140-C,174.44,79.18,0.321,180.0,0.337,180.0,87.77,0.34447,-0.09786,0.33981,0.00297,0.78402
9381.93,SYN.BTC-14FEB20,1580381943495,open,0.1,0.022,0.068,0.03959757,56.31,0.04,0.0,BTC-14FEB20-9500-C,9312.77,53.7,0.0375,20.0,0.042,22.0,59.3,7.54537,-14.28189,1.67934,0.00037,0.4788
9381.93,SYN.BTC-14FEB20,1580381943495,open,0.0,0.0005,0.0205,0.00643052,67.79,None,0.0,BTC-14FEB20-11250-C,9312.77,65.14,0.0055,20.0,0.0075,24.0,70.62,3.4227,-7.79827,0.37347,0.00014,0.1041
9447.22,SYN.BTC-28FEB20,1580381943496,open,0.0,625.0,0.0005,0.013,0.00349237,78.97,0.0035,0.0,BTC-28FEB20-6500-P,9312.77,76.68,0.003,24.0,0.004,94.2,81.15,2.11898,-2.89764,-0.29794,4e-05,-0.03637
9349.28,SYN.BTC-7FEB20,1580381943498,open,0.0,218.1,0.0005,0.013,0.00276238,70.44,0.0025,0.0,BTC-7FEB20-8000-P,9312.77,68.89,0.0025,5.8,0.003,28.0,71.78,1.62769,-7.27902,-0.12583,0.00012,-0.05961
9950.97,SYN.BTC-25SEP20,1580381943499,open,0.17,79.6,0.1255,0.2225,0.16849425,70.26,0.16,0.0,BTC-25SEP20-9000-P,9312.77,67.34,0.16,8.0,0.167,7.7,69.75,28.87909,-4.24711,-31.97118,6e-05,-0.32243
174.52,SYN.ETH-31JAN20,1580381943514,open,0.0,2461.0,0.001,0.011,0.0,109.64,0.003,0.0,ETH-31JAN20-260-C,174.44,0.0,0.0,0.0,0.001,650.0,366.2,0.0,0.0,0.0,0.0,0.0
184.73,ETH-26JUN20,1580381943520,open,0.34,0.0,0.276,0.412,0.343145,85.92,None,0.0,ETH-26JUN20-220-P,174.44,0.0,0.001,10.0,0.0,0.0,0.0,0.46859,-0.13614,-0.64476,0.00394,-0.51836
177.01,SYN.ETH-28FEB20,1580381943520,open,0.38,5.0,0.36,0.402,0.381124,91.49,0.229,0.0,ETH-28FEB20-110-C,174.44,0.0,0.374,39.0,0.394,39.0,136.39,0.02812,-0.04455,0.08331,0.00124,0.976
177.01,SYN.ETH-28FEB20,1580381943520,open,0.5,20.0,0.476,0.508,0.491996,97.49,0.328,0.0,ETH-28FEB20-90-C,174.44,0.0,0.487,44.0,0.501,44.0,161.04,0.00669,-0.0113,0.07049,0.00028,0.99539
9316.63,SYN.BTC-31JAN20,1580381943524,open,0.36,51.3,0.343,0.3685,0.35599479,251.09,0.344,0.0,BTC-31JAN20-6000-C,9312.77,0.0,0.351,18.0,0.3575,0.1,450.01,0.00242,-0.30397,0.14392,0.0,0.99986
175.14,SYN.ETH-7FEB20,1580381943525,open,0.14,0.0,0.112,0.189,0.149112,77.1,None,0.0,ETH-7FEB20-200-P,174.44,0.0,0.001,1.0,0.0,0.0,0.0,0.0551,-0.26971,-0.03842,0.0108,-0.86764
177.01,SYN.ETH-28FEB20,1580381943525,open,0.16,500.0,0.124,0.209,0.165229,71.33,0.164,0.0,ETH-28FEB20-200-P,174.44,51.53,0.147,1.0,0.199,1.0,103.72,0.17456,-0.2156,-0.12038,0.00987,-0.69436
187.94,SYN.ETH-25SEP20,1580381943525,open,0.46,0.0,0.394,0.555,0.473362,88.19,None,0.0,ETH-25SEP20-240-P,174.44,0.0,0.0,0.0,0.0,0.0,0.0,0.60651,-0.11196,-1.19036,0.00297,-0.4944
179.51,ETH-27MAR20,1580381943528,open,0.26,667.0,0.219,0.287,0.25363,79.5,0.187,0.0,ETH-27MAR20-140-C,174.44,51.99,0.23,59.0,0.26,320.0,85.7,0.18019,-0.12592,0.16086,0.00451,0.82871
179.51,ETH-27MAR20,1580381943528,open,0.3,112.0,0.267,0.33,0.298515,81.77,0.194,0.0,ETH-27MAR20-130-C,174.44,51.68,0.28,59.0,0.305,20.0,89.52,0.14406,-0.10356,0.16187,0.00351,0.87721
175.14,SYN.ETH-7FEB20,1580381943530,open,0.0,342.0,0.001,0.011,0.001494,83.8,0.001,0.0,ETH-7FEB20-140-P,174.44,78.26,0.001,957.0,0.002,24.0,88.44,0.0175,-0.09309,-0.00119,0.00316,-0.02999
179.51,ETH-27MAR20,1580381943532,open,0.57,161.0,0.524,0.644,0.581021,88.95,1.397,0.0,ETH-27MAR20-280-P,174.44,0.0,0.002,50.0,0.0,0.0,0.0,0.15597,-0.12196,-0.40372,0.00349,-0.86228
179.51,ETH-27MAR20,1580381943532,open,1.0,7.0,0.95,1.086,1.013805,99.38,1.702,0.0,ETH-27MAR20-360-P,174.44,0.0,0.01,30.0,0.0,0.0,0.0,0.08143,-0.07115,-0.54727,0.00163,-0.94268
177.01,SYN.ETH-28FEB20,1580381943532,open,0.25,0.0,0.217,0.308,0.261222,74.96,None,0.0,ETH-28FEB20-220-P,174.44,0.0,0.001,1.0,0.0,0.0,0.0,0.1294,-0.16796,-0.15179,0.00696,-0.82271
187.94,SYN.ETH-25SEP20,1580381943534,open,0.64,0.0,0.559,0.735,0.645297,89.35,None,0.0,ETH-25SEP20-280-P,174.44,0.0,0.0,0.0,0.0,0.0,0.0,0.5957,-0.11141,-1.50145,0.00288,-0.57539
179.51,ETH-27MAR20,1580381943536,open,0.0,5555.0,0.001,0.011,0.001794,110.73,0.003,0.0,ETH-27MAR20-520-C,174.44,103.61,0.001,832.0,0.003,300.0,118.1,0.02433,-0.02368,0.00324,0.00044,0.01339
184.73,ETH-26JUN20,1580381943536,open,0.42,4.0,0.356,0.5,0.426448,86.79,0.934,0.0,ETH-26JUN20-240-P,174.44,0.0,0.01,50.0,0.0,0.0,0.0,0.46001,-0.13499,-0.75198,0.00383,-0.57832
175.14,SYN.ETH-7FEB20,1580381943536,open,0.01,905.0,0.001,0.024,0.007247,77.3,0.008,0.0,ETH-7FEB20-200-C,174.44,73.2,0.006,950.0,0.009,658.0,82.61,0.05531,-0.27142,0.00475,0.01081,0.13306
187.94,SYN.ETH-25SEP20,1580381943536,open,0.31,41.0,0.25,0.393,0.320773,88.19,0.399,0.0,ETH-25SEP20-200-P,174.44,0.0,0.0,0.0,0.468,1.0,137.45,0.58492,-0.10798,-0.87885,0.00287,-0.39373
174.52,SYN.ETH-31JAN20,1580381943538,open,0.0,1086.0,0.001,0.011,4e-06,109.64,0.001,0.0,ETH-31JAN20-210-C,174.44,0.0,0.0,0.0,0.001,681.0,193.5,0.0001,-0.00074,0.0,0.00012,0.00031
174.52,SYN.ETH-31JAN20,1580381943538,open,0.0,4145.0,0.001,0.011,0.000102,109.65,0.002,0.0,ETH-31JAN20-200-C,174.44,0.0,0.0,0.0,0.001,683.0,150.64,0.00146,-0.01787,2e-05,0.00182,0.00602
179.51,ETH-27MAR20,1580381943540,open,0.28,1200.0,0.229,0.336,0.281569,81.09,0.365,0.0,ETH-27MAR20-220-P,174.44,0.0,0.001,9.0,0.322,51.0,108.53,0.25249,-0.18,-0.26973,0.0062,-0.68273
179.51,ETH-27MAR20,1580381943540,open,0.78,10.0,0.735,0.862,0.79497,93.66,1.59,0.0,ETH-27MAR20-320-P,174.44,0.0,0.011,5.0,0.0,0.0,0.0,0.10928,-0.08998,-0.47859,0.00232,-0.91601
175.14,SYN.ETH-7FEB20,1580381943540,open,0.1,163.0,0.064,0.125,0.095683,67.29,0.103,0.0,ETH-7FEB20-160-C,174.44,62.58,0.094,60.0,0.1,80.0,78.34,0.06448,-0.27547,0.02785,0.01448,0.83253
187.94,SYN.ETH-25SEP20,1580381943542,open,0.33,32.0,0.278,0.387,0.333827,86.45,0.332,0.0,ETH-25SEP20-160-C,174.44,82.12,0.322,120.0,0.347,120.0,91.29,0.51271,-0.09277,0.47375,0.00257,0.71899
184.73,ETH-26JUN20,1580381943545,open,0.6,0.0,0.531,0.685,0.605544,88.1,None,0.0,ETH-26JUN20-280-P,174.44,0.0,0.011,3.0,0.0,0.0,0.0,0.42174,-0.12563,-0.96039,0.00346,-0.6777
179.51,ETH-27MAR20,1580381943545,open,0.35,158.0,0.318,0.374,0.346133,83.99,0.211,0.0,ETH-27MAR20-120-C,174.44,43.95,0.332,60.0,0.352,20.0,92.99,0.10902,-0.0805,0.15948,0.00258,0.91628
184.73,ETH-26JUN20,1580381943545,open,0.79,0.0,0.721,0.883,0.798349,89.97,1.06,0.0,ETH-26JUN20-320-P,174.44,0.0,0.015,2.0,0.0,0.0,0.0,0.37401,-0.11378,-1.15846,0.00301,-0.74954
187.94,SYN.ETH-25SEP20,1580381943545,open,0.82,0.0,0.737,0.925,0.828293,90.55,None,0.0,ETH-25SEP20-320-P,174.44,0.0,0.0,0.0,0.0,0.0,0.0,0.56846,-0.10774,-1.80681,0.00272,-0.64066
179.51,ETH-27MAR20,1580381943547,open,0.01,1698.0,0.001,0.016,0.00602,91.86,0.006,0.0,ETH-27MAR20-100-P,174.44,88.46,0.005,1210.0,0.007,25.0,94.85,0.05647,-0.04561,-0.01185,0.00122,-0.03635
179.51,ETH-27MAR20,1580381943547,open,0.37,126.0,0.322,0.435,0.376722,83.87,0.4,0.0,ETH-27MAR20-240-P,174.44,0.0,0.005,15.0,0.5,30.0,168.36,0.21946,-0.16181,-0.31843,0.00521,-0.76165
174.52,SYN.ETH-31JAN20,1580381943547,open,0.0,862.0,0.001,0.011,0.0,109.64,0.001,0.0,ETH-31JAN20-240-C,174.44,0.0,0.0,0.0,0.001,1230.0,303.6,0.0,0.0,0.0,0.0,0.0
187.94,SYN.ETH-25SEP20,1580381943547,open,0.24,411.0,0.184,0.312,0.246946,86.43,0.239,0.0,ETH-25SEP20-180-P,174.44,82.75,0.236,410.0,0.253,230.0,88.48,0.55735,-0.10083,-0.72244,0.00279,-0.3404
179.51,ETH-27MAR20,1580381943549,open,0.0,201.0,0.001,0.013,0.003967,97.83,0.004,0.0,ETH-27MAR20-90-P,174.44,93.1,0.003,985.0,0.005,325.0,102.19,0.03974,-0.03417,-0.00777,0.00081,-0.0238
184.73,ETH-26JUN20,1580381943551,open,0.26,266.0,0.205,0.33,0.266339,85.25,0.335,0.0,ETH-26JUN20-200-P,174.44,0.0,0.001,10.0,0.5,10.0,182.93,0.46544,-0.13416,-0.53633,0.00395,-0.45028
179.51,ETH-27MAR20,1580381943553,open,0.01,1991.0,0.001,0.019,0.005893,104.21,0.006,0.0,ETH-27MAR20-400-C,174.44,101.49,0.005,10.0,0.007,1235.0,107.25,0.06199,-0.05679,0.00975,0.00118,0.04075
179.51,ETH-27MAR20,1580381943553,open,0.51,0.0,0.485,0.522,0.50263,97.95,None,0.0,ETH-27MAR20-90-C,174.44,0.0,0.496,45.0,0.513,45.0,129.3,0.0399,-0.03436,0.13243,0.00081,0.97609
184.73,ETH-26JUN20,1580381943553,open,0.68,3.0,0.667,0.695,0.680052,97.98,0.588,0.0,ETH-26JUN20-60-C,174.44,74.68,0.676,58.0,0.687,58.0,117.55,0.05011,-0.0166,0.22657,0.00037,0.98278
179.51,ETH-27MAR20,1580381943553,open,0.0,275.0,0.001,0.011,0.001459,110.42,0.003,0.0,ETH-27MAR20-70-P,174.44,104.86,0.001,748.0,0.002,300.0,115.65,0.0167,-0.01621,-0.00284,0.0003,-0.00869
179.51,ETH-27MAR20,1580381943553,open,0.01,2068.0,0.001,0.024,0.008348,99.39,0.008,0.0,ETH-27MAR20-360-C,174.44,96.26,0.007,240.0,0.01,1235.0,102.84,0.08145,-0.07116,0.0137,0.00163,0.05733
179.51,ETH-27MAR20,1580381943553,open,0.0,5094.0,0.001,0.011,0.000431,110.85,0.002,0.0,ETH-27MAR20-640-C,174.44,0.0,0.0,0.0,0.002,1049.0,129.8,0.00766,-0.00747,0.00089,0.00014,0.00361
174.52,SYN.ETH-31JAN20,1580381943553,open,0.0,790.0,0.001,0.011,0.0,67.35,0.001,0.0,ETH-31JAN20-90-P,174.44,0.0,0.0,0.0,0.001,674.0,500.0,0.0,0.0,0.0,0.0,0.0
179.51,ETH-27MAR20,1580381943555,open,2.32,0.0,2.246,2.448,2.343114,110.77,None,0.0,ETH-27MAR20-600-P,174.44,0.0,0.03,50.0,0.0,0.0,0.0,0.0112,-0.01091,-0.93359,0.0002,-0.99447
177.01,SYN.ETH-28FEB20,1580381943556,open,0.0,1339.0,0.001,0.011,0.000101,97.53,0.002,0.0,ETH-28FEB20-80-P,174.44,0.0,0.0,0.0,0.001,10.0,125.63,0.002,-0.00338,-0.00018,8e-05,-0.00121
177.01,SYN.ETH-28FEB20,1580381943555,open,0.31,0.0,0.269,0.361,0.313059,77.3,None,0.0,ETH-28FEB20-230-P,174.44,0.0,0.001,1.0,0.0,0.0,0.0,0.10899,-0.14589,-0.16475,0.00569,-0.86337
177.01,SYN.ETH-28FEB20,1580381943555,open,0.44,21.0,0.418,0.455,0.436295,95.68,0.267,0.0,ETH-28FEB20-100-C,174.44,0.0,0.431,41.0,0.447,41.0,147.71,0.01557,-0.0258,0.07726,0.00066,0.98798
179.51,ETH-27MAR20,1580381943559,open,0.0,2591.0,0.001,0.011,0.001098,110.74,0.003,0.0,ETH-27MAR20-560-C,174.44,0.0,0.0,0.0,0.003,1184.0,124.67,0.01648,-0.01604,0.00209,0.0003,0.00856
179.51,ETH-27MAR20,1580381943559,open,0.02,618.0,0.008,0.044,0.0227,81.76,0.023,0.0,ETH-27MAR20-130-P,174.44,79.61,0.021,560.0,0.024,325.0,83.36,0.14405,-0.10353,-0.04069,0.00351,-0.12277
179.51,ETH-27MAR20,1580381943559,open,0.0,2194.0,0.001,0.012,0.002856,110.17,0.004,0.0,ETH-27MAR20-480-C,174.44,105.23,0.002,460.0,0.004,325.0,115.39,0.03499,-0.03388,0.00493,0.00063,0.02047
179.51,ETH-27MAR20,1580381943559,open,0.0,2306.0,0.001,0.014,0.003879,106.73,0.005,0.0,ETH-27MAR20-440-C,174.44,102.93,0.003,240.0,0.005,325.0,110.84,0.04499,-0.04221,0.00664,0.00084,0.0276
174.52,SYN.ETH-31JAN20,1580381943555,open,0.25,1.0,0.224,0.299,0.260542,0.0,0.739,0.0,ETH-31JAN20-220-P,174.44,0.0,0.011,3.0,0.0,0.0,0.0,0.0,0.0,-0.00528,0.0,-1.0
175.14,SYN.ETH-7FEB20,1580381943559,open,0.26,1.0,0.235,0.28,0.258061,85.42,0.27,0.0,ETH-7FEB20-130-C,174.44,0.0,0.252,33.0,0.272,33.0,178.23,0.00525,-0.02848,0.02776,0.00093,0.99262
175.14,SYN.ETH-7FEB20,1580381943559,open,0.2,0.0,0.166,0.246,0.203783,86.39,None,0.0,ETH-7FEB20-210-P,174.44,0.0,0.001,1.0,0.0,0.0,0.0,0.04032,-0.22114,-0.04225,0.00705,-0.91418
177.01,SYN.ETH-28FEB20,1580381943559,open,0.36,0.0,0.321,0.416,0.366284,79.72,None,0.0,ETH-28FEB20-240-P,174.44,0.0,0.001,1.0,0.0,0.0,0.0,0.09146,-0.12626,-0.17642,0.00463,-0.89351
174.52,SYN.ETH-31JAN20,1580381943559,open,0.2,1.0,0.169,0.24,0.203249,0.0,0.273,0.0,ETH-31JAN20-210-P,174.44,0.0,0.001,5.0,0.0,0.0,0.0,0.0,0.0,-0.00504,0.0,-1.0
175.14,SYN.ETH-7FEB20,1580381943560,open,0.03,1811.0,0.007,0.053,0.02699,66.2,0.028,0.0,ETH-7FEB20-180-C,174.44,62.7,0.025,650.0,0.03,205.0,71.46,0.09989,-0.4198,0.0144,0.0228,0.40798
177.01,SYN.ETH-28FEB20,1580381943562,open,0.28,38.0,0.247,0.3,0.273131,80.13,0.26,0.0,ETH-28FEB20-130-C,174.44,0.0,0.262,36.0,0.291,56.0,115.72,0.06621,-0.09187,0.09211,0.00333,0.93087
177.01,SYN.ETH-28FEB20,1580381943562,open,0.33,62.0,0.303,0.351,0.326917,87.17,0.334,0.0,ETH-28FEB20-120-C,174.44,0.0,0.311,57.0,0.342,57.0,125.94,0.04619,-0.06972,0.08812,0.00214,0.95618
177.01,SYN.ETH-28FEB20,1580381943562,open,0.21,0.0,0.169,0.257,0.211916,73.3,None,0.0,ETH-28FEB20-210-P,174.44,0.0,0.001,1.0,0.0,0.0,0.0,0.15264,-0.19374,-0.13695,0.0084,-0.766
174.52,SYN.ETH-31JAN20,1580381943562,open,0.0,3142.0,0.001,0.011,0.0,109.64,0.001,0.0,ETH-31JAN20-220-C,174.44,0.0,0.0,0.0,0.001,680.0,232.85,0.0,-2e-05,0.0,0.0,1e-05
175.14,SYN.ETH-7FEB20,1580381943562,open,0.0,479.0,0.001,0.019,0.004825,86.68,0.003,0.0,ETH-7FEB20-210-C,174.44,82.96,0.004,300.0,0.006,1366.0,91.49,0.0406,-0.22346,0.00309,0.00708,0.08662
187.94,SYN.ETH-25SEP20,1580381943562,open,0.6,0.0,0.576,0.627,0.600906,89.62,None,0.0,ETH-25SEP20-80-C,174.44,74.79,0.588,55.0,0.617,55.0,104.57,0.18515,-0.03473,0.41498,0.00089,0.93829
177.01,SYN.ETH-28FEB20,1580381943562,open,0.41,0.0,0.374,0.471,0.420272,81.77,None,0.0,ETH-28FEB20-250-P,174.44,0.0,0.001,1.0,0.0,0.0,0.0,0.07602,-0.10764,-0.18729,0.00375,-0.91712
177.01,SYN.ETH-28FEB20,1580381943566,open,0.55,1.0,0.535,0.561,0.548185,99.6,0.522,0.0,ETH-28FEB20-80-C,174.44,0.0,0.544,47.0,0.556,47.0,178.23,0.00238,-0.0041,0.06307,0.0001,0.99854
187.94,SYN.ETH-25SEP20,1580381943566,open,0.25,98.0,0.195,0.316,0.256683,88.21,0.252,0.0,ETH-25SEP20-200-C,174.44,84.47,0.245,110.0,0.269,110.0,92.18,0.5849,-0.108,0.43003,0.00287,0.6063
174.52,SYN.ETH-31JAN20,1580381943566,open,0.32,350.0,0.292,0.332,0.312431,254.83,0.303,0.0,ETH-31JAN20-120-C,174.44,0.0,0.306,35.0,0.323,35.0,500.0,0.00031,-0.03988,0.00287,0.00017,0.9989
174.52,SYN.ETH-31JAN20,1580381943566,open,0.0,3276.0,0.001,0.015,0.001356,109.65,0.002,0.0,ETH-31JAN20-190-C,174.44,103.02,0.001,301.0,0.002,760.0,119.59,0.01017,-0.23672,0.00025,0.01269,0.05988
187.94,SYN.ETH-25SEP20,1580381943568,open,0.38,0.0,0.319,0.472,0.394774,88.19,None,0.0,ETH-25SEP20-220-P,174.44,0.0,0.0,0.0,0.0,0.0,0.0,0.60098,-0.11094,-1.03405,0.00295,-0.44591
177.01,SYN.ETH-28FEB20,1580381943568,open,0.01,901.0,0.001,0.02,0.007495,80.02,0.007,0.0,ETH-28FEB20-130-P,174.44,78.67,0.007,650.0,0.009,825.0,83.89,0.06604,-0.0915,-0.0107,0.00333,-0.0689
187.94,SYN.ETH-25SEP20,1580381943568,open,0.52,0.0,0.484,0.553,0.518289,87.27,None,0.0,ETH-25SEP20-100-C,174.44,74.17,0.5,52.0,0.54,52.0,101.26,0.27884,-0.05093,0.46182,0.00138,0.89375
179.51,ETH-27MAR20,1580381943570,open,0.61,0.0,0.599,0.625,0.61153,110.65,None,0.0,ETH-27MAR20-70-C,174.44,0.0,0.606,52.0,0.618,52.0,147.86,0.01687,-0.01641,0.1062,0.0003,0.99121
174.52,SYN.ETH-31JAN20,1580381943570,open,0.37,2.0,0.351,0.388,0.369729,307.41,0.331,0.0,ETH-31JAN20-110-C,174.44,0.0,0.364,37.0,0.38,37.0,500.0,0.00025,-0.03782,0.00264,0.00011,0.99916
174.52,SYN.ETH-31JAN20,1580381943570,open,0.49,2.0,0.469,0.499,0.484324,425.0,0.473,0.0,ETH-31JAN20-90-C,174.44,0.0,0.48,43.0,0.492,43.0,500.0,0.00015,-0.03285,0.00216,5e-05,0.99949
174.52,SYN.ETH-31JAN20,1580381943570,open,0.48,0.0,0.447,0.535,0.489732,0.0,None,0.0,ETH-31JAN20-260-P,174.44,0.0,0.011,3.0,0.0,0.0,0.0,0.0,0.0,-0.00624,0.0,-1.0
9950.97,SYN.BTC-25SEP20,1580381943624,open,0.09,201.2,0.0555,0.146,0.09317655,75.13,0.0905,0.0,BTC-25SEP20-16000-C,9312.77,74.2,0.0905,10.2,0.0955,18.5,75.94,28.6558,-4.50649,14.54476,6e-05,0.31652
187.94,SYN.ETH-25SEP20,1580381944385,open,0.45,0.0,0.403,0.488,0.446644,86.45,0.359,0.0,ETH-25SEP20-120-C,174.44,71.45,0.418,51.0,0.475,51.0,100.54,0.37114,-0.06716,0.48281,0.00186,0.8392
9577.94,BTC-27MAR20,1580381944505,open,0.29,262.0,0.2615,0.307,0.28243275,67.44,0.277,0.0,BTC-27MAR20-7000-C,9312.8,60.23,0.278,16.0,0.2875,16.0,74.55,6.38701,-3.78648,9.29264,7e-05,0.90507
9780.42,BTC-26JUN20,1580381944506,open,0.27,222.4,0.229,0.3045,0.26385774,68.46,0.2655,0.0,BTC-26JUN20-8000-C,9312.8,66.8,0.2605,15.0,0.27,25.0,71.5,19.72224,-4.56553,19.31973,7e-05,0.75143
9349.27,SYN.BTC-7FEB20,1580381944504,open,0.08,102.6,0.0525,0.0995,0.07290313,54.36,0.075,0.0,BTC-7FEB20-8750-C,9312.8,55.83,0.0735,2.5,0.0825,16.0,76.01,3.75383,-12.95376,1.4824,0.00037,0.80774
9316.63,SYN.BTC-31JAN20,1580381944506,open,0.0,1051.3,0.0005,0.012,0.00090289,87.31,0.001,0.0,BTC-31JAN20-10000-C,9312.8,78.16,0.0005,67.3,0.0015,50.5,97.36,0.47926,-8.41188,0.01123,0.00026,0.05115
9316.63,SYN.BTC-31JAN20,1580381944505,open,0.15,609.1,0.124,0.1585,0.141321,78.68,0.15,0.0,BTC-31JAN20-8000-C,9312.8,0.0,0.1405,0.8,0.1435,0.8,196.96,0.00068,-0.02679,0.19193,0.0,0.99996
9349.27,SYN.BTC-7FEB20,1580381944507,open,0.02,171.1,0.005,0.0395,0.01665183,56.58,0.0165,0.0,BTC-7FEB20-9750-C,9312.8,55.34,0.016,1.8,0.0175,24.3,58.19,4.92105,-17.6774,0.61506,0.00046,0.32154
9447.19,SYN.BTC-28FEB20,1580381944504,open,0.01,164.4,0.001,0.0275,0.01094009,68.14,0.012,0.0,BTC-28FEB20-12000-C,9312.8,66.48,0.01,85.0,0.012,44.0,69.94,5.45881,-6.44111,0.84975,0.00011,0.12464
9316.63,SYN.BTC-31JAN20,1580381944505,open,0.07,411.2,0.042,0.0825,0.06155578,77.14,0.0525,0.0,BTC-31JAN20-8750-C,9312.8,0.0,0.0605,3.3,0.064,0.8,110.34,0.4442,-17.13222,0.19937,0.00028,0.95349
9316.63,SYN.BTC-31JAN20,1580381944504,open,0.01,877.4,0.0005,0.0215,0.00466112,60.95,0.005,0.0,BTC-31JAN20-9500-C,9312.8,59.93,0.0045,150.0,0.005,29.6,63.06,1.48533,-43.42596,0.05747,0.00117,0.26175
9316.63,SYN.BTC-31JAN20,1580381944505,open,0.02,393.8,0.001,0.0365,0.01406705,51.82,0.016,0.0,BTC-31JAN20-9250-C,9312.8,51.47,0.014,6.5,0.016,26.5,62.09,1.74278,-45.15915,0.13458,0.00161,0.61618
9316.63,SYN.BTC-31JAN20,1580381944506,open,0.0,565.2,0.0005,0.0105,0.0,78.18,0.0005,0.0,BTC-31JAN20-5000-P,9312.8,0.0,0.0,0.0,0.0005,3.5,500.0,0.0,0.0,0.0,0.0,0.0
9950.92,SYN.BTC-25SEP20,1580381944513,open,0.07,136.8,0.048,0.1155,0.07628813,70.26,0.0725,0.0,BTC-25SEP20-7000-P,9312.8,67.08,0.0695,9.2,0.074,9.8,69.19,21.36149,-3.14161,-16.90229,5e-05,-0.18325
9381.91,SYN.BTC-14FEB20,1580381944754,open,0.0,0.005,0.0375,0.0169033,59.61,None,0.0,BTC-14FEB20-10250-C,9312.8,57.4,0.0155,20.0,0.0185,23.2,62.07,6.01607,-12.05456,0.89047,0.00028,0.24979
184.73,ETH-26JUN20,1580381944926,open,0.4,318.0,0.364,0.437,0.400974,84.3,0.379,0.0,ETH-26JUN20-120-C,174.44,62.68,0.373,47.0,0.429,47.0,102.97,0.26399,-0.07525,0.34221,0.00226,0.8582
187.94,SYN.ETH-25SEP20,1580381944929,open,0.45,0.0,0.403,0.488,0.446637,86.45,0.359,0.0,ETH-25SEP20-120-C,174.44,70.9,0.417,51.0,0.475,51.0,100.54,0.37114,-0.06716,0.48281,0.00186,0.8392
175.77,SYN.ETH-14FEB20,1580381944974,open,0.0,0.015,0.07,0.03951,68.67,None,0.0,ETH-14FEB20-170-P,174.44,53.56,0.028,316.0,0.043,291.0,73.21,0.13492,-0.31142,-0.02993,0.0156,-0.37827
184.73,ETH-26JUN20,1580381945144,open,0.49,1.0,0.457,0.515,0.485523,87.03,0.38,0.0,ETH-26JUN20-100-C,174.44,59.99,0.465,48.0,0.505,48.0,105.17,0.17981,-0.05291,0.32289,0.00149,0.91695
184.73,ETH-26JUN20,1580381945146,open,0.49,1.0,0.457,0.515,0.485523,87.03,0.38,0.0,ETH-26JUN20-100-C,174.44,57.91,0.464,48.0,0.505,48.0,105.17,0.17981,-0.05291,0.32289,0.00149,0.91695
184.73,ETH-26JUN20,1580381945149,open,0.49,1.0,0.457,0.515,0.485523,87.03,0.38,0.0,ETH-26JUN20-100-C,174.44,57.91,0.464,48.0,0.506,48.0,106.03,0.17981,-0.05291,0.32289,0.00149,0.91695
9780.36,BTC-26JUN20,1580381945509,open,0.08,262.3,0.0525,0.121,0.08181864,68.46,0.0775,0.0,BTC-26JUN20-8000-P,9312.81,67.06,0.079,11.2,0.0815,12.6,68.3,19.72226,-4.56547,-13.09144,7e-05,-0.24857
9577.88,BTC-27MAR20,1580381945509,open,0.13,1546.2,0.101,0.1645,0.13060344,64.02,0.131,0.0,BTC-27MAR20-9000-C,9312.81,61.56,0.127,2.1,0.1275,1.0,61.9,14.0717,-7.91904,7.68141,0.00015,0.64528
9577.88,BTC-27MAR20,1580381945509,open,0.03,1757.2,0.0155,0.062,0.03377889,68.26,0.035,0.0,BTC-27MAR20-12000-C,9312.81,67.62,0.033,11.0,0.0345,2.5,68.84,11.78893,-7.07382,3.09759,0.00012,0.24133
9577.88,BTC-27MAR20,1580381945509,open,0.01,1895.1,0.0005,0.026,0.00897037,80.2,0.0095,0.0,BTC-27MAR20-16000-C,9312.81,79.32,0.0085,0.1,0.0095,33.0,81.17,5.17658,-3.64983,0.93775,5e-05,0.0718
9577.88,BTC-27MAR20,1580381945509,open,0.67,1.2,0.641,0.726,0.67948095,80.19,0.95,0.0,BTC-27MAR20-16000-P,9312.81,0.0,0.05,0.1,0.95,0.1,281.61,5.17495,-3.64823,-23.99442,5e-05,-0.92823
9780.36,BTC-26JUN20,1580381945509,open,1.26,0.0,1.2135,1.3385,1.26957874,82.34,None,0.0,BTC-26JUN20-22000-P,9312.81,0.0,0.11,1.0,2.22,0.1,500.0,10.87956,-3.02884,-85.99012,3e-05,-0.90057
9780.36,BTC-26JUN20,1580381945509,open,0.18,187.5,0.1435,0.2375,0.18586895,68.46,0.1805,0.0,BTC-26JUN20-10000-P,9312.81,62.34,0.1705,15.8,0.192,14.2,70.91,24.49157,-5.66949,-24.55049,9e-05,-0.43372
9577.88,BTC-27MAR20,1580381945509,open,0.01,1312.1,0.0005,0.0165,0.00576282,75.27,0.0065,0.0,BTC-27MAR20-6000-P,9312.81,74.53,0.0055,13.7,0.006,2.0,75.93,3.42099,-2.26376,-0.72002,3e-05,-0.04248
9577.88,BTC-27MAR20,1580381945509,open,0.0,312.1,0.0005,0.0125,0.00275395,95.73,0.003,0.0,BTC-27MAR20-22000-C,9312.81,94.47,0.0025,13.3,0.003,1.0,96.88,1.99401,-1.67809,0.28913,1e-05,0.02213
9577.88,BTC-27MAR20,1580381945509,open,0.07,274.0,0.044,0.104,0.07026564,64.01,0.0665,0.0,BTC-27MAR20-9000-P,9312.81,61.79,0.067,0.6,0.0695,33.7,63.49,14.07168,-7.91879,-6.34267,0.00015,-0.35471
9577.88,BTC-27MAR20,1580381945509,open,2.53,0.0,2.4805,2.627,2.55053996,115.62,None,0.0,BTC-27MAR20-34000-P,9312.81,0.0,0.0,0.0,0.0,0.0,0.0,0.58754,-0.59717,-52.90954,0.0,-0.99458
9780.36,BTC-26JUN20,1580381945509,open,0.33,130.2,0.3015,0.365,0.33054815,68.46,0.311,0.0,BTC-26JUN20-7000-C,9312.81,57.3,0.314,25.0,0.338,25.0,73.15,15.28317,-3.53795,20.09884,6e-05,0.83779
9577.88,BTC-27MAR20,1580381945509,open,0.0,156.8,0.0005,0.0105,0.00071608,115.98,0.001,0.0,BTC-27MAR20-34000-C,9312.81,112.06,0.0005,6.3,0.001,29.0,119.95,0.60156,-0.61332,0.07241,0.0,0.00557
9780.36,BTC-26JUN20,1580381945509,open,0.03,1120.0,0.0095,0.0565,0.02543978,79.71,0.027,0.0,BTC-26JUN20-20000-C,9312.81,78.59,0.024,39.6,0.027,35.7,80.89,12.72779,-3.4304,3.89691,4e-05,0.12379
9780.36,BTC-26JUN20,1580381945509,open,0.01,435.5,0.0005,0.015,0.00549842,81.26,0.005,0.0,BTC-26JUN20-4000-P,9312.81,79.81,0.005,10.0,0.006,39.0,82.65,3.44741,-0.94717,-1.14689,1e-05,-0.02345
9780.36,BTC-26JUN20,1580381945509,open,0.04,390.8,0.0145,0.0685,0.03393567,77.39,0.036,0.0,BTC-26JUN20-18000-C,9312.81,76.46,0.0325,38.7,0.0355,14.8,78.39,15.18423,-3.97349,5.01919,5e-05,0.16061
9577.88,BTC-27MAR20,1580381945510,open,0.05,220.2,0.0285,0.0835,0.05189673,65.69,0.0525,0.0,BTC-27MAR20-11000-C,9312.81,64.73,0.0505,21.2,0.0535,72.2,66.8,13.90026,-8.02777,4.34521,0.00015,0.34304
9780.37,BTC-26JUN20,1580381945510,open,0.02,491.2,0.0045,0.0405,0.01546701,83.76,0.016,0.0,BTC-26JUN20-24000-C,9312.81,82.7,0.0145,15.0,0.016,8.6,84.32,9.09656,-2.57611,2.48566,3e-05,0.0782
9577.88,BTC-27MAR20,1580381945510,open,0.24,0.0,0.2135,0.2645,0.23733904,64.81,None,0.0,BTC-27MAR20-7500-C,9312.81,58.4,0.232,16.0,0.2435,16.0,71.55,8.38318,-4.77619,9.30467,9e-05,0.86078
9780.37,BTC-26JUN20,1580381945510,open,2.26,0.0,2.21,2.3615,2.27955728,91.19,None,0.0,BTC-26JUN20-32000-P,9312.81,0.0,0.0005,1.0,0.0,0.0,0.0,5.35337,-1.65071,-128.36855,2e-05,-0.9601
9780.37,BTC-26JUN20,1580381945510,open,0.32,6.7,0.282,0.389,0.33056793,70.36,0.4395,0.0,BTC-26JUN20-12000-P,9312.81,0.0,0.001,0.5,0.54,0.6,153.83,24.17147,-5.75058,-36.55692,9e-05,-0.59203
9577.88,BTC-27MAR20,1580381945510,open,0.48,1.7,0.468,0.495,0.48044112,85.42,0.4705,0.0,BTC-27MAR20-5000-C,9312.81,0.0,0.473,13.0,0.4905,13.0,118.73,1.67567,-1.2583,7.4852,1e-05,0.98198
9780.37,BTC-26JUN20,1580381945510,open,0.07,668.9,0.0385,0.1115,0.06865123,72.8,0.072,0.0,BTC-26JUN20-14000-C,9312.81,71.81,0.0665,13.5,0.071,23.5,73.86,21.43757,-5.27659,8.91975,8e-05,0.29376
9780.37,BTC-26JUN20,1580381945510,open,1.65,0.0,1.611,1.745,1.67129503,86.11,None,0.0,BTC-26JUN20-26000-P,9312.81,0.0,0.0005,1.0,0.0,0.0,0.0,7.94403,-2.31289,-103.25067,2e-05,-0.93446
9780.37,BTC-26JUN20,1580381945510,open,0.7,26.7,0.6855,0.705,0.69500582,86.95,0.68,0.0,BTC-26JUN20-3000-C,9312.81,68.34,0.6935,14.0,0.703,14.0,117.91,1.35403,-0.39806,11.7709,0.0,0.99207
9780.37,BTC-26JUN20,1580381945510,open,0.01,91.7,0.0005,0.029,0.00919329,89.89,0.008,0.0,BTC-26JUN20-30000-C,9312.81,88.76,0.0085,1.0,0.01,15.0,91.15,6.12928,-1.86295,1.5052,2e-05,0.04718
9577.88,BTC-27MAR20,1580381945510,open,0.88,0.0,0.844,0.9335,0.88503084,86.1,1.23,0.0,BTC-27MAR20-18000-P,9312.81,0.0,0.0125,1.0,0.0,0.0,0.0,3.63851,-2.75397,-27.44897,3e-05,-0.95414
9780.37,BTC-26JUN20,1580381945510,open,0.49,12.5,0.449,0.562,0.50008329,72.79,0.619,0.0,BTC-26JUN20-14000-P,9312.81,0.0,0.0,0.0,0.69,1.0,149.92,21.43708,-5.27625,-47.80001,8e-05,-0.70625
9577.88,BTC-27MAR20,1580381945510,open,0.0,1437.8,0.0005,0.0105,0.00091086,96.53,0.0005,0.0,BTC-27MAR20-4000-P,9312.81,89.64,0.0005,49.0,0.0015,69.0,103.35,0.6931,-0.58817,-0.11109,1e-05,-0.00653
9577.88,BTC-27MAR20,1580381945510,open,0.0,899.7,0.0005,0.0105,0.00035169,120.37,0.0005,0.0,BTC-27MAR20-40000-C,9312.81,0.0,0.0,0.0,0.001,50.8,132.66,0.32473,-0.34363,0.03649,0.0,0.0028
9780.37,BTC-26JUN20,1580381945510,open,0.86,1.0,0.822,0.9395,0.87434782,77.39,0.9,0.0,BTC-26JUN20-18000-P,9312.81,0.0,0.0,0.0,2.1,0.1,500.0,15.18257,-3.97275,-67.90652,5e-05,-0.83942
9780.37,BTC-26JUN20,1580381945510,open,0.01,420.4,0.003,0.036,0.01291449,86.11,0.0135,0.0,BTC-26JUN20-26000-C,9312.81,84.97,0.012,15.0,0.0135,8.4,86.83,7.946,-2.31365,2.08604,2e-05,0.06556
9780.37,BTC-26JUN20,1580381945510,open,0.02,371.8,0.011,0.046,0.02378276,70.06,0.0225,0.0,BTC-26JUN20-6000-P,9312.81,68.84,0.0225,15.0,0.025,15.0,71.19,10.41054,-2.46617,-4.65277,4e-05,-0.09364
9577.88,BTC-27MAR20,1580381945510,open,1.08,5.2,1.0485,1.1435,1.09210838,91.57,2.035,0.0,BTC-27MAR20-20000-P,9312.81,0.0,0.0,0.0,0.0,0.0,0.0,2.69362,-2.16835,-30.7506,2e-05,-0.96829
9780.37,BTC-26JUN20,1580381945510,open,0.01,373.0,0.0005,0.026,0.00771415,91.23,0.0075,0.0,BTC-26JUN20-32000-C,9312.81,89.88,0.007,41.4,0.0085,15.0,92.62,5.36069,-1.65352,1.2779,2e-05,0.03996
9577.88,BTC-27MAR20,1580381945510,open,0.12,178.6,0.094,0.1655,0.12627674,64.01,0.1255,0.0,BTC-27MAR20-10000-P,9312.81,62.25,0.1235,2.5,0.127,2.5,64.47,15.06848,-8.47968,-9.61084,0.00016,-0.51768
9577.88,BTC-27MAR20,1580381945510,open,0.0,533.0,0.0005,0.012,0.00247568,85.41,0.0025,0.0,BTC-27MAR20-5000-P,9312.81,82.51,0.002,29.0,0.003,50.0,88.23,1.67499,-1.25766,-0.30584,1e-05,-0.01802
9780.37,BTC-26JUN20,1580381945510,open,0.41,69.7,0.388,0.438,0.41031217,70.06,0.4,0.0,BTC-26JUN20-6000-C,9312.81,53.52,0.3955,15.0,0.4295,15.0,86.25,10.41104,-2.4664,19.65519,4e-05,0.90635
9577.88,BTC-27MAR20,1580381945510,open,0.47,67.8,0.4405,0.5225,0.4776404,73.95,0.48,0.0,BTC-27MAR20-14000-P,9312.81,0.0,0.4295,3.0,0.53,3.0,120.56,7.74688,-5.03643,-20.2,7e-05,-0.87583
9577.88,BTC-27MAR20,1580381945511,open,0.53,27.0,0.521,0.544,0.53161823,90.04,0.535,0.0,BTC-27MAR20-4500-C,9312.81,0.0,0.5255,14.0,0.54,14.0,127.41,1.06367,-0.84194,6.83162,1e-05,0.98936
9577.88,BTC-27MAR20,1580381945511,open,0.01,221.6,0.0015,0.03,0.01145036,76.65,0.011,0.0,BTC-27MAR20-15000-C,9312.81,75.15,0.0105,73.5,0.0125,81.3,78.23,6.21775,-4.18979,1.19538,6e-05,0.09155
9577.88,BTC-27MAR20,1580381945511,open,0.08,1703.0,0.0545,0.116,0.08220763,64.01,0.0815,0.0,BTC-27MAR20-10000-C,9312.81,63.57,0.0815,9.0,0.083,53.1,64.52,15.06849,-8.47996,5.97155,0.00016,0.48232
9577.88,BTC-27MAR20,1580381945511,open,0.28,66.3,0.25,0.33,0.28666183,68.25,0.2925,0.0,BTC-27MAR20-12000-P,9312.81,0.0,0.238,3.0,0.3385,3.0,105.63,11.78855,-7.07327,-15.60141,0.00012,-0.75869
9780.37,BTC-26JUN20,1580381945511,open,0.6,0.5,0.585,0.612,0.59651794,81.26,0.589,0.0,BTC-26JUN20-4000-C,9312.81,56.61,0.5915,12.0,0.6065,12.0,102.1,3.44811,-0.94743,15.05836,1e-05,0.97655
9780.37,BTC-26JUN20,1580381945511,open,0.0,230.4,0.0005,0.0115,0.00174202,86.94,0.0015,0.0,BTC-26JUN20-3000-P,9312.81,85.11,0.0015,23.0,0.002,0.1,88.72,1.35371,-0.39794,-0.38316,0.0,-0.00793
9780.37,BTC-26JUN20,1580381945511,open,0.67,2.1,0.6315,0.7475,0.68358686,75.32,0.89,0.0,BTC-26JUN20-16000-P,9312.81,0.0,0.0,0.0,1.23,0.1,310.85,18.22087,-4.64026,-58.16614,6e-05,-0.78436
9577.88,BTC-27MAR20,1580381945511,open,0.59,24.6,0.5735,0.594,0.58328322,96.55,0.586,0.0,BTC-27MAR20-4000-C,9312.81,0.0,0.578,15.0,0.59,15.0,136.96,0.69378,-0.58886,6.12174,1e-05,0.99346
9577.88,BTC-27MAR20,1580381945511,open,0.01,163.6,0.0005,0.022,0.008758,71.07,0.01,0.0,BTC-27MAR20-6500-P,9312.81,69.5,0.008,44.0,0.0095,38.4,72.54,4.73597,-2.95885,-1.08576,5e-05,-0.06399
9577.88,BTC-27MAR20,1580381945511,open,0.01,1285.0,0.0035,0.03,0.01327658,67.43,0.015,0.0,BTC-27MAR20-7000-P,9312.81,66.25,0.0125,44.2,0.014,34.5,68.51,6.3866,-3.78598,-1.61488,7e-05,-0.09493
9780.37,BTC-26JUN20,1580381945511,open,0.05,278.6,0.023,0.0865,0.04766529,75.32,0.05,0.0,BTC-26JUN20-16000-C,9312.81,74.15,0.0455,31.3,0.05,14.3,76.57,18.22195,-4.64081,6.65662,6e-05,0.21566
9577.88,BTC-27MAR20,1580381945511,open,0.03,687.4,0.0155,0.057,0.03216329,64.01,0.0305,0.0,BTC-27MAR20-8000-P,9312.81,62.5,0.0305,20.5,0.0325,52.4,64.32,10.61053,-5.97106,-3.47701,0.00012,-0.20081
9577.88,BTC-27MAR20,1580381945511,open,0.02,583.9,0.0085,0.0465,0.02219455,70.49,0.0225,0.0,BTC-27MAR20-13000-C,9312.81,69.78,0.0215,42.6,0.023,10.0,71.29,9.52518,-5.90241,2.18847,9e-05,0.16883
9577.88,BTC-27MAR20,1580381945511,open,0.0,328.0,0.0005,0.011,0.00143548,102.39,0.0025,0.0,BTC-27MAR20-26000-C,9312.81,98.28,0.001,50.0,0.002,73.1,106.55,1.1501,-1.03518,0.1523,1e-05,0.01164
9780.37,BTC-26JUN20,1580381945511,open,1.45,0.0,1.4115,1.54,1.46934955,83.74,None,0.0,BTC-26JUN20-24000-P,9312.81,0.0,0.0005,1.0,0.0,0.0,0.0,9.09257,-2.57457,-94.74897,3e-05,-0.92185
9577.88,BTC-27MAR20,1580381945511,open,0.0,306.9,0.0005,0.0105,0.00071605,120.37,0.001,0.0,BTC-27MAR20-36000-C,9312.81,116.35,0.0005,18.1,0.001,30.0,124.45,0.58567,-0.61976,0.06994,0.0,0.0054
9577.89,BTC-27MAR20,1580381945511,open,2.12,0.0,2.071,2.201,2.13309647,108.52,None,0.0,BTC-27MAR20-30000-P,9312.81,0.0,0.0,0.0,0.0,0.0,0.0,0.74799,-0.71358,-46.65404,0.0,-0.99288
9577.89,BTC-27MAR20,1580381945511,open,0.2,1152.0,0.1705,0.227,0.196908,64.02,0.1965,0.0,BTC-27MAR20-8000-C,9312.81,61.36,0.194,2.5,0.199,18.5,65.89,10.61065,-5.97129,8.98882,0.00012,0.79919
9780.37,BTC-26JUN20,1580381945511,open,1.86,0.0,1.81,1.9495,1.87353522,87.85,None,0.0,BTC-26JUN20-28000-P,9312.81,0.0,0.0005,1.0,0.0,0.0,0.0,6.88883,-2.04625,-111.6963,2e-05,-0.94536
9577.89,BTC-27MAR20,1580381945511,open,1.49,0.0,1.457,1.565,1.50770927,99.11,None,0.0,BTC-27MAR20-24000-P,9312.81,0.0,0.0015,0.5,0.0,0.0,0.0,1.48792,-1.29642,-37.19253,1e-05,-0.98431
9577.89,BTC-27MAR20,1580381945511,open,0.01,653.7,0.0005,0.0195,0.00570656,86.11,0.006,0.0,BTC-27MAR20-18000-C,9312.81,84.18,0.005,46.5,0.0065,83.1,88.12,3.64081,-2.75621,0.59977,3e-05,0.04589
9577.89,BTC-27MAR20,1580381945511,open,0.0,247.6,0.0005,0.0105,0.00089865,113.86,0.0015,0.0,BTC-27MAR20-32000-C,9312.81,107.47,0.0005,64.1,0.0015,64.0,120.31,0.7334,-0.7341,0.09052,0.0,0.00696
9780.37,BTC-26JUN20,1580381945511,open,2.06,0.0,2.01,2.1555,2.07654623,89.87,None,0.0,BTC-26JUN20-30000-P,9312.81,0.0,0.0005,1.0,0.0,0.0,0.0,6.12287,-1.86048,-120.03829,2e-05,-0.95288
9577.89,BTC-27MAR20,1580381945511,open,1.91,0.0,1.8665,1.9895,1.92467742,107.22,None,0.0,BTC-27MAR20-28000-P,9312.81,0.0,0.0,0.0,0.0,0.0,0.0,1.01542,-0.95708,-43.49918,1e-05,-0.98991
9951.05,SYN.BTC-25SEP20,1580381945509,open,0.32,34.0,0.2745,0.3605,0.31407436,70.26,0.306,0.0,BTC-25SEP20-8000-C,9312.81,61.27,0.291,15.0,0.322,15.0,73.33,25.69089,-3.77826,28.25815,6e-05,0.74798
9577.89,BTC-27MAR20,1580381945511,open,0.2,2.2,0.1645,0.2425,0.20037007,65.69,0.1985,0.0,BTC-27MAR20-11000-P,9312.81,64.05,0.198,2.5,0.2025,2.5,67.15,13.90009,-8.02722,-12.79551,0.00015,-0.65697
9577.89,BTC-27MAR20,1580381945512,open,0.02,1259.4,0.005,0.0375,0.01594822,73.96,0.0165,0.0,BTC-27MAR20-14000-C,9312.81,72.78,0.015,23.5,0.017,91.5,75.25,7.74888,-5.03849,1.61588,7e-05,0.12422
9577.89,BTC-27MAR20,1580381945512,open,0.43,0.0,0.4155,0.4465,0.42953943,80.02,None,0.0,BTC-27MAR20-5500-C,9312.81,54.14,0.426,12.0,0.4415,12.0,110.54,2.41571,-1.69947,8.09881,2e-05,0.97219
9780.37,BTC-26JUN20,1580381945512,open,0.01,390.5,0.002,0.0265,0.01150212,74.05,0.012,0.0,BTC-26JUN20-5000-P,9312.81,72.45,0.0105,15.0,0.0125,46.5,75.58,6.27043,-1.56998,-2.37916,2e-05,-0.04854
9577.89,BTC-27MAR20,1580381945512,open,0.0,711.9,0.0005,0.0155,0.00397024,91.59,0.004,0.0,BTC-27MAR20-20000-C,9312.81,89.86,0.0035,38.9,0.0045,72.0,93.4,2.69648,-2.17121,0.41467,2e-05,0.03175
9577.89,BTC-27MAR20,1580381945512,open,0.0,187.7,0.0005,0.011,0.00129306,107.36,0.001,0.0,BTC-27MAR20-28000-C,9312.81,104.36,0.001,20.0,0.002,63.8,112.98,1.0241,-0.96655,0.13274,1e-05,0.01019
9577.89,BTC-27MAR20,1580381945512,open,1.29,5.6,1.2525,1.354,1.29969886,95.67,1.545,0.0,BTC-27MAR20-22000-P,9312.81,0.0,0.0,0.0,0.0,0.0,0.0,1.98828,-1.67226,-33.99306,1e-05,-0.97795
9447.38,SYN.BTC-28FEB20,1580381945511,open,0.01,677.6,0.0005,0.0205,0.00670301,74.26,0.0065,0.0,BTC-28FEB20-13000-C,9312.81,72.48,0.006,24.0,0.0075,72.3,76.16,3.84674,-4.94628,0.5272,7e-05,0.07724
9780.37,BTC-26JUN20,1580381945512,open,0.17,599.8,0.1245,0.2095,0.16341607,68.46,0.1655,0.0,BTC-26JUN20-10000-C,9312.81,67.9,0.162,10.2,0.165,15.9,69.1,24.49156,-5.66962,15.96338,9e-05,0.56629
9780.37,BTC-26JUN20,1580381945512,open,0.5,0.0,0.484,0.521,0.50027663,74.05,None,0.0,BTC-26JUN20-5000-C,9312.81,53.56,0.491,11.0,0.5155,11.0,93.36,6.27111,-1.57024,17.87742,2e-05,0.95145
9577.89,BTC-27MAR20,1580381945512,open,0.02,730.5,0.0085,0.0405,0.02039038,64.8,0.02,0.0,BTC-27MAR20-7500-P,9312.81,63.78,0.0195,46.3,0.021,16.3,65.5,8.38279,-4.77573,-2.38193,9e-05,-0.13921
9577.89,BTC-27MAR20,1580381945512,open,0.33,0.0,0.3115,0.352,0.3301133,71.07,None,0.0,BTC-27MAR20-6500-C,9312.81,56.85,0.3245,16.0,0.347,16.0,97.36,4.73639,-2.95925,9.04266,5e-05,0.936
9577.89,BTC-27MAR20,1580381945512,open,0.37,0.0,0.343,0.4235,0.37948015,70.48,None,0.0,BTC-27MAR20-13000-P,9312.81,0.0,0.332,3.0,0.432,3.0,112.71,9.52406,-5.9011,-18.06898,9e-05,-0.8312
9577.89,BTC-27MAR20,1580381945513,open,0.0,36.9,0.0005,0.011,0.00144786,90.01,0.002,0.0,BTC-27MAR20-4500-P,9312.81,85.48,0.001,44.0,0.002,40.1,94.48,1.06226,-0.84058,-0.18016,1e-05,-0.01062
9577.89,BTC-27MAR20,1580381945512,open,0.0,163.3,0.0005,0.0105,0.00089894,108.73,0.001,0.0,BTC-27MAR20-30000-C,9312.81,102.55,0.0005,94.5,0.0015,73.0,114.97,0.75814,-0.72466,0.0945,0.0,0.00723
