underlying_price,underlying_index,timestamp,state,settlement_price,open_interest,min_price,max_price,mark_price,mark_iv,last_price,interest_rate,instrument_name,index_price,bid_iv,best_bid_price,best_bid_amount,best_ask_price,best_ask_amount,ask_iv,vega,theta,rho,gamma,delta
176.05,ETH-26JUN20,1579085940007,open,0.45,1.0,0.438,0.504,0.470869,88.24,0.38,0.0,ETH-26JUN20-100-C,167.15,61.82,0.444,48.0,0.491,48.0,103.84,0.21367,-0.05788,0.33329,0.00175,0.89512
176.05,ETH-26JUN20,1579085940021,open,0.45,1.0,0.438,0.504,0.470869,88.24,0.38,0.0,ETH-26JUN20-100-C,167.15,65.52,0.447,48.0,0.491,48.0,103.84,0.21367,-0.05788,0.33329,0.00175,0.89512
176.05,ETH-26JUN20,1579085940024,open,0.45,1.0,0.438,0.504,0.470869,88.24,0.38,0.0,ETH-26JUN20-100-C,167.15,65.52,0.447,48.0,0.492,48.0,104.58,0.21367,-0.05788,0.33329,0.00175,0.89512
8823.19,SYN.BTC-24JAN20,1579085940051,open,0.05,191.0,0.0355,0.084,0.05848134,61.18,0.06,0.0,BTC-24JAN20-8500-C,8788.47,59.44,0.0575,18.0,0.061,18.0,65.61,4.98501,-17.17992,1.31123,0.00043,0.66962
8823.19,SYN.BTC-24JAN20,1579085940064,open,0.05,191.0,0.0355,0.084,0.05848134,61.18,0.06,0.0,BTC-24JAN20-8500-C,8788.47,59.44,0.0575,18.0,0.061,25.0,65.61,4.98501,-17.17992,1.31123,0.00043,0.66962
9068.49,BTC-27MAR20,1579085940069,open,0.07,426.5,0.036,0.093,0.06024483,65.86,0.062,0.0,BTC-27MAR20-8000-P,8788.47,64.03,0.0575,50.9,0.0605,0.3,66.03,13.60741,-6.23427,-6.12274,0.00013,-0.28262
8959.45,SYN.BTC-28FEB20,1579085940071,open,0.03,237.2,0.0125,0.055,0.02902534,69.38,0.025,0.0,BTC-28FEB20-11000-C,8788.47,67.93,0.0275,34.3,0.0305,34.3,70.76,9.47471,-7.49095,2.18447,0.00014,0.23186
176.05,ETH-26JUN20,1579085940694,open,0.55,0.0,0.54,0.587,0.563236,90.3,None,0.0,ETH-26JUN20-80-C,167.15,59.83,0.548,52.0,0.58,52.0,110.14,0.12854,-0.03563,0.30086,0.00103,0.94621
9370.06,SYN.BTC-25SEP20,1579085940823,open,0.09,104.1,0.057,0.1525,0.09657758,78.48,0.0915,0.0,BTC-25SEP20-16000-C,8788.47,77.61,0.094,9.4,0.0995,10.2,79.47,27.64663,-4.2734,14.04011,6e-05,0.312
9370.06,SYN.BTC-25SEP20,1579085940840,open,0.17,53.5,0.1135,0.209,0.15568492,72.97,0.1505,0.0,BTC-25SEP20-8000-P,8788.47,70.44,0.1485,14.9,0.1565,18.7,73.26,26.59096,-3.82132,-28.80978,6e-05,-0.28636
9231.69,BTC-26JUN20,1579085940842,open,0.03,1039.6,0.013,0.069,0.03254206,85.09,0.034,0.0,BTC-26JUN20-20000-C,8788.47,84.05,0.031,15.0,0.034,9.5,86.06,13.79217,-3.60276,4.46766,4e-05,0.141
9068.36,BTC-27MAR20,1579085940950,open,0.82,1.2,0.735,0.83,0.77768343,83.61,0.95,0.0,BTC-27MAR20-16000-P,8788.49,0.0,0.4775,1.0,0.95,0.1,205.21,6.49951,-3.7804,-30.14929,5e-05,-0.91065
9068.36,BTC-27MAR20,1579085940950,open,0.03,1021.8,0.0125,0.05,0.02682464,66.37,0.0265,0.0,BTC-27MAR20-7000-P,8788.49,65.58,0.026,1.0,0.0285,55.2,67.96,9.48153,-4.37752,-3.20017,9e-05,-0.15238
9068.36,BTC-27MAR20,1579085940950,open,0.0,161.2,0.0005,0.016,0.00385349,101.25,0.004,0.0,BTC-27MAR20-24000-C,8788.49,97.81,0.003,54.3,0.0045,71.2,103.54,2.43859,-1.71766,0.39734,1e-05,0.0261
9231.62,BTC-26JUN20,1579085940950,open,0.67,26.7,0.6685,0.69,0.67828013,87.04,0.68,0.0,BTC-26JUN20-3000-C,8788.49,0.0,0.675,11.1,0.68,11.0,93.74,2.07461,-0.55431,12.71454,1e-05,0.98693
9068.36,BTC-27MAR20,1579085940950,open,0.0,150.6,0.0005,0.0105,0.00095372,110.0,0.001,0.0,BTC-27MAR20-34000-C,8788.49,103.33,0.0005,65.2,0.0015,15.0,115.39,0.77261,-0.59121,0.10588,0.0,0.00688
9068.36,BTC-27MAR20,1579085940950,open,2.16,0.0,2.028,2.1605,2.0900745,107.12,None,0.0,BTC-27MAR20-28000-P,8788.49,0.0,0.0,0.0,0.0,0.0,0.0,1.6464,-1.22681,-54.88755,1e-05,-0.98359
9068.36,BTC-27MAR20,1579085940950,open,0.01,737.1,0.001,0.026,0.01097803,70.46,0.0105,0.0,BTC-27MAR20-6000-P,8788.49,68.78,0.01,62.5,0.012,27.1,72.14,5.39086,-2.64231,-1.44237,5e-05,-0.06979
9231.64,BTC-26JUN20,1579085940951,open,0.24,218.6,0.2135,0.2975,0.25225001,72.23,0.251,0.0,BTC-26JUN20-8000-C,8788.49,68.0,0.2425,21.0,0.254,9.0,72.99,21.28692,-4.72024,18.63941,8e-05,0.70472
9068.36,BTC-27MAR20,1579085940951,open,1.94,0.0,1.8115,1.937,1.8700422,103.92,None,0.0,BTC-27MAR20-26000-P,8788.49,0.0,0.0,0.0,0.0,0.0,0.0,1.94914,-1.40902,-50.89415,1e-05,-0.97999
9068.36,BTC-27MAR20,1579085940951,open,0.01,467.8,0.0005,0.0275,0.0092066,89.04,0.0095,0.0,BTC-27MAR20-18000-C,8788.49,86.73,0.008,61.8,0.01,45.0,90.47,4.92374,-3.04993,0.94437,3e-05,0.06209
9068.38,BTC-27MAR20,1579085940951,open,2.84,0.0,2.676,2.831,2.75026991,110.29,None,0.0,BTC-27MAR20-34000-P,8788.49,0.0,0.0,0.0,0.0,0.0,0.0,0.78735,-0.60407,-66.8446,0.0,-0.99297
9369.79,SYN.BTC-25SEP20,1579085940950,open,2.09,0.0,1.9465,2.123,2.02506428,88.36,None,0.0,BTC-25SEP20-28000-P,8788.49,0.0,0.0,0.0,0.0,0.0,0.0,16.70305,-2.90656,-188.5478,3e-05,-0.86804
9068.38,BTC-27MAR20,1579085940951,open,0.13,156.6,0.0795,0.152,0.11199991,65.85,0.112,0.0,BTC-27MAR20-9000-P,8788.49,64.42,0.1095,33.4,0.1155,28.4,67.86,15.81827,-7.2465,-9.7093,0.00015,-0.43171
9068.38,BTC-27MAR20,1579085940951,open,0.39,55.3,0.322,0.4115,0.36251838,72.74,0.3565,0.0,BTC-27MAR20-12000-P,8788.49,0.0,0.062,1.0,0.6625,1.0,248.86,12.50962,-6.33034,-20.04553,0.00011,-0.76001
9068.38,BTC-27MAR20,1579085940951,open,0.0,83.5,0.0005,0.012,0.00240225,107.04,0.003,0.0,BTC-27MAR20-28000-C,8788.49,104.67,0.002,17.1,0.003,48.6,110.1,1.63998,-1.22116,0.24888,1e-05,0.01634
8823.03,SYN.BTC-24JAN20,1579085940950,open,0.0,13.2,0.0005,0.018,0.00455466,78.06,0.0035,0.0,BTC-24JAN20-10500-C,8788.49,75.71,0.004,27.9,0.005,37.4,79.84,2.15126,-9.45973,0.17377,0.00015,0.08555
8959.3,SYN.BTC-28FEB20,1579085940950,open,0.1,79.5,0.0615,0.125,0.0900567,63.44,0.101,0.0,BTC-28FEB20-9000-P,8788.49,61.58,0.0875,14.0,0.092,16.9,64.85,12.34286,-8.9229,-5.97131,0.0002,-0.4644
9068.38,BTC-27MAR20,1579085940952,open,1.71,0.0,1.5955,1.714,1.6504297,101.32,None,0.0,BTC-27MAR20-24000-P,8788.49,0.0,0.0005,5.0,0.0,0.0,0.0,2.44587,-1.7239,-46.86204,1e-05,-0.9738
8795.77,SYN.BTC-17JAN20,1579085940950,open,0.0,535.3,0.0005,0.011,0.00097325,97.54,0.001,0.0,BTC-17JAN20-10000-C,8788.49,87.45,0.0005,51.0,0.0015,1.2,105.69,0.49764,-8.56048,0.01579,0.00013,0.03592
9068.38,BTC-27MAR20,1579085940953,open,0.0,296.9,0.0005,0.0105,0.00066444,110.0,0.0015,0.0,BTC-27MAR20-36000-C,8788.49,107.12,0.0005,69.6,0.0015,60.0,119.48,0.57501,-0.44,0.07624,0.0,0.00493
9068.38,BTC-27MAR20,1579085940953,open,0.0,178.0,0.0005,0.0115,0.00188205,109.1,0.0015,0.0,BTC-27MAR20-30000-C,8788.49,106.3,0.0015,20.0,0.0025,51.5,112.88,1.33813,-1.01554,0.19675,1e-05,0.0129
9068.38,BTC-27MAR20,1579085940953,open,0.0,153.3,0.0005,0.011,0.00138094,110.0,0.0015,0.0,BTC-27MAR20-32000-C,8788.49,106.28,0.001,20.4,0.002,50.1,114.7,1.04098,-0.79656,0.14791,1e-05,0.00966
8959.3,SYN.BTC-28FEB20,1579085940950,open,0.14,0.9,0.094,0.163,0.12538228,64.77,0.1205,0.0,BTC-28FEB20-9500-P,8788.49,48.99,0.104,5.8,0.1555,4.2,86.65,12.25609,-9.04688,-7.37151,0.0002,-0.55908
9068.38,BTC-27MAR20,1579085940953,open,0.0,299.0,0.0005,0.0185,0.00492711,97.49,0.005,0.0,BTC-27MAR20-22000-C,8788.49,94.5,0.004,65.8,0.0055,24.0,99.17,2.99661,-2.03231,0.50954,2e-05,0.03346
8795.77,SYN.BTC-17JAN20,1579085940950,open,0.0,187.8,0.0005,0.0105,1e-07,109.99,0.0005,0.0,BTC-17JAN20-6250-P,8788.49,0.0,0.0,0.0,0.0005,21.4,209.65,0.00018,-0.0009,0.0,0.0,-1e-05
9369.79,SYN.BTC-25SEP20,1579085940950,open,0.29,32.9,0.2585,0.353,0.3019017,72.97,0.2875,0.0,BTC-25SEP20-8000-C,8788.49,67.02,0.285,9.0,0.309,8.0,75.48,26.59085,-3.82156,26.83232,6e-05,0.71362
8850.28,SYN.BTC-31JAN20,1579085940950,open,0.04,214.7,0.0145,0.058,0.03287374,61.6,0.039,0.0,BTC-31JAN20-8500-P,8788.49,59.18,0.031,22.0,0.033,24.0,61.77,6.85439,-13.29901,-1.4835,0.00033,-0.35251
8795.77,SYN.BTC-17JAN20,1579085940950,open,0.1,279.4,0.101,0.1405,0.11969636,95.32,0.116,0.0,BTC-17JAN20-7750-C,8788.49,0.0,0.116,1.5,0.1225,1.5,130.87,0.42443,-10.7849,0.38452,0.00011,0.97039
9068.38,BTC-27MAR20,1579085940955,open,0.01,721.5,0.0005,0.0225,0.00673981,93.86,0.0065,0.0,BTC-27MAR20-20000-C,8788.49,92.05,0.006,11.5,0.0075,46.0,95.59,3.84405,-2.50978,0.69101,3e-05,0.04544
9068.38,BTC-27MAR20,1579085940955,open,2.39,0.0,2.244,2.3845,2.31010231,109.24,None,0.0,BTC-27MAR20-30000-P,8788.49,0.0,0.0,0.0,0.0,0.0,0.0,1.34911,-1.02527,-58.87736,1e-05,-0.98698
8850.28,SYN.BTC-31JAN20,1579085940951,open,0.14,520.6,0.1385,0.182,0.15917776,64.77,0.145,0.0,BTC-31JAN20-7500-C,8788.49,0.0,0.1525,7.1,0.1735,7.0,95.76,3.19155,-6.51044,2.85948,0.00014,0.90201
8795.77,SYN.BTC-17JAN20,1579085940950,open,0.01,322.3,0.0005,0.025,0.00673123,67.57,0.0065,0.0,BTC-17JAN20-8500-P,8788.49,66.51,0.0065,5.1,0.0075,0.1,71.04,1.92652,-34.69949,-0.10817,0.00072,-0.23257
8795.77,SYN.BTC-17JAN20,1579085940950,open,0.25,9.4,0.246,0.276,0.26102386,131.96,0.259,0.0,BTC-17JAN20-6500-C,8788.49,0.0,0.2485,7.0,0.2635,7.0,242.88,0.01301,-0.45765,0.33376,0.0,0.99941
8823.03,SYN.BTC-24JAN20,1579085940950,open,0.0,182.5,0.0005,0.0115,0.00181952,73.36,0.003,0.0,BTC-24JAN20-7250-P,8788.49,70.75,0.0015,51.0,0.0025,46.5,78.17,1.1386,-4.70558,-0.08556,8e-05,-0.03806
8823.03,SYN.BTC-24JAN20,1579085940950,open,0.03,55.0,0.007,0.0445,0.02185695,61.18,0.022,0.0,BTC-24JAN20-8500-P,8788.49,57.87,0.02,27.0,0.0225,39.8,62.31,4.98532,-17.18048,-0.75586,0.00043,-0.33044
8823.03,SYN.BTC-24JAN20,1579085940949,open,0.0,169.0,0.0005,0.021,0.00601508,75.19,0.0075,0.0,BTC-24JAN20-10250-C,8788.49,71.62,0.005,50.0,0.0065,30.0,76.81,2.60827,-11.04856,0.2258,0.00018,0.11126
8795.77,SYN.BTC-17JAN20,1579085940950,open,0.0,414.7,0.0005,0.0105,3.858e-05,109.99,0.0005,0.0,BTC-17JAN20-7000-P,8788.49,0.0,0.0,0.0,0.0005,52.6,146.84,0.03383,-0.33932,-0.00077,1e-05,-0.00166
8795.77,SYN.BTC-17JAN20,1579085940950,open,0.33,7.2,0.333,0.359,0.34628946,179.0,0.33,0.0,BTC-17JAN20-5750-C,8788.49,0.0,0.3355,8.0,0.3485,8.0,318.05,0.0084,-0.40103,0.29531,0.0,0.99963
8823.03,SYN.BTC-24JAN20,1579085940950,open,0.0,85.1,0.0005,0.0105,0.0004444,95.68,0.0005,0.0,BTC-24JAN20-6250-P,8788.49,0.0,0.0,0.0,0.001,66.0,107.1,0.31904,-1.7196,-0.01925,2e-05,-0.00853
8959.3,SYN.BTC-28FEB20,1579085940950,open,0.05,147.9,0.021,0.067,0.04003874,63.44,0.05,0.0,BTC-28FEB20-8000-P,8788.49,61.64,0.038,54.8,0.0415,47.6,64.72,10.19442,-7.37,-3.29627,0.00017,-0.26603
8795.77,SYN.BTC-17JAN20,1579085940950,open,0.0,230.4,0.0005,0.015,0.0020027,94.59,0.0015,0.0,BTC-17JAN20-9750-C,8788.49,88.89,0.0015,30.0,0.0025,30.1,99.53,0.83509,-17.61532,0.03018,0.00022,0.06877
8959.3,SYN.BTC-28FEB20,1579085940950,open,0.0,172.2,0.0005,0.0115,0.00194402,84.89,0.003,0.0,BTC-28FEB20-5000-P,8788.49,81.54,0.0015,74.0,0.0025,23.0,88.47,1.28544,-1.24354,-0.20008,2e-05,-0.01663
8823.03,SYN.BTC-24JAN20,1579085940950,open,0.01,237.5,0.0005,0.0245,0.0079165,71.91,0.008,0.0,BTC-24JAN20-10000-C,8788.49,69.26,0.007,45.0,0.0085,30.0,73.53,3.12752,-12.66915,0.29288,0.00023,0.14443
8823.03,SYN.BTC-24JAN20,1579085940950,open,0.09,0.0,0.0445,0.1,0.07000744,65.0,None,0.0,BTC-24JAN20-9250-P,8788.49,0.0,0.044,7.0,0.0895,7.0,97.95,5.03476,-18.4349,-1.56868,0.00041,-0.66114
8823.03,SYN.BTC-24JAN20,1579085940950,open,0.0,192.0,0.0005,0.0105,0.0004496,86.04,0.0005,0.0,BTC-24JAN20-6500-P,8788.49,0.0,0.0,0.0,0.001,73.1,96.39,0.35148,-1.70363,-0.0214,2e-05,-0.00953
8795.77,SYN.BTC-17JAN20,1579085940950,open,0.05,97.1,0.012,0.0605,0.03417142,70.89,0.034,0.0,BTC-17JAN20-9000-P,8788.49,62.46,0.032,18.0,0.035,18.0,74.05,2.29698,-43.40363,-0.31605,0.00082,-0.66505
8795.77,SYN.BTC-17JAN20,1579085940950,open,0.0,625.2,0.0005,0.0105,0.00078447,94.97,0.001,0.0,BTC-17JAN20-7750-P,8788.49,88.17,0.0005,30.3,0.0015,79.5,107.23,0.41904,-6.90005,-0.01354,0.00011,-0.02916
8959.3,SYN.BTC-28FEB20,1579085940949,open,0.02,49.6,0.0065,0.04,0.01812739,73.24,0.018,0.0,BTC-28FEB20-12000-C,8788.49,71.85,0.017,57.0,0.0185,0.1,73.7,7.33772,-6.1245,1.45227,0.0001,0.15297
8823.03,SYN.BTC-24JAN20,1579085940950,open,0.02,95.0,0.003,0.032,0.01308515,61.18,0.0145,0.0,BTC-24JAN20-8250-P,8788.49,58.84,0.012,54.0,0.014,38.8,63.11,4.13823,-14.26172,-0.51327,0.00036,-0.22614
8795.77,SYN.BTC-17JAN20,1579085940950,open,0.36,7.1,0.362,0.387,0.37471166,195.98,0.359,0.0,BTC-17JAN20-5500-C,8788.49,0.0,0.3645,9.0,0.377,9.0,348.78,0.00745,-0.3892,0.28249,0.0,0.99968
8823.03,SYN.BTC-24JAN20,1579085940951,open,0.01,206.8,0.0005,0.023,0.00750994,62.09,0.0075,0.0,BTC-24JAN20-8000-P,8788.49,60.63,0.007,67.1,0.008,0.1,63.45,3.13024,-10.94835,-0.32638,0.00027,-0.14461
8850.28,SYN.BTC-31JAN20,1579085940953,open,0.01,602.2,0.001,0.0285,0.01055701,72.37,0.01,0.0,BTC-31JAN20-10500-C,8788.49,70.11,0.0095,53.2,0.0115,48.1,74.32,4.21213,-9.60105,0.51856,0.00017,0.14527
8850.28,SYN.BTC-31JAN20,1579085940952,open,0.0,762.3,0.0005,0.0105,0.00045681,95.93,0.001,0.0,BTC-31JAN20-5500-P,8788.49,0.0,0.0,0.0,0.001,94.1,106.45,0.34192,-1.033,-0.0272,1e-05,-0.00661
9369.79,SYN.BTC-25SEP20,1579085940950,open,2.52,0.0,2.361,2.5505,2.44569894,91.56,None,0.0,BTC-25SEP20-32000-P,8788.49,0.0,0.0,0.0,0.0,0.0,0.0,14.69118,-2.64918,-217.39438,3e-05,-0.89003
8823.03,SYN.BTC-24JAN20,1579085940950,open,0.0,124.9,0.0005,0.0105,0.0008899,84.43,0.001,0.0,BTC-24JAN20-6750-P,8788.49,77.66,0.0005,23.0,0.0015,89.0,91.91,0.60498,-2.87729,-0.04022,4e-05,-0.01786
8850.28,SYN.BTC-31JAN20,1579085940950,open,0.08,94.7,0.0365,0.09,0.06054817,61.6,0.0645,0.0,BTC-31JAN20-9000-P,8788.49,57.93,0.0575,18.0,0.0615,22.1,62.75,7.34736,-14.25463,-2.2596,0.00035,-0.52645
8823.03,SYN.BTC-24JAN20,1579085940952,open,0.0,2.5,0.0005,0.016,0.00365576,81.66,0.0025,0.0,BTC-24JAN20-10750-C,8788.49,78.31,0.003,32.1,0.004,38.1,83.29,1.81527,-8.35067,0.13897,0.00012,0.06843
8795.77,SYN.BTC-17JAN20,1579085940950,open,0.05,1407.3,0.0435,0.0875,0.0648758,73.92,0.064,0.0,BTC-17JAN20-8250-C,8788.49,62.11,0.0635,0.5,0.067,13.6,88.06,1.17277,-23.10856,0.37371,0.0004,0.89166
8795.77,SYN.BTC-17JAN20,1579085940950,open,0.0,325.6,0.0005,0.0185,0.00331233,86.49,0.004,0.0,BTC-17JAN20-9500-C,8788.49,80.22,0.0025,49.0,0.004,67.0,91.3,1.20803,-27.85322,0.04954,0.00035,0.11291
8850.28,SYN.BTC-31JAN20,1579085940951,open,0.1,832.8,0.0875,0.1365,0.11111827,61.64,0.1045,0.0,BTC-31JAN20-8000-C,8788.49,57.91,0.109,1.0,0.116,15.0,69.76,5.1307,-9.95966,2.66087,0.00024,0.80235
8795.77,SYN.BTC-17JAN20,1579085940950,open,0.0,174.0,0.0005,0.0105,1e-08,109.99,0.0005,0.0,BTC-17JAN20-6000-P,8788.49,0.0,0.0,0.0,0.0005,26.0,231.91,2e-05,-7e-05,0.0,0.0,0.0
8795.77,SYN.BTC-17JAN20,1579085940950,open,0.01,375.8,0.0005,0.0165,0.00280831,73.78,0.004,0.0,BTC-17JAN20-8250-P,8788.49,71.41,0.0025,32.0,0.0035,0.1,78.75,1.16963,-23.0045,-0.05006,0.0004,-0.10794
8795.77,SYN.BTC-17JAN20,1579085940950,open,0.0,180.7,0.0005,0.0105,0.0,110.0,0.001,0.0,BTC-17JAN20-5750-P,8788.49,0.0,0.0,0.0,0.0005,22.5,254.96,0.0,0.0,0.0,0.0,0.0
8823.03,SYN.BTC-24JAN20,1579085940951,open,0.0,151.5,0.0005,0.0115,0.0015584,81.77,0.0015,0.0,BTC-24JAN20-7000-P,8788.49,81.22,0.0015,1.8,0.002,67.2,85.62,0.93957,-4.3282,-0.06799,6e-05,-0.03013
8795.77,SYN.BTC-17JAN20,1579085940950,open,0.27,7.1,0.275,0.304,0.28944517,146.78,0.205,0.0,BTC-17JAN20-6250-C,8788.49,0.0,0.2775,8.0,0.292,8.0,270.74,0.01086,-0.42507,0.32096,0.0,0.99952
8850.28,SYN.BTC-31JAN20,1579085940952,open,0.0,936.4,0.0005,0.0115,0.00183652,80.33,0.0015,0.0,BTC-31JAN20-6500-P,8788.49,77.59,0.0015,51.1,0.0025,68.6,84.97,1.15227,-2.91529,-0.1112,4e-05,-0.02705
8850.28,SYN.BTC-31JAN20,1579085940953,open,0.0,1080.0,0.0005,0.0105,0.000915,87.83,0.0005,0.0,BTC-31JAN20-6000-P,8788.49,80.87,0.0005,67.6,0.0015,76.7,94.72,0.63554,-1.75805,-0.05522,2e-05,-0.01343
8823.03,SYN.BTC-24JAN20,1579085940951,open,0.0,160.2,0.0005,0.013,0.00298619,69.79,0.0045,0.0,BTC-24JAN20-7500-P,8788.49,69.86,0.003,0.1,0.0035,40.6,72.42,1.65833,-6.51986,-0.13708,0.00013,-0.06091
8959.3,SYN.BTC-28FEB20,1579085940950,open,0.0,147.2,0.0005,0.0135,0.00376532,81.51,0.0035,0.0,BTC-28FEB20-5500-P,8788.49,80.39,0.0035,16.0,0.0045,92.9,84.4,2.16515,-2.01113,-0.37319,3e-05,-0.03089
8850.28,SYN.BTC-31JAN20,1579085940950,open,0.01,629.3,0.0005,0.02,0.0065929,64.73,0.0065,0.0,BTC-31JAN20-7500-P,8788.49,63.05,0.006,92.7,0.0075,35.0,67.18,3.18839,-6.49968,-0.40208,0.00014,-0.09786
8795.77,SYN.BTC-17JAN20,1579085940950,open,0.0,637.7,0.0005,0.0105,0.00040928,104.31,0.0005,0.0,BTC-17JAN20-7500-P,8788.49,0.0,0.0,0.0,0.001,51.1,120.18,0.23953,-3.59994,-0.00699,6e-05,-0.01505
8823.03,SYN.BTC-24JAN20,1579085940950,open,0.11,1.0,0.065,0.122,0.09169674,66.38,0.102,0.0,BTC-24JAN20-9500-P,8788.49,0.0,0.0635,2.2,0.123,1.6,122.17,4.40746,-16.48078,-1.79762,0.00035,-0.74616
9231.64,BTC-26JUN20,1579085940985,open,0.24,218.6,0.2135,0.2975,0.25225001,72.23,0.251,0.0,BTC-26JUN20-8000-C,8788.49,68.0,0.2425,20.0,0.254,9.0,72.99,21.28692,-4.72024,18.63941,8e-05,0.70472
178.67,SYN.ETH-25SEP20,1579085941081,open,2.07,0.0,1.853,2.096,1.967657,97.22,None,0.0,ETH-25SEP20-520-P,167.15,0.0,0.0,0.0,0.0,0.0,0.0,0.3922,-0.0751,-3.46331,0.00182,-0.81913
9369.79,SYN.BTC-25SEP20,1579085941085,open,0.18,82.9,0.1385,0.244,0.18585986,74.26,0.183,0.0,BTC-25SEP20-11000-C,8788.49,73.1,0.182,8.6,0.19,8.6,75.51,31.13483,-4.55354,21.78963,7e-05,0.5202
9369.79,SYN.BTC-25SEP20,1579085941102,open,0.04,135.2,0.0175,0.0605,0.03412058,73.19,0.039,0.0,BTC-25SEP20-5000-P,8788.49,71.62,0.032,22.0,0.0365,17.2,74.91,12.80332,-1.84559,-8.15992,3e-05,-0.09109
9369.79,SYN.BTC-25SEP20,1579085941107,open,0.11,128.8,0.0705,0.1505,0.10498816,72.96,0.1,0.0,BTC-25SEP20-7000-P,8788.49,70.31,0.0985,17.7,0.1035,0.3,72.36,22.93663,-3.29602,-20.96423,5e-05,-0.21669
9369.79,SYN.BTC-25SEP20,1579085941111,open,0.25,81.0,0.2085,0.309,0.25460701,72.97,0.252,0.0,BTC-25SEP20-9000-C,8788.49,71.81,0.251,7.9,0.2615,8.0,75.19,29.10738,-4.18321,25.40852,7e-05,0.64448
9231.64,BTC-26JUN20,1579085941113,open,0.03,27.1,0.0095,0.0605,0.02658552,87.57,0.0235,0.0,BTC-26JUN20-22000-C,8788.49,86.34,0.025,20.0,0.028,12.0,88.64,12.09055,-3.25034,3.70958,4e-05,0.11664
9231.64,BTC-26JUN20,1579085941116,open,0.02,43.9,0.0075,0.0545,0.02250393,90.13,0.024,0.0,BTC-26JUN20-24000-C,8788.49,88.81,0.021,15.0,0.0235,11.4,90.97,10.76225,-2.97761,3.161,3e-05,0.09924
9231.64,BTC-26JUN20,1579085941116,open,0.03,27.1,0.0095,0.0605,0.02658552,87.57,0.0235,0.0,BTC-26JUN20-22000-C,8788.49,86.34,0.025,22.9,0.028,12.0,88.64,12.09055,-3.25034,3.70958,4e-05,0.11664
9231.64,BTC-26JUN20,1579085941117,open,0.02,49.9,0.005,0.0455,0.0168967,94.6,0.0135,0.0,BTC-26JUN20-28000-C,8788.49,93.09,0.0155,15.0,0.018,13.0,95.75,8.72611,-2.53418,2.392,2e-05,0.07496
9231.64,BTC-26JUN20,1579085941134,open,0.02,352.5,0.008,0.0385,0.01899223,74.68,0.0215,0.0,BTC-26JUN20-5000-P,8788.49,73.56,0.018,19.6,0.0205,17.8,76.34,8.24605,-1.89052,-3.65064,3e-05,-0.06963
9231.64,BTC-26JUN20,1579085941136,open,0.04,330.6,0.021,0.0685,0.03963678,72.77,0.041,0.0,BTC-26JUN20-6000-P,8788.49,72.32,0.039,3.0,0.041,24.3,73.74,13.00142,-2.90456,-6.96199,5e-05,-0.12936
9231.64,BTC-26JUN20,1579085941138,open,0.08,342.1,0.045,0.111,0.0728339,72.23,0.0725,0.0,BTC-26JUN20-7000-P,8788.49,69.95,0.0685,13.0,0.0735,12.0,72.58,17.6528,-3.91415,-11.55237,6e-05,-0.2076
9369.79,SYN.BTC-25SEP20,1579085941388,open,0.12,228.0,0.079,0.1805,0.12255157,76.7,0.126,0.0,BTC-25SEP20-14000-C,8788.49,75.73,0.1195,9.1,0.125,9.5,77.46,29.73085,-4.49086,16.71586,6e-05,0.37905
9231.64,BTC-26JUN20,1579085941409,open,0.15,547.6,0.1195,0.2115,0.16107837,72.78,0.16,0.0,BTC-26JUN20-10000-C,8788.49,71.24,0.157,17.5,0.164,15.7,73.88,24.52607,-5.47954,15.25273,9e-05,0.53134
9231.64,BTC-26JUN20,1579085941413,open,0.1,468.5,0.0685,0.156,0.10636269,74.69,0.1045,0.0,BTC-26JUN20-12000-C,8788.49,73.58,0.1035,18.7,0.109,14.2,75.72,23.68158,-5.43009,11.73434,8e-05,0.39121
9068.38,BTC-27MAR20,1579085941441,open,0.01,721.5,0.0005,0.0225,0.00673934,93.86,0.0065,0.0,BTC-27MAR20-20000-C,8788.49,92.05,0.006,11.7,0.0075,46.0,95.59,3.84405,-2.50978,0.69101,3e-05,0.04544
9068.38,BTC-27MAR20,1579085941469,open,0.11,1519.1,0.088,0.1565,0.11954738,65.86,0.117,0.0,BTC-27MAR20-9000-C,8788.49,64.97,0.118,13.5,0.1215,15.8,66.98,15.81824,-7.24724,8.01334,0.00015,0.56829
171.99,ETH-27MAR20,1579085941709,open,0.06,1678.0,0.033,0.105,0.066516,85.74,0.056,0.0,ETH-27MAR20-220-C,167.16,84.15,0.064,675.0,0.07,595.0,87.91,0.27431,-0.16361,0.08717,0.00549,0.32389
171.99,ETH-27MAR20,1579085941709,open,2.62,0.0,2.388,2.606,2.491623,119.82,None,0.0,ETH-27MAR20-600-P,167.16,0.0,0.03,50.0,0.0,0.0,0.0,0.0347,-0.02892,-1.17626,0.0005,-0.98143
171.99,ETH-27MAR20,1579085941710,open,0.39,30.0,0.288,0.407,0.345735,85.78,0.554,0.0,ETH-27MAR20-220-P,167.16,56.11,0.303,24.0,0.388,24.0,111.19,0.27436,-0.16373,-0.34602,0.00549,-0.67595
176.04,ETH-26JUN20,1579085941710,open,0.37,321.0,0.35,0.433,0.391918,88.1,0.314,0.0,ETH-26JUN20-120-C,167.16,66.38,0.357,47.0,0.402,47.0,93.96,0.30007,-0.08116,0.34239,0.00246,0.82777
176.04,ETH-26JUN20,1579085941710,open,0.44,0.0,0.332,0.477,0.403044,88.11,None,0.0,ETH-26JUN20-220-P,167.16,19.04,0.252,1.0,0.435,1.0,100.11,0.46747,-0.12644,-0.73583,0.00384,-0.53366
171.99,ETH-27MAR20,1579085941710,open,0.13,4637.0,0.067,0.151,0.10744,82.15,0.117,0.0,ETH-27MAR20-160-P,167.16,81.89,0.107,20.0,0.114,1051.0,86.14,0.28322,-0.16186,-0.15553,0.00592,-0.35179
176.05,ETH-26JUN20,1579085941711,open,2.32,0.0,2.096,2.324,2.202976,102.65,None,0.0,ETH-26JUN20-560-P,167.16,0.0,0.01,50.0,0.0,0.0,0.0,0.18997,-0.05986,-2.44604,0.00134,-0.91064
171.99,ETH-27MAR20,1579085941711,open,0.16,3328.0,0.134,0.219,0.177099,82.12,0.157,0.0,ETH-27MAR20-160-C,167.16,80.85,0.175,650.0,0.183,20.0,85.7,0.28322,-0.16179,0.15956,0.00592,0.64821
168.22,SYN.ETH-31JAN20,1579085941710,open,0.07,2480.0,0.056,0.124,0.090487,77.81,0.076,0.0,ETH-31JAN20-160-C,167.16,73.28,0.087,445.0,0.095,265.0,83.65,0.12972,-0.31791,0.04106,0.01355,0.65164
168.22,SYN.ETH-31JAN20,1579085941709,open,0.14,25.0,0.071,0.151,0.109837,80.54,0.119,0.0,ETH-31JAN20-180-P,167.16,70.52,0.102,180.0,0.112,180.0,83.27,0.13301,-0.3374,-0.05378,0.01342,-0.62517
176.04,ETH-26JUN20,1579085941720,open,0.34,246.0,0.254,0.39,0.320823,88.09,0.312,0.0,ETH-26JUN20-200-P,167.16,20.0,0.149,1.0,0.353,1.0,100.24,0.46774,-0.12648,-0.62058,0.00384,-0.46917
171.98,ETH-27MAR20,1579085941733,open,0.58,0.0,0.582,0.613,0.596661,108.85,None,0.0,ETH-27MAR20-70-C,167.16,0.0,0.592,2.0,0.603,51.0,132.65,0.0334,-0.02529,0.13058,0.00053,0.98224
170.1,SYN.ETH-28FEB20,1579085941858,open,0.19,74.0,0.177,0.247,0.213027,80.46,0.213,0.0,ETH-28FEB20-140-C,167.16,68.67,0.202,240.0,0.218,240.0,85.5,0.16567,-0.15191,0.11979,0.00592,0.79886
167.75,SYN.ETH-24JAN20,1579085941860,open,0.09,927.0,0.086,0.15,0.118534,82.09,0.092,0.0,ETH-24JAN20-150-C,167.16,78.18,0.117,80.0,0.124,562.0,95.03,0.06724,-0.31094,0.02885,0.01197,0.82577
167.28,SYN.ETH-17JAN20,1579085941862,open,0.07,2497.0,0.076,0.134,0.104926,96.97,0.092,0.0,ETH-17JAN20-150-C,167.16,82.6,0.104,80.0,0.109,650.0,133.31,0.01324,-0.34221,0.00723,0.00949,0.94553
167.75,SYN.ETH-24JAN20,1579085941864,open,0.01,5.0,0.001,0.023,0.0064,102.25,0.004,0.0,ETH-24JAN20-210-C,167.16,96.48,0.005,700.0,0.008,680.0,108.14,0.04314,-0.24849,0.00349,0.00617,0.09189
178.67,SYN.ETH-25SEP20,1579085941894,open,0.67,1.0,0.66,0.696,0.67742,89.63,0.645,0.0,ETH-25SEP20-60-C,167.16,66.2,0.667,60.0,0.691,60.0,108.12,0.1107,-0.01954,0.35943,0.00056,0.96664
8850.28,SYN.BTC-31JAN20,1579085941929,open,0.1,832.8,0.0875,0.1365,0.11110579,61.64,0.1045,0.0,BTC-31JAN20-8000-C,8788.49,57.91,0.109,11.0,0.116,15.0,69.76,5.1307,-9.95966,2.66087,0.00024,0.80235
8850.28,SYN.BTC-31JAN20,1579085941932,open,0.1,832.8,0.0875,0.1365,0.11110579,61.64,0.1045,0.0,BTC-31JAN20-8000-C,8788.49,57.91,0.109,18.0,0.116,15.0,69.76,5.1307,-9.95966,2.66087,0.00024,0.80235
9231.79,BTC-26JUN20,1579085941957,open,0.43,6.7,0.353,0.4705,0.40624007,74.7,0.423,0.0,BTC-26JUN20-12000-P,8788.56,0.0,0.001,0.5,0.54,0.1,125.3,23.68257,-5.43074,-41.81298,8e-05,-0.60875
9068.52,BTC-27MAR20,1579085941957,open,3.06,0.0,2.8925,3.055,2.97050252,110.93,None,0.0,BTC-27MAR20-36000-P,8788.56,0.0,0.0,0.0,0.0,0.0,0.0,0.61453,-0.47424,-70.80912,0.0,-0.99468
9068.52,BTC-27MAR20,1579085941957,open,2.61,0.0,2.46,2.6075,2.53012593,110.47,None,0.0,BTC-27MAR20-32000-P,8788.56,0.0,0.001,1.0,0.0,0.0,0.0,1.07054,-0.82266,-62.86175,1e-05,-0.99002
9231.79,BTC-26JUN20,1579085941957,open,1.03,1.1,0.933,1.063,0.99099514,82.57,1.35,0.0,BTC-26JUN20-18000-P,8788.56,0.0,0.9,0.1,2.1,0.1,500.0,15.89405,-4.02878,-74.81269,5e-05,-0.82505
9231.79,BTC-26JUN20,1579085941958,open,1.46,0.0,1.348,1.4865,1.40969848,87.6,None,0.0,BTC-26JUN20-22000-P,8788.56,0.0,0.11,1.0,2.22,0.1,480.81,12.10045,-3.25418,-94.45835,4e-05,-0.88323
9068.52,BTC-27MAR20,1579085941958,open,0.24,263.5,0.2295,0.284,0.25491409,66.36,0.242,0.0,BTC-27MAR20-7000-C,8788.56,36.71,0.2315,9.0,0.267,14.0,77.32,9.48046,-4.37662,10.58485,9e-05,0.84765
9068.52,BTC-27MAR20,1579085941958,open,0.2,154.7,0.146,0.228,0.18335018,67.66,0.184,0.0,BTC-27MAR20-10000-P,8788.56,68.03,0.184,0.2,0.189,15.8,70.89,15.80878,-7.44033,-13.44739,0.00014,-0.56968
9068.52,BTC-27MAR20,1579085941958,open,3.52,1.0,3.325,3.503,3.41127174,112.02,4.54,0.0,BTC-27MAR20-40000-P,8788.56,0.0,0.0005,2.0,0.0,0.0,0.0,0.37916,-0.29545,-78.71983,0.0,-0.9969
9068.52,BTC-27MAR20,1579085941959,open,1.26,5.2,1.1645,1.2695,1.21220971,93.94,2.035,0.0,BTC-27MAR20-20000-P,8788.56,0.0,0.0,0.0,0.0,0.0,0.0,3.85733,-2.52084,-38.69013,3e-05,-0.95437
9068.52,BTC-27MAR20,1579085941959,open,0.55,23.4,0.5505,0.573,0.56057851,87.96,0.559,0.0,BTC-27MAR20-4000-C,8788.56,0.0,0.5585,0.1,0.562,11.0,96.97,1.16042,-0.71002,7.65159,1e-05,0.98905
9231.86,BTC-26JUN20,1579085941959,open,0.05,247.4,0.027,0.0975,0.0543043,80.06,0.056,0.0,BTC-26JUN20-16000-C,8788.56,78.89,0.052,20.7,0.057,28.2,81.4,18.41825,-4.52644,6.9639,6e-05,0.22335
9369.74,SYN.BTC-25SEP20,1579085941956,open,0.64,0.2,0.553,0.6945,0.6167159,76.69,0.63,0.0,BTC-25SEP20-14000-P,8788.56,0.0,0.0,0.0,0.659,0.1,89.76,29.7301,-4.49048,-80.66178,6e-05,-0.62097
9231.86,BTC-26JUN20,1579085941959,open,0.47,0.0,0.4575,0.5025,0.4773763,74.67,None,0.0,BTC-26JUN20-5000-C,8788.56,39.06,0.459,9.0,0.4865,9.0,84.09,8.24366,-1.88965,18.66273,3e-05,0.9304
9068.52,BTC-27MAR20,1579085941959,open,0.0,117.2,0.0005,0.0135,0.00291813,103.86,0.003,0.0,BTC-27MAR20-26000-C,8788.56,101.8,0.0025,11.8,0.0035,39.0,106.41,1.94356,-1.40418,0.30399,1e-05,0.01994
9231.86,BTC-26JUN20,1579085941959,open,1.24,0.1,1.1395,1.2735,1.19900375,85.12,1.85,0.0,BTC-26JUN20-20000-P,8788.56,0.0,0.0025,5.0,1.88,0.1,383.67,13.80186,-3.60661,-84.77536,4e-05,-0.85886
9231.86,BTC-26JUN20,1579085941959,open,0.57,0.5,0.5615,0.593,0.57524148,79.75,0.589,0.0,BTC-26JUN20-4000-C,8788.56,53.74,0.5675,10.0,0.5795,10.0,87.5,4.5584,-1.11605,16.13214,2e-05,0.96684
9231.86,BTC-26JUN20,1579085941959,open,0.0,193.9,0.0005,0.013,0.00324212,87.0,0.0045,0.0,BTC-26JUN20-3000-P,8788.56,83.43,0.0025,49.6,0.004,24.3,90.17,2.0715,-0.55326,-0.67124,1e-05,-0.01305
9231.86,BTC-26JUN20,1579085941959,open,1.68,0.0,1.558,1.702,1.62225813,90.18,None,0.0,BTC-26JUN20-24000-P,8788.56,0.0,0.0005,1.0,0.0,0.0,0.0,10.77784,-2.98362,-103.92983,3e-05,-0.90057
8959.35,SYN.BTC-28FEB20,1579085941957,open,0.27,11.5,0.264,0.306,0.28355643,70.26,0.2235,0.0,BTC-28FEB20-6500-C,8788.56,0.0,0.2725,13.0,0.2925,13.0,85.8,4.39945,-3.52237,6.90765,6e-05,0.92495
9068.52,BTC-27MAR20,1579085941960,open,0.6,67.9,0.524,0.615,0.56477488,77.64,0.622,0.0,BTC-27MAR20-14000-P,8788.56,0.0,0.5,0.1,0.6795,2.5,156.82,8.88098,-4.79646,-25.47431,7e-05,-0.86174
9369.74,SYN.BTC-25SEP20,1579085941957,open,1.24,0.1,1.13,1.2865,1.19960703,82.09,1.21,0.0,BTC-25SEP20-20000-P,8788.56,0.0,0.0,0.0,1.35,0.4,132.07,23.26217,-3.76089,-128.87829,5e-05,-0.77793
9231.86,BTC-26JUN20,1579085941961,open,0.38,22.9,0.3625,0.4225,0.3896992,72.77,0.389,0.0,BTC-26JUN20-6000-C,8788.56,50.56,0.363,18.6,0.404,14.0,82.5,13.00006,-2.90397,19.81351,5e-05,0.87066
8823.05,SYN.BTC-24JAN20,1579085941957,open,0.19,0.1,0.191,0.2275,0.20818065,81.76,0.13,0.0,BTC-24JAN20-7000-C,8788.56,0.0,0.1925,9.0,0.2135,9.0,112.79,0.93902,-4.32494,1.63425,6e-05,0.96989
8823.05,SYN.BTC-24JAN20,1579085941957,open,0.19,0.0,0.141,0.199,0.16774568,75.2,None,0.0,BTC-24JAN20-10250-P,8788.56,0.0,0.0,0.0,0.0,0.0,0.0,2.60852,-11.05004,-2.26666,0.00018,-0.88873
8850.31,SYN.BTC-31JAN20,1579085941959,open,0.02,448.8,0.0105,0.051,0.0268627,65.11,0.0205,0.0,BTC-31JAN20-9500-C,8788.56,63.28,0.0255,39.0,0.027,3.0,65.29,6.64303,-13.6215,1.14758,0.0003,0.32498
8959.35,SYN.BTC-28FEB20,1579085941956,open,0.23,0.0,0.1755,0.25,0.20954908,67.64,None,0.0,BTC-28FEB20-10500-P,8788.56,0.0,0.0,0.0,0.0,0.0,0.0,10.59771,-8.16901,-9.92532,0.00016,-0.71204
8823.05,SYN.BTC-24JAN20,1579085941957,open,0.14,21.9,0.1335,0.1745,0.1529392,69.79,0.1555,0.0,BTC-24JAN20-7500-C,8788.56,0.0,0.1475,9.0,0.157,9.0,87.01,1.65802,-6.51822,1.68672,0.00013,0.93911
8959.35,SYN.BTC-28FEB20,1579085941957,open,0.17,84.8,0.1625,0.2155,0.18733213,64.2,0.1785,0.0,BTC-28FEB20-7500-C,8788.56,31.33,0.165,9.0,0.1925,14.0,69.72,8.19068,-5.99261,6.79859,0.00013,0.8186
8850.31,SYN.BTC-31JAN20,1579085941959,open,0.12,6.1,0.0725,0.1325,0.10027477,65.11,0.121,0.0,BTC-31JAN20-9500-P,8788.56,0.0,0.066,2.0,0.126,6.7,97.89,6.64315,-13.62273,-2.9844,0.0003,-0.67501
8850.31,SYN.BTC-31JAN20,1579085941958,open,0.22,0.0,0.168,0.231,0.19695734,72.38,None,0.0,BTC-31JAN20-10500-P,8788.56,0.0,0.0,0.0,0.0,0.0,0.0,4.21239,-9.60192,-4.04838,0.00017,-0.85472
8850.31,SYN.BTC-31JAN20,1579085941959,open,0.39,0.0,0.3305,0.3945,0.35969486,85.91,None,0.0,BTC-31JAN20-12000-P,8788.56,0.0,0.0,0.0,0.0,0.0,0.0,2.01569,-5.45373,-5.02724,7e-05,-0.94627
8823.05,SYN.BTC-24JAN20,1579085941957,open,0.07,13.6,0.0275,0.079,0.0507212,63.52,0.05,0.0,BTC-24JAN20-9000-P,8788.56,58.27,0.0475,16.0,0.0505,18.0,63.16,5.4267,-19.41804,-1.31028,0.00045,-0.55999
8959.35,SYN.BTC-28FEB20,1579085941957,open,0.1,404.6,0.0855,0.145,0.11338489,63.44,0.1165,0.0,BTC-28FEB20-8500-C,8788.56,61.61,0.111,14.4,0.1165,10.0,65.83,11.65908,-8.42919,5.6344,0.00019,0.63655
9369.74,SYN.BTC-25SEP20,1579085941957,open,0.35,3.9,0.3195,0.4035,0.35791606,72.97,0.355,0.0,BTC-25SEP20-7000-C,8788.56,62.87,0.3335,8.0,0.3735,8.0,79.3,22.93689,-3.29629,27.72304,5e-05,0.7833
8850.31,SYN.BTC-31JAN20,1579085941958,open,0.01,707.8,0.0005,0.0225,0.00718523,76.85,0.0085,0.0,BTC-31JAN20-11000-C,8788.56,74.94,0.0065,45.0,0.008,62.5,79.0,3.25985,-7.88974,0.36064,0.00012,0.10087
8823.05,SYN.BTC-24JAN20,1579085941957,open,0.01,104.2,0.001,0.0295,0.01085671,69.2,0.0085,0.0,BTC-24JAN20-9750-C,8788.56,67.16,0.01,43.2,0.0115,24.0,70.7,3.75374,-14.63413,0.38794,0.00029,0.19167
8823.05,SYN.BTC-24JAN20,1579085941957,open,0.05,28.3,0.0145,0.0595,0.03389844,61.19,0.035,0.0,BTC-24JAN20-8750-P,8788.56,58.11,0.032,14.7,0.0345,31.5,62.17,5.4392,-18.7492,-1.03041,0.00047,-0.44637
8823.05,SYN.BTC-24JAN20,1579085941957,open,0.16,7.1,0.162,0.2,0.18010698,73.35,0.163,0.0,BTC-24JAN20-7250-C,8788.56,0.0,0.1765,9.0,0.1845,9.0,96.82,1.13807,-4.70272,1.67747,8e-05,0.96196
8823.05,SYN.BTC-24JAN20,1579085941957,open,0.01,127.0,0.0035,0.0355,0.01498468,66.41,0.015,0.0,BTC-24JAN20-9500-C,8788.56,64.42,0.014,43.8,0.0165,47.5,69.41,4.40857,-16.49248,0.51272,0.00035,0.25396
8795.79,SYN.BTC-17JAN20,1579085941957,open,0.01,532.4,0.0005,0.0315,0.01096611,70.93,0.011,0.0,BTC-17JAN20-9000-C,8788.56,67.21,0.01,24.0,0.012,1.0,74.87,2.29735,-43.44035,0.1465,0.00081,0.33508
8795.79,SYN.BTC-17JAN20,1579085941957,open,0.03,389.3,0.0185,0.064,0.0403627,67.58,0.0395,0.0,BTC-17JAN20-8500-C,8788.56,63.58,0.0395,6.0,0.0425,15.1,77.04,1.92665,-34.70891,0.32863,0.00072,0.7674
8823.05,SYN.BTC-24JAN20,1579085941957,open,0.02,365.4,0.012,0.055,0.03066321,63.51,0.027,0.0,BTC-24JAN20-9000-C,8788.56,60.81,0.029,37.0,0.032,18.0,65.69,5.42669,-19.41656,0.87824,0.00045,0.44
8823.05,SYN.BTC-24JAN20,1579085941957,open,0.03,145.9,0.021,0.0675,0.04217539,61.19,0.042,0.0,BTC-24JAN20-8750-C,8788.56,60.9,0.042,16.0,0.045,31.3,65.77,5.4392,-18.7478,1.09733,0.00047,0.55363
8959.35,SYN.BTC-28FEB20,1579085941957,open,0.13,223.1,0.12,0.1775,0.147117,63.44,0.1145,0.0,BTC-28FEB20-8000-C,8788.56,40.69,0.123,14.0,0.15,14.0,65.96,10.1944,-7.3702,6.32034,0.00017,0.73397
8795.79,SYN.BTC-17JAN20,1579085941957,open,0.03,97.7,0.002,0.039,0.0161732,65.43,0.016,0.0,BTC-17JAN20-8750-P,8788.56,61.29,0.015,21.1,0.0165,0.1,66.58,2.49274,-43.47565,-0.20909,0.00096,-0.44641
9369.74,SYN.BTC-25SEP20,1579085941957,open,0.3,3.1,0.229,0.3465,0.28212358,72.97,0.285,0.0,BTC-25SEP20-10000-P,8788.56,63.78,0.252,5.0,0.305,3.0,80.01,30.57376,-4.39368,-45.87537,7e-05,-0.4218
8959.35,SYN.BTC-28FEB20,1579085941956,open,0.03,1.6,0.0185,0.0655,0.03758268,67.64,0.0325,0.0,BTC-28FEB20-10500-C,8788.56,66.29,0.036,19.5,0.039,15.0,68.83,10.59737,-8.16816,2.69631,0.00016,0.28794
8850.31,SYN.BTC-31JAN20,1579085941957,open,0.25,51.2,0.251,0.286,0.2673973,80.32,0.24,0.0,BTC-31JAN20-6500-C,8788.56,0.0,0.2525,15.0,0.275,15.0,114.56,1.1516,-2.91313,2.71606,4e-05,0.97297
8823.05,SYN.BTC-24JAN20,1579085941957,open,0.11,21.2,0.1055,0.1485,0.12604097,64.64,0.1355,0.0,BTC-24JAN20-7750-C,8788.56,0.0,0.106,9.0,0.132,9.0,83.92,2.24577,-8.17745,1.68064,0.00018,0.90938
8959.35,SYN.BTC-28FEB20,1579085941957,open,0.07,84.2,0.038,0.0935,0.06211959,63.45,0.064,0.0,BTC-28FEB20-8500-P,8788.56,61.43,0.0595,31.0,0.0635,47.8,64.51,11.65911,-8.42969,-4.58331,0.00019,-0.36345
8823.05,SYN.BTC-24JAN20,1579085941957,open,0.16,0.0,0.1145,0.1725,0.14131163,71.91,None,0.0,BTC-24JAN20-10000-P,8788.56,0.0,0.0,0.0,0.0,0.0,0.0,3.12764,-12.66971,-2.1388,0.00023,-0.85557
9369.74,SYN.BTC-25SEP20,1579085941957,open,0.38,15.6,0.3025,0.429,0.35983754,74.26,0.3655,0.0,BTC-25SEP20-11000-P,8788.56,64.83,0.3285,4.0,0.3995,2.6,86.23,31.13472,-4.55328,-54.72101,7e-05,-0.47981
8823.05,SYN.BTC-24JAN20,1579085941957,open,0.22,0.0,0.168,0.226,0.19462078,78.06,None,0.0,BTC-24JAN20-10500-P,8788.56,0.0,0.0,0.0,0.0,0.0,0.0,2.1517,-9.46245,-2.37947,0.00015,-0.91443
8850.31,SYN.BTC-31JAN20,1579085941958,open,0.2,336.0,0.194,0.233,0.21233855,71.47,0.21,0.0,BTC-31JAN20-7000-C,8788.56,0.0,0.209,7.1,0.224,7.0,107.01,1.89344,-4.26185,2.84088,8e-05,0.95034
8850.31,SYN.BTC-31JAN20,1579085941958,open,0.17,0.0,0.1175,0.1795,0.14634492,68.36,None,0.0,BTC-31JAN20-10000-P,8788.56,0.0,0.104,1.0,0.194,0.8,133.58,5.40932,-11.64595,-3.58088,0.00023,-0.78389
8795.79,SYN.BTC-17JAN20,1579085941958,open,0.0,248.0,0.0005,0.0235,0.00565685,77.51,0.0055,0.0,BTC-17JAN20-9250-C,8788.56,74.07,0.005,24.0,0.0065,56.0,81.75,1.71032,-35.33793,0.08326,0.00056,0.18987
8823.05,SYN.BTC-24JAN20,1579085941957,open,0.14,0.0,0.089,0.147,0.11591954,69.21,None,0.0,BTC-24JAN20-9750-P,8788.56,0.0,0.0,0.0,0.0,0.0,0.0,3.75408,-14.63701,-1.98291,0.00029,-0.8083
8823.05,SYN.BTC-24JAN20,1579085941957,open,0.09,26.9,0.079,0.1245,0.10079456,62.09,0.1065,0.0,BTC-24JAN20-8000-C,8788.56,34.68,0.094,7.0,0.1075,7.0,79.01,3.13025,-10.94876,1.61898,0.00027,0.85539
8795.79,SYN.BTC-17JAN20,1579085941957,open,0.16,4.2,0.115,0.1655,0.13788233,97.57,0.198,0.0,BTC-17JAN20-10000-P,8788.56,0.0,0.0005,0.5,0.0,0.0,0.0,0.49827,-12.95982,-0.49807,0.00013,-0.96403
8795.79,SYN.BTC-17JAN20,1579085941957,open,0.13,0.0,0.087,0.139,0.11048841,94.6,None,0.0,BTC-17JAN20-9750-P,8788.56,0.0,0.002,0.1,0.0,0.0,0.0,0.8354,-21.06701,-0.47085,0.00022,-0.9312
9369.74,SYN.BTC-25SEP20,1579085941957,open,0.49,0.0,0.4765,0.5305,0.50049419,73.2,None,0.0,BTC-25SEP20-5000-C,8788.56,54.16,0.4785,8.0,0.514,8.0,82.56,12.80413,-1.84582,26.61663,3e-05,0.90891
9369.74,SYN.BTC-25SEP20,1579085941957,open,1.66,0.0,1.5355,1.7015,1.60907555,85.45,None,0.0,BTC-25SEP20-24000-P,8788.56,0.0,0.0,0.0,0.0,0.0,0.0,19.59894,-3.29839,-159.11006,4e-05,-0.83234
9231.79,BTC-26JUN20,1579085941986,open,0.24,218.6,0.2135,0.2975,0.25224818,72.23,0.251,0.0,BTC-26JUN20-8000-C,8788.56,68.0,0.2425,21.0,0.254,9.0,72.99,21.28685,-4.71997,18.6403,8e-05,0.70473
167.28,SYN.ETH-17JAN20,1579085942011,open,0.07,2497.0,0.076,0.134,0.104926,96.97,0.092,0.0,ETH-17JAN20-150-C,167.16,82.6,0.104,80.0,0.108,163.0,125.95,0.01324,-0.34221,0.00723,0.00949,0.94553
167.28,SYN.ETH-17JAN20,1579085942019,open,0.03,2312.0,0.021,0.085,0.053538,93.88,0.055,0.0,ETH-17JAN20-160-C,167.16,86.91,0.052,1.0,0.057,240.0,108.83,0.03759,-0.94064,0.00604,0.02785,0.75631
167.75,SYN.ETH-24JAN20,1579085942034,open,0.0,703.0,0.001,0.012,0.002193,94.44,0.004,0.0,ETH-24JAN20-130-P,167.16,92.82,0.002,524.0,0.004,1285.0,106.83,0.02048,-0.10895,-0.00154,0.00317,-0.03556
170.1,SYN.ETH-28FEB20,1579085942061,open,0.01,154.0,0.001,0.023,0.009251,90.16,0.016,0.0,ETH-28FEB20-110-P,167.16,89.55,0.009,595.0,0.011,525.0,94.2,0.07069,-0.07264,-0.01426,0.00225,-0.06048
176.04,ETH-26JUN20,1579085942062,open,0.37,321.0,0.35,0.433,0.391918,88.1,0.314,0.0,ETH-26JUN20-120-C,167.16,65.7,0.356,47.0,0.402,47.0,93.96,0.30007,-0.08116,0.34239,0.00246,0.82777
170.1,SYN.ETH-28FEB20,1579085942064,open,0.02,198.0,0.005,0.033,0.015217,86.67,0.024,0.0,ETH-28FEB20-120-P,167.16,86.3,0.015,420.0,0.017,525.0,89.65,0.09959,-0.09837,-0.02251,0.0033,-0.09489
178.67,SYN.ETH-25SEP20,1579085942064,open,0.57,0.0,0.556,0.611,0.583411,86.74,None,0.0,ETH-25SEP20-80-C,167.16,68.9,0.566,55.0,0.604,55.0,103.51,0.20107,-0.03435,0.43017,0.00104,0.92955
170.1,SYN.ETH-28FEB20,1579085942066,open,0.03,479.0,0.008,0.045,0.023195,82.52,0.035,0.0,ETH-28FEB20-130-P,167.16,82.26,0.023,601.0,0.026,525.0,86.1,0.13092,-0.12311,-0.03326,0.00456,-0.13946
178.67,SYN.ETH-25SEP20,1579085942066,open,0.49,0.0,0.462,0.535,0.498916,84.51,None,0.0,ETH-25SEP20-100-C,167.16,71.94,0.479,52.0,0.527,52.0,100.66,0.29777,-0.04956,0.47382,0.00159,0.88018
170.1,SYN.ETH-28FEB20,1579085942068,open,0.04,37.0,0.015,0.063,0.036032,80.41,0.034,0.0,ETH-28FEB20-140-P,167.16,80.38,0.036,510.0,0.038,192.0,82.42,0.16562,-0.15177,-0.04848,0.00592,-0.20105
170.1,SYN.ETH-28FEB20,1579085942085,open,0.07,305.0,0.027,0.087,0.054086,79.12,0.05,0.0,ETH-28FEB20-150-P,167.16,79.05,0.054,542.0,0.057,412.0,81.63,0.19704,-0.17766,-0.06744,0.00716,-0.27574
170.1,SYN.ETH-28FEB20,1579085942086,open,0.13,150.0,0.069,0.15,0.107763,78.38,0.12,0.0,ETH-28FEB20-170-P,167.16,78.56,0.108,467.0,0.112,364.0,81.48,0.23305,-0.20816,-0.11305,0.00855,-0.44512
170.1,SYN.ETH-28FEB20,1579085942088,open,0.05,1189.0,0.026,0.087,0.054104,81.83,0.055,0.0,ETH-28FEB20-200-C,167.16,82.53,0.055,443.0,0.057,205.0,84.11,0.21459,-0.2001,0.05722,0.00754,0.33397
168.22,SYN.ETH-31JAN20,1579085942092,open,0.0,1592.0,0.001,0.013,0.003585,98.33,0.005,0.0,ETH-31JAN20-120-P,167.16,94.92,0.003,591.0,0.005,1230.0,105.49,0.03029,-0.09379,-0.0032,0.0025,-0.04009
168.22,SYN.ETH-31JAN20,1579085942094,open,0.01,415.0,0.001,0.018,0.005702,87.48,0.007,0.0,ETH-31JAN20-130-P,167.16,88.57,0.006,419.0,0.007,630.0,92.07,0.04517,-0.12445,-0.00527,0.0042,-0.06631
168.22,SYN.ETH-31JAN20,1579085942097,open,0.03,433.0,0.006,0.046,0.022053,78.52,0.02,0.0,ETH-31JAN20-150-P,167.16,78.43,0.022,337.0,0.025,839.0,83.26,0.1031,-0.25495,-0.0175,0.01067,-0.21715
168.22,SYN.ETH-31JAN20,1579085942098,open,0.0,828.0,0.001,0.019,0.0053,103.33,0.006,0.0,ETH-31JAN20-240-C,167.16,97.8,0.004,829.0,0.007,900.0,109.53,0.04267,-0.13885,0.00412,0.00335,0.06161
9231.86,BTC-26JUN20,1579085942650,open,0.05,247.4,0.027,0.0975,0.05430843,80.06,0.056,0.0,BTC-26JUN20-16000-C,8788.56,78.89,0.052,25.7,0.057,28.2,81.4,18.41871,-4.52666,6.96414,6e-05,0.22336
9231.86,BTC-26JUN20,1579085942652,open,0.05,247.4,0.027,0.0975,0.05430843,80.06,0.056,0.0,BTC-26JUN20-16000-C,8788.56,78.89,0.052,26.0,0.057,28.2,81.4,18.41871,-4.52666,6.96414,6e-05,0.22336
9231.86,BTC-26JUN20,1579085942665,open,0.05,247.4,0.027,0.0975,0.05430843,80.06,0.056,0.0,BTC-26JUN20-16000-C,8788.56,78.89,0.052,26.0,0.057,28.1,81.4,18.41871,-4.52666,6.96414,6e-05,0.22336
171.99,ETH-27MAR20,1579085942864,open,0.02,1621.0,0.004,0.03,0.013791,93.17,0.011,0.0,ETH-27MAR20-100-P,167.16,89.85,0.012,588.0,0.017,645.0,98.64,0.09615,-0.06232,-0.0265,0.00177,-0.06446
171.99,ETH-27MAR20,1579085942871,open,0.04,4674.0,0.021,0.085,0.049396,87.67,0.046,0.0,ETH-27MAR20-240-C,167.16,86.69,0.048,637.0,0.052,325.0,89.49,0.24457,-0.14915,0.0693,0.00479,0.25399
171.99,ETH-27MAR20,1579085942874,open,0.02,2315.0,0.01,0.058,0.029185,91.99,0.023,0.0,ETH-27MAR20-280-C,167.16,91.83,0.029,622.0,0.031,500.0,93.65,0.18656,-0.11938,0.04469,0.00348,0.16114
167.76,SYN.ETH-24JAN20,1579085943019,open,0.01,24.0,0.001,0.03,0.009906,96.76,0.008,0.0,ETH-24JAN20-200-C,167.16,90.97,0.008,330.0,0.011,359.0,99.88,0.05764,-0.3142,0.00522,0.0087,0.13794
168.23,SYN.ETH-31JAN20,1579085943164,open,0.11,1217.0,0.097,0.163,0.130361,78.48,0.133,0.0,ETH-31JAN20-150-C,167.16,76.24,0.129,260.0,0.136,880.0,87.46,0.10305,-0.25471,0.04776,0.01067,0.78304
168.23,SYN.ETH-31JAN20,1579085943164,open,0.05,518.0,0.029,0.092,0.059814,77.74,0.067,0.0,ETH-31JAN20-170-C,167.16,74.36,0.057,746.0,0.064,265.0,82.77,0.13995,-0.34264,0.03269,0.01463,0.50654
170.11,SYN.ETH-28FEB20,1579085943178,open,0.34,5.0,0.338,0.388,0.362571,90.09,0.229,0.0,ETH-28FEB20-110-C,167.16,0.0,0.353,1.0,0.373,40.0,110.99,0.07057,-0.07245,0.118,0.00225,0.93966
170.11,SYN.ETH-28FEB20,1579085943178,open,0.1,254.0,0.044,0.116,0.077855,78.43,0.072,0.0,ETH-28FEB20-160-P,167.16,77.0,0.076,20.0,0.081,432.0,80.85,0.22043,-0.19701,-0.08932,0.00808,-0.35895
170.11,SYN.ETH-28FEB20,1579085943181,open,0.22,0.0,0.138,0.234,0.18499,80.51,None,0.0,ETH-28FEB20-190-P,167.16,72.99,0.175,144.0,0.188,144.0,82.76,0.22767,-0.20889,-0.16077,0.00813,-0.60125
170.11,SYN.ETH-28FEB20,1579085943336,open,0.19,74.0,0.177,0.247,0.212994,80.39,0.213,0.0,ETH-28FEB20-140-C,167.16,68.63,0.202,240.0,0.218,220.0,85.46,0.16559,-0.1517,0.11984,0.00592,0.79905
171.99,ETH-27MAR20,1579085943337,open,0.39,30.0,0.288,0.407,0.345675,85.78,0.554,0.0,ETH-27MAR20-220-P,167.16,55.29,0.302,24.0,0.388,24.0,111.19,0.27436,-0.16373,-0.34602,0.00549,-0.67595
167.75,SYN.ETH-24JAN20,1579085943343,open,0.09,927.0,0.086,0.15,0.118492,82.09,0.092,0.0,ETH-24JAN20-150-C,167.16,78.18,0.117,80.0,0.124,542.0,95.03,0.06724,-0.31094,0.02885,0.01197,0.82577
178.67,SYN.ETH-25SEP20,1579085943347,open,0.49,0.0,0.462,0.535,0.498896,84.51,None,0.0,ETH-25SEP20-100-C,167.16,71.27,0.478,52.0,0.527,52.0,100.66,0.29777,-0.04956,0.47382,0.00159,0.88018
178.67,SYN.ETH-25SEP20,1579085943349,open,0.42,0.0,0.38,0.469,0.42571,83.38,0.359,0.0,ETH-25SEP20-120-C,167.16,72.3,0.402,51.0,0.462,51.0,99.79,0.3893,-0.06393,0.49153,0.0021,0.82125
167.28,SYN.ETH-17JAN20,1579085943349,open,0.07,2497.0,0.076,0.134,0.104876,96.97,0.092,0.0,ETH-17JAN20-150-C,167.16,82.6,0.104,80.0,0.109,650.0,133.31,0.01324,-0.34221,0.00723,0.00949,0.94553
178.67,SYN.ETH-25SEP20,1579085943351,open,0.36,23.0,0.312,0.414,0.364542,83.28,0.332,0.0,ETH-25SEP20-140-C,167.16,73.08,0.338,51.0,0.407,51.0,99.6,0.4658,-0.0764,0.4884,0.00252,0.75756
167.28,SYN.ETH-17JAN20,1579085943356,open,0.03,2312.0,0.021,0.085,0.053496,93.88,0.055,0.0,ETH-17JAN20-160-C,167.16,86.91,0.052,1.0,0.057,2.0,108.83,0.03759,-0.94064,0.00604,0.02785,0.75631
167.75,SYN.ETH-24JAN20,1579085943360,open,0.0,703.0,0.001,0.012,0.002195,94.44,0.004,0.0,ETH-24JAN20-130-P,167.16,92.82,0.002,519.0,0.004,1285.0,106.83,0.02048,-0.10895,-0.00154,0.00317,-0.03556
170.11,SYN.ETH-28FEB20,1579085943393,open,0.01,154.0,0.001,0.023,0.009255,90.18,0.016,0.0,ETH-28FEB20-110-P,167.16,89.56,0.009,588.0,0.011,525.0,94.21,0.07071,-0.07267,-0.01426,0.00225,-0.06049
170.11,SYN.ETH-28FEB20,1579085943395,open,0.02,198.0,0.005,0.033,0.015224,86.7,0.024,0.0,ETH-28FEB20-120-P,167.16,86.31,0.015,411.0,0.017,525.0,89.67,0.09961,-0.09841,-0.02252,0.0033,-0.0949
170.11,SYN.ETH-28FEB20,1579085943397,open,0.03,479.0,0.008,0.045,0.023205,82.54,0.035,0.0,ETH-28FEB20-130-P,167.16,82.28,0.023,589.0,0.026,525.0,86.11,0.13093,-0.12316,-0.03326,0.00456,-0.13947
170.11,SYN.ETH-28FEB20,1579085943399,open,0.04,37.0,0.015,0.063,0.036046,80.44,0.034,0.0,ETH-28FEB20-140-P,167.16,80.39,0.036,495.0,0.038,192.0,82.44,0.16563,-0.15183,-0.04848,0.00592,-0.20104
170.11,SYN.ETH-28FEB20,1579085943403,open,0.07,305.0,0.027,0.087,0.054106,79.15,0.05,0.0,ETH-28FEB20-150-P,167.16,79.06,0.054,523.0,0.057,412.0,81.65,0.19705,-0.17774,-0.06744,0.00716,-0.27572
170.11,SYN.ETH-28FEB20,1579085943407,open,0.13,150.0,0.069,0.15,0.107797,78.43,0.12,0.0,ETH-28FEB20-170-P,167.16,74.2,0.102,220.0,0.112,364.0,81.5,0.23305,-0.2083,-0.11304,0.00854,-0.445
170.1,SYN.ETH-28FEB20,1579085943411,open,0.05,1189.0,0.026,0.087,0.054105,81.83,0.055,0.0,ETH-28FEB20-200-C,167.16,82.53,0.055,441.0,0.057,205.0,84.11,0.21459,-0.2001,0.05722,0.00754,0.33397
168.22,SYN.ETH-31JAN20,1579085943416,open,0.0,1592.0,0.001,0.013,0.003588,98.33,0.005,0.0,ETH-31JAN20-120-P,167.16,94.92,0.003,587.0,0.005,1230.0,105.49,0.03029,-0.09379,-0.0032,0.0025,-0.04009
168.23,SYN.ETH-31JAN20,1579085943418,open,0.01,415.0,0.001,0.018,0.005706,87.51,0.007,0.0,ETH-31JAN20-130-P,167.16,88.59,0.006,411.0,0.007,630.0,92.09,0.04519,-0.12454,-0.00527,0.0042,-0.06633
168.23,SYN.ETH-31JAN20,1579085943420,open,0.03,433.0,0.006,0.046,0.022068,78.56,0.02,0.0,ETH-31JAN20-150-P,167.16,78.45,0.022,320.0,0.025,839.0,83.28,0.10311,-0.25512,-0.0175,0.01066,-0.21716
168.22,SYN.ETH-31JAN20,1579085943426,open,0.0,828.0,0.001,0.019,0.005297,103.33,0.006,0.0,ETH-31JAN20-240-C,167.16,97.8,0.004,828.0,0.007,900.0,109.53,0.04267,-0.13885,0.00412,0.00335,0.06161
178.68,SYN.ETH-25SEP20,1579085943433,open,0.2,8.0,0.141,0.259,0.200396,83.31,0.222,0.0,ETH-25SEP20-220-C,167.16,85.3,0.207,524.0,0.215,110.0,87.71,0.59382,-0.09743,0.39615,0.00321,0.51914
178.68,SYN.ETH-25SEP20,1579085943488,open,0.26,350.0,0.204,0.318,0.26231,81.17,0.27,0.0,ETH-25SEP20-180-C,167.16,84.57,0.273,398.0,0.279,120.0,86.49,0.56344,-0.09007,0.455,0.00313,0.62841
178.68,SYN.ETH-25SEP20,1579085943488,open,0.3,21.0,0.256,0.366,0.31243,83.15,0.318,0.0,ETH-25SEP20-160-C,167.16,84.71,0.317,344.0,0.321,120.0,86.08,0.52307,-0.08566,0.47369,0.00283,0.69357
178.68,SYN.ETH-25SEP20,1579085943488,open,0.03,317.0,0.014,0.054,0.031137,86.73,0.06,0.0,ETH-25SEP20-80-P,167.16,86.61,0.031,635.0,0.036,170.0,90.95,0.20103,-0.03434,-0.12623,0.00104,-0.07043
178.68,SYN.ETH-25SEP20,1579085943488,open,0.17,309.0,0.099,0.2,0.148095,83.28,0.147,0.0,ETH-25SEP20-140-P,167.16,82.86,0.147,559.0,0.156,461.0,86.32,0.4658,-0.0764,-0.48534,0.00252,-0.24242
178.68,SYN.ETH-25SEP20,1579085943488,open,0.01,812.0,0.004,0.027,0.013213,89.61,0.028,0.0,ETH-25SEP20-60-P,167.16,90.87,0.014,541.0,0.016,170.0,93.91,0.11064,-0.01953,-0.05786,0.00056,-0.03334
178.68,SYN.ETH-25SEP20,1579085943488,open,0.07,188.0,0.031,0.092,0.058576,84.5,0.116,0.0,ETH-25SEP20-100-P,167.16,84.75,0.059,569.0,0.064,170.0,87.72,0.29775,-0.04955,-0.22169,0.00159,-0.1198
178.68,SYN.ETH-25SEP20,1579085943490,open,0.23,63.0,0.166,0.282,0.224895,81.17,0.206,0.0,ETH-25SEP20-200-C,167.16,85.18,0.238,458.0,0.244,110.0,87.02,0.58578,-0.09365,0.42678,0.00325,0.56829
178.68,SYN.ETH-25SEP20,1579085943490,open,0.11,636.0,0.059,0.14,0.097326,83.38,0.156,0.0,ETH-25SEP20-120-P,167.16,83.23,0.097,608.0,0.103,170.0,85.98,0.3893,-0.06393,-0.34309,0.0021,-0.17873
167.28,SYN.ETH-17JAN20,1579085943620,open,0.19,349.0,0.199,0.247,0.222878,129.65,0.253,0.0,ETH-17JAN20-130-C,167.16,0.0,0.209,31.0,0.235,31.0,307.39,0.00106,-0.03676,0.00665,0.00057,0.9971
178.68,SYN.ETH-25SEP20,1579085943623,open,0.42,0.0,0.381,0.469,0.425734,83.36,0.359,0.0,ETH-25SEP20-120-C,167.16,71.81,0.401,51.0,0.462,51.0,99.78,0.38928,-0.06391,0.49163,0.0021,0.82128
178.68,SYN.ETH-25SEP20,1579085943625,open,0.36,23.0,0.312,0.414,0.364566,83.27,0.332,0.0,ETH-25SEP20-140-C,167.16,72.68,0.337,51.0,0.407,51.0,99.59,0.4658,-0.07639,0.48848,0.00252,0.75758
9068.64,BTC-27MAR20,1579085943971,open,0.0,866.2,0.0005,0.0105,0.0003309,110.0,0.0015,0.0,BTC-27MAR20-40000-C,8788.69,114.03,0.0005,22.7,0.001,15.0,121.76,0.32192,-0.24634,0.04026,0.0,0.00259
9232.13,BTC-26JUN20,1579085943971,open,0.26,133.9,0.1965,0.302,0.24428206,72.78,0.25,0.0,BTC-26JUN20-10000-P,8788.69,70.42,0.238,12.5,0.253,16.9,76.07,24.52712,-5.48002,-29.36902,9e-05,-0.46861
9068.64,BTC-27MAR20,1579085943971,open,1.04,0.0,0.949,1.049,0.99408088,89.06,1.23,0.0,BTC-27MAR20-18000-P,8788.69,0.0,0.0125,1.0,0.0,0.0,0.0,4.92767,-3.05303,-34.50028,3e-05,-0.93785
9068.64,BTC-27MAR20,1579085943971,open,0.0,1371.1,0.0005,0.0115,0.00167142,88.01,0.0015,0.0,BTC-27MAR20-4000-P,8788.69,86.63,0.0015,24.5,0.002,38.0,90.42,1.16339,-0.71226,-0.22589,1e-05,-0.01098
9068.64,BTC-27MAR20,1579085943971,open,0.01,309.8,0.0005,0.0145,0.00465863,78.78,0.005,0.0,BTC-27MAR20-5000-P,8788.69,78.26,0.0045,2.0,0.005,11.7,79.88,2.75347,-1.50903,-0.62254,2e-05,-0.0302
9232.13,BTC-26JUN20,1579085943971,open,0.62,12.5,0.5355,0.6585,0.59067859,77.35,0.619,0.0,BTC-26JUN20-14000-P,8788.69,0.0,0.1,2.0,0.69,1.0,116.9,21.17974,-5.02934,-53.49981,7e-05,-0.70796
9068.64,BTC-27MAR20,1579085943972,open,0.07,1714.0,0.0515,0.1175,0.08062369,67.65,0.0795,0.0,BTC-27MAR20-10000-C,8788.69,66.43,0.0785,12.2,0.0825,17.2,68.72,15.80894,-7.43943,6.24473,0.00014,0.43031
9232.13,BTC-26JUN20,1579085943972,open,0.3,133.0,0.2805,0.3545,0.31459895,72.23,0.31,0.0,BTC-26JUN20-7000-C,8788.69,62.56,0.2965,16.0,0.315,0.1,72.44,17.65221,-3.91406,19.68526,6e-05,0.79243
9232.13,BTC-26JUN20,1579085943972,open,0.01,228.9,0.0035,0.039,0.01330392,98.43,0.012,0.0,BTC-26JUN20-32000-C,8788.69,97.39,0.0125,15.0,0.014,9.5,99.3,7.2678,-2.19612,1.89001,2e-05,0.05918
9232.13,BTC-26JUN20,1579085943972,open,0.02,87.1,0.006,0.049,0.0192701,92.36,0.016,0.0,BTC-26JUN20-26000-C,8788.69,91.12,0.018,15.0,0.02,10.1,93.06,9.63032,-2.73058,2.7243,3e-05,0.0854
9232.13,BTC-26JUN20,1579085943972,open,0.01,112.7,0.004,0.042,0.01495951,96.63,0.014,0.0,BTC-26JUN20-30000-C,8788.69,94.89,0.0135,15.0,0.016,29.2,97.82,7.95274,-2.35917,2.12049,2e-05,0.06643
9068.64,BTC-27MAR20,1579085943972,open,0.44,1.1,0.439,0.4705,0.453305,78.77,0.4155,0.0,BTC-27MAR20-5000-C,8788.69,0.0,0.4485,15.1,0.456,15.0,86.56,2.75247,-1.50829,9.22374,2e-05,0.96981
9068.78,BTC-27MAR20,1579085943972,open,0.34,24.1,0.3305,0.372,0.34935282,70.44,0.35,0.0,BTC-27MAR20-6000-C,8788.69,33.88,0.3385,14.0,0.3545,16.9,78.37,5.3875,-2.63997,10.37409,5e-05,0.93027
9370.09,SYN.BTC-25SEP20,1579085943971,open,0.21,70.8,0.1675,0.2715,0.21487181,72.97,0.2195,0.0,BTC-25SEP20-10000-C,8788.69,72.24,0.2125,8.3,0.22,5.0,74.54,30.57454,-4.39379,23.6812,7e-05,0.57823
8959.49,SYN.BTC-28FEB20,1579085943971,open,0.39,0.0,0.3225,0.3995,0.35749362,73.24,None,0.0,BTC-28FEB20-12000-P,8788.69,0.0,0.0,0.0,0.0,0.0,0.0,7.33876,-6.12553,-12.97234,0.0001,-0.847
9232.13,BTC-26JUN20,1579085943973,open,0.82,1.5,0.731,0.8575,0.78741505,80.07,0.809,0.0,BTC-26JUN20-16000-P,8788.69,0.0,0.0,0.0,0.89,1.0,123.62,18.42273,-4.52833,-64.43136,6e-05,-0.77657
9370.09,SYN.BTC-25SEP20,1579085943971,open,0.06,168.3,0.0325,0.1165,0.06508934,82.09,0.0625,0.0,BTC-25SEP20-20000-C,8788.69,80.84,0.062,20.8,0.068,1.0,83.26,23.26511,-3.76152,10.23337,5e-05,0.22211
8823.13,SYN.BTC-24JAN20,1579085943971,open,0.28,0.1,0.2775,0.308,0.29207926,95.69,0.2745,0.0,BTC-24JAN20-6250-C,8788.69,0.0,0.2795,8.0,0.295,8.0,132.1,0.31916,-1.72046,1.50055,2e-05,0.99147
9370.09,SYN.BTC-25SEP20,1579085943971,open,0.84,0.1,0.738,0.8855,0.80416047,78.49,0.8,0.0,BTC-25SEP20-16000-P,8788.69,0.0,0.0,0.0,0.839,0.3,89.9,27.64819,-4.27403,-97.24673,6e-05,-0.68796
8959.49,SYN.BTC-28FEB20,1579085943971,open,0.18,0.0,0.132,0.2045,0.16539963,66.09,None,0.0,BTC-28FEB20-10000-P,8788.69,0.0,0.0,0.0,0.0,0.0,0.0,11.59409,-8.73166,-8.70027,0.00018,-0.64243
9370.09,SYN.BTC-25SEP20,1579085943971,open,0.46,0.0,0.3795,0.5115,0.43922985,74.43,0.452,0.0,BTC-25SEP20-12000-P,8788.69,0.0,0.0,0.0,0.4755,1.0,85.35,31.055,-4.55247,-63.50138,7e-05,-0.53511
8959.49,SYN.BTC-28FEB20,1579085943971,open,0.43,0.0,0.431,0.4585,0.44387463,84.88,None,0.0,BTC-28FEB20-5000-C,8788.69,0.0,0.4355,10.0,0.446,10.0,96.5,1.28463,-1.24259,5.81044,2e-05,0.98338
8850.4,SYN.BTC-31JAN20,1579085943972,open,0.0,552.3,0.0005,0.0105,0.00022868,104.74,0.0005,0.0,BTC-31JAN20-5000-P,8788.69,0.0,0.0,0.0,0.0005,0.9,114.55,0.18059,-0.59574,-0.01332,1e-05,-0.00323
8959.49,SYN.BTC-28FEB20,1579085943971,open,0.38,0.0,0.375,0.4075,0.38988926,81.5,None,0.0,BTC-28FEB20-5500-C,8788.69,0.0,0.3855,9.0,0.392,9.0,89.18,2.16452,-2.01042,6.23836,3e-05,0.96913
8795.86,SYN.BTC-17JAN20,1579085943971,open,0.0,104.4,0.0005,0.0105,0.0,110.0,0.0005,0.0,BTC-17JAN20-5500-P,8788.69,0.0,0.0,0.0,0.0005,21.6,278.92,0.0,0.0,0.0,0.0,0.0
8823.13,SYN.BTC-24JAN20,1579085943971,open,0.22,0.1,0.2195,0.254,0.23585569,84.44,0.13,0.0,BTC-24JAN20-6750-C,8788.69,0.0,0.2215,7.0,0.2395,7.0,114.34,0.60515,-2.87844,1.60116,4e-05,0.98214
8795.86,SYN.BTC-17JAN20,1579085943971,open,0.07,358.4,0.072,0.114,0.09190991,84.18,0.091,0.0,BTC-17JAN20-8000-C,8788.69,0.0,0.088,1.5,0.095,8.9,112.42,0.69733,-15.64712,0.38579,0.00021,0.94541
9370.09,SYN.BTC-25SEP20,1579085943971,open,0.04,60.5,0.0145,0.0795,0.03682102,88.4,0.0365,0.0,BTC-25SEP20-28000-C,8788.69,86.79,0.034,21.0,0.0385,1.0,89.33,16.72248,-2.91146,6.2149,3e-05,0.13218
8823.13,SYN.BTC-24JAN20,1579085943971,open,0.25,0.1,0.2485,0.28,0.26374984,86.05,0.16,0.0,BTC-24JAN20-6500-C,8788.69,0.0,0.2505,8.0,0.267,8.0,121.81,0.35162,-1.70448,1.55919,2e-05,0.99047
8959.49,SYN.BTC-28FEB20,1579085943971,open,0.33,0.0,0.2715,0.3475,0.3059955,70.93,None,0.0,BTC-28FEB20-11500-P,8788.69,0.0,0.0,0.0,0.0,0.0,0.0,8.32341,-6.72743,-12.06081,0.00012,-0.81386
8850.4,SYN.BTC-31JAN20,1579085943974,open,0.42,18.4,0.424,0.4475,0.43528225,104.73,0.43,0.0,BTC-31JAN20-5000-C,8788.69,0.0,0.4255,9.0,0.4375,9.0,143.82,0.18039,-0.59498,2.16145,1e-05,0.99677
9370.09,SYN.BTC-25SEP20,1579085943971,open,0.58,0.0,0.5735,0.6125,0.59014065,76.51,None,0.0,BTC-25SEP20-4000-C,8788.69,52.88,0.576,8.0,0.5975,8.0,84.51,7.95049,-1.19795,23.50856,2e-05,0.95085
8850.4,SYN.BTC-31JAN20,1579085943972,open,0.37,27.4,0.366,0.393,0.37901584,95.92,0.291,0.0,BTC-31JAN20-5500-C,8788.69,0.0,0.368,9.0,0.3815,9.0,126.62,0.34177,-1.03252,2.36504,1e-05,0.99339
9370.09,SYN.BTC-25SEP20,1579085943971,open,0.05,23.3,0.021,0.0945,0.04765246,85.46,0.0445,0.0,BTC-25SEP20-24000-C,8788.69,83.93,0.0445,24.0,0.0495,1.0,86.33,19.60261,-3.29921,7.82372,4e-05,0.1677
9370.09,SYN.BTC-25SEP20,1579085943971,open,0.15,134.9,0.112,0.217,0.15854115,74.43,0.167,0.0,BTC-25SEP20-12000-C,8788.69,73.96,0.157,8.8,0.164,10.6,76.07,31.05486,-4.55212,19.96443,7e-05,0.46487
8795.86,SYN.BTC-17JAN20,1579085943971,open,0.1,2.0,0.0595,0.1115,0.08336413,86.47,0.077,0.0,BTC-17JAN20-9500-P,8788.69,0.0,0.0795,1.0,0.0885,1.0,116.92,1.20778,-27.84018,-0.43867,0.00035,-0.88712
8850.4,SYN.BTC-31JAN20,1579085943972,open,0.31,51.3,0.3085,0.339,0.3229795,87.83,0.2615,0.0,BTC-31JAN20-6000-C,8788.69,0.0,0.3105,8.0,0.326,8.0,112.69,0.63544,-1.75777,2.55449,2e-05,0.98657
8959.49,SYN.BTC-28FEB20,1579085943971,open,0.32,0.3,0.319,0.356,0.33605565,75.31,0.1885,0.0,BTC-28FEB20-6000-C,8788.69,0.0,0.33,14.0,0.3425,14.0,90.57,3.09306,-2.65463,6.63534,4e-05,0.95215
8795.86,SYN.BTC-17JAN20,1579085943971,open,0.08,1.0,0.033,0.085,0.0572893,77.51,0.063,0.0,BTC-17JAN20-9250-P,8788.69,61.6,0.0545,1.0,0.061,1.0,95.18,1.7105,-35.34104,-0.39207,0.00056,-0.8101
8850.4,SYN.BTC-31JAN20,1579085943973,open,0.28,0.0,0.221,0.2845,0.25006865,76.85,None,0.0,BTC-31JAN20-11000-P,8788.69,0.0,0.0025,2.0,0.0,0.0,0.0,3.26038,-7.89132,-4.42374,0.00012,-0.89911
8795.86,SYN.BTC-17JAN20,1579085943971,open,0.0,497.3,0.0005,0.0105,9.9e-07,110.0,0.0005,0.0,BTC-17JAN20-6500-P,8788.69,0.0,0.0,0.0,0.0005,20.1,188.12,0.00138,-0.0087,-2e-05,0.0,-5e-05
8959.49,SYN.BTC-28FEB20,1579085943971,open,0.22,32.1,0.2115,0.2585,0.23343821,66.46,0.2155,0.0,BTC-28FEB20-7000-C,8788.69,0.0,0.2185,8.1,0.2455,13.0,82.25,6.1319,-4.64436,6.98754,0.0001,0.88224
8823.13,SYN.BTC-24JAN20,1579085943973,open,0.01,187.5,0.0005,0.0165,0.00442348,64.65,0.0045,0.0,BTC-24JAN20-7750-P,8788.69,64.95,0.0045,0.1,0.005,0.1,66.85,2.2461,-8.17993,-0.20396,0.00018,-0.09064
8795.86,SYN.BTC-17JAN20,1579085943972,open,0.3,7.2,0.304,0.3315,0.31786136,134.37,0.301,0.0,BTC-17JAN20-6000-C,8788.69,0.0,0.3065,8.0,0.3205,8.0,299.5,0.00078,-0.02797,0.30832,0.0,0.99997
9370.09,SYN.BTC-25SEP20,1579085943971,open,0.03,23.9,0.011,0.0705,0.03056426,91.62,0.0295,0.0,BTC-25SEP20-32000-C,8788.69,90.28,0.0285,11.5,0.0315,2.0,92.21,14.71626,-2.65547,5.19208,3e-05,0.11023
8795.86,SYN.BTC-17JAN20,1579085943971,open,0.13,206.4,0.13,0.1675,0.14773625,104.36,0.141,0.0,BTC-17JAN20-7500-C,8788.69,0.0,0.1415,10.8,0.151,9.4,157.01,0.23993,-6.67435,0.37841,6e-05,0.98492
8795.86,SYN.BTC-17JAN20,1579085943971,open,0.19,110.7,0.188,0.221,0.20421017,110.19,0.203,0.0,BTC-17JAN20-7000-C,8788.69,0.0,0.196,9.0,0.208,9.0,210.63,0.03433,-1.0085,0.35894,1e-05,0.99831
8795.86,SYN.BTC-17JAN20,1579085943971,open,0.0,388.2,0.0005,0.0105,0.00016,109.47,0.001,0.0,BTC-17JAN20-7250-P,8788.69,0.0,0.0,0.0,0.0005,5.6,126.95,0.10994,-1.40737,-0.00286,3e-05,-0.00617
8795.86,SYN.BTC-17JAN20,1579085943971,open,0.0,283.6,0.0005,0.0105,7.06e-06,110.0,0.0005,0.0,BTC-17JAN20-6750-P,8788.69,0.0,0.0,0.0,0.0005,20.1,167.21,0.00786,-0.06207,-0.00016,0.0,-0.00034
8850.4,SYN.BTC-31JAN20,1579085943972,open,0.33,0.0,0.2755,0.339,0.30445384,81.22,None,0.0,BTC-31JAN20-11500-P,8788.69,0.0,0.0,0.0,0.0,0.0,0.0,2.53154,-6.47586,-4.74445,9e-05,-0.92804
9370.09,SYN.BTC-25SEP20,1579085943971,open,0.41,1.0,0.392,0.462,0.42376874,72.97,0.425,0.0,BTC-25SEP20-6000-C,8788.69,56.29,0.3935,7.0,0.442,7.0,82.12,18.21381,-2.6174,27.78441,4e-05,0.85008
8795.86,SYN.BTC-17JAN20,1579085943971,open,0.22,97.7,0.217,0.248,0.23260108,110.77,0.215,0.0,BTC-17JAN20-6750-C,8788.69,0.0,0.2245,9.0,0.2395,9.0,272.6,0.0085,-0.25086,0.3467,0.0,0.99963
9370.09,SYN.BTC-25SEP20,1579085943971,open,1.04,0.2,0.9315,1.0835,0.99926521,80.28,1.02,0.0,BTC-25SEP20-18000-P,8788.69,0.0,0.0,0.0,1.17,0.5,134.66,25.39808,-4.01582,-113.28907,5e-05,-0.739
8850.4,SYN.BTC-31JAN20,1579085943972,open,0.02,438.0,0.0045,0.034,0.01502923,61.61,0.0155,0.0,BTC-31JAN20-8000-P,8788.69,60.7,0.0145,0.5,0.0155,3.9,62.42,5.12924,-9.95345,-0.81832,0.00024,-0.19755
8959.49,SYN.BTC-28FEB20,1579085943971,open,0.28,0.0,0.222,0.298,0.25678047,69.38,None,0.0,BTC-28FEB20-11000-P,8788.69,0.0,0.0,0.0,0.0,0.0,0.0,9.47544,-7.49212,-11.03808,0.00014,-0.76811
8795.86,SYN.BTC-17JAN20,1579085943971,open,0.16,89.1,0.159,0.194,0.17590914,109.54,0.166,0.0,BTC-17JAN20-7250-C,8788.69,0.0,0.1665,9.8,0.1795,8.4,183.56,0.11032,-3.22107,0.3697,3e-05,0.9938
178.68,SYN.ETH-25SEP20,1579085944081,open,0.06,1.0,0.023,0.106,0.057482,97.3,0.054,0.0,ETH-25SEP20-520-C,167.16,97.08,0.057,548.0,0.065,396.0,100.63,0.3927,-0.07525,0.15379,0.00182,0.18123
8795.86,SYN.BTC-17JAN20,1579085944205,open,0.01,507.3,0.004,0.044,0.02138247,65.42,0.0225,0.0,BTC-17JAN20-8750-C,8788.69,62.31,0.0205,33.0,0.023,1.1,71.13,2.49271,-43.47281,0.24059,0.00096,0.55366
171.99,ETH-27MAR20,1579085944346,open,0.01,1.0,0.001,0.021,0.008567,96.22,0.008,0.0,ETH-27MAR20-90-P,167.16,92.05,0.007,970.0,0.011,645.0,101.97,0.06814,-0.04561,-0.01705,0.00122,-0.04179
171.99,ETH-27MAR20,1579085944346,open,0.0,275.0,0.001,0.013,0.003686,108.86,0.006,0.0,ETH-27MAR20-70-P,167.16,98.55,0.002,746.0,0.006,300.0,119.12,0.0334,-0.0253,-0.00726,0.00053,-0.01776
171.99,ETH-27MAR20,1579085944346,open,0.27,112.0,0.25,0.323,0.286784,84.55,0.194,0.0,ETH-27MAR20-130-C,167.16,54.57,0.257,61.0,0.296,20.0,92.42,0.19691,-0.11581,0.1822,0.004,0.82476
167.29,SYN.ETH-17JAN20,1579085944619,open,0.02,767.0,0.001,0.034,0.009999,93.76,0.007,0.0,ETH-17JAN20-160-P,167.16,79.88,0.007,270.0,0.013,465.0,106.78,0.03755,-0.93839,-0.00218,0.02785,-0.24316
171.99,ETH-27MAR20,1579085944729,open,0.02,41.0,0.007,0.039,0.019486,88.17,0.018,0.0,ETH-27MAR20-110-P,167.15,86.09,0.018,970.0,0.022,445.0,91.57,0.1244,-0.0763,-0.03723,0.00242,-0.09045
171.99,ETH-27MAR20,1579085944729,open,0.05,40.0,0.02,0.072,0.042673,84.57,0.046,0.0,ETH-27MAR20-130-P,167.15,82.22,0.04,995.0,0.046,1222.0,87.45,0.19695,-0.11587,-0.07382,0.004,-0.17529
171.99,ETH-27MAR20,1579085944729,open,0.47,0.0,0.464,0.508,0.485278,96.21,None,0.0,ETH-27MAR20-90-C,167.15,0.0,0.476,46.0,0.494,45.0,114.53,0.06813,-0.0456,0.16018,0.00122,0.95822
171.99,ETH-27MAR20,1579085944729,open,0.36,20.0,0.351,0.409,0.379914,88.17,0.272,0.0,ETH-27MAR20-110-C,167.15,0.0,0.36,43.0,0.391,42.0,102.21,0.1244,-0.0763,0.17938,0.00242,0.90955
176.05,ETH-26JUN20,1579085944730,open,0.02,1009.0,0.007,0.035,0.017654,90.3,0.036,0.0,ETH-26JUN20-80-P,167.15,87.99,0.016,650.0,0.021,200.0,94.71,0.12854,-0.03563,-0.05613,0.00103,-0.05379
171.99,ETH-27MAR20,1579085944730,open,0.01,1623.0,0.003,0.033,0.01279,100.36,0.014,0.0,ETH-27MAR20-360-C,167.15,99.09,0.012,675.0,0.014,260.0,102.23,0.10861,-0.07583,0.02125,0.00186,0.07552
176.05,ETH-26JUN20,1579085944730,open,0.03,633.0,0.009,0.062,0.029158,98.66,0.024,0.0,ETH-26JUN20-480-C,167.15,98.54,0.029,650.0,0.031,120.0,100.04,0.23044,-0.06979,0.06865,0.00169,0.11654
176.05,ETH-26JUN20,1579085944730,open,0.04,644.0,0.018,0.066,0.038891,88.25,0.051,0.0,ETH-26JUN20-100-P,167.15,84.99,0.035,650.0,0.044,295.0,92.38,0.21367,-0.05788,-0.11295,0.00175,-0.10488
171.99,ETH-27MAR20,1579085944730,open,0.01,1192.0,0.001,0.022,0.007074,107.98,0.008,0.0,ETH-27MAR20-440-C,167.15,107.8,0.007,650.0,0.008,259.0,110.2,0.06929,-0.05205,0.01205,0.0011,0.04266
176.05,ETH-26JUN20,1579085944730,open,0.53,4.0,0.416,0.568,0.490757,88.11,0.934,0.0,ETH-26JUN20-240-P,167.15,0.0,0.01,50.0,0.0,0.0,0.0,0.45669,-0.12352,-0.85046,0.00375,-0.59182
176.05,ETH-26JUN20,1579085944730,open,1.17,1.0,1.014,1.195,1.100023,93.99,1.827,0.0,ETH-26JUN20-360-P,167.15,0.0,0.015,2.0,0.0,0.0,0.0,0.33375,-0.0963,-1.48904,0.00257,-0.79541
176.05,ETH-26JUN20,1579085944730,open,0.02,195.0,0.007,0.056,0.024852,100.43,0.026,0.0,ETH-26JUN20-520-C,167.15,100.56,0.025,625.0,0.027,120.0,102.22,0.2071,-0.06385,0.0594,0.00149,0.10047
176.05,ETH-26JUN20,1579085944730,open,0.66,3.0,0.652,0.685,0.667439,99.46,0.588,0.0,ETH-26JUN20-60-C,167.15,0.0,0.659,62.0,0.673,58.0,111.67,0.06976,-0.0213,0.24127,0.00051,0.97455
171.99,ETH-27MAR20,1579085944730,open,0.0,1738.0,0.001,0.02,0.005899,112.38,0.008,0.0,ETH-27MAR20-480-C,167.15,109.63,0.005,650.0,0.007,220.0,115.4,0.05931,-0.04637,0.00994,0.00091,0.03525
167.76,SYN.ETH-24JAN20,1579085944729,open,0.24,0.0,0.161,0.247,0.202118,96.79,None,0.0,ETH-24JAN20-200-P,167.15,0.0,0.0,0.0,0.0,0.0,0.0,0.05766,-0.31436,-0.04341,0.00871,-0.862
176.05,ETH-26JUN20,1579085944730,open,0.13,1310.0,0.076,0.169,0.120392,88.11,0.129,0.0,ETH-26JUN20-140-P,167.15,82.69,0.109,650.0,0.119,330.0,87.45,0.37141,-0.10046,-0.28872,0.00305,-0.24712
176.05,ETH-26JUN20,1579085944730,open,0.73,0.0,0.604,0.766,0.682259,89.38,None,0.0,ETH-26JUN20-280-P,167.15,0.0,0.011,3.0,0.0,0.0,0.0,0.4184,-0.1148,-1.07324,0.00338,-0.68389
176.05,ETH-26JUN20,1579085944730,open,0.25,649.0,0.216,0.32,0.269308,88.11,0.257,0.0,ETH-26JUN20-160-C,167.15,82.99,0.257,442.0,0.267,180.0,87.14,0.4227,-0.11433,0.31954,0.00347,0.67606
171.98,ETH-27MAR20,1579085944730,open,0.31,158.0,0.299,0.365,0.331938,86.49,0.211,0.0,ETH-27MAR20-120-C,167.15,49.18,0.306,41.0,0.342,41.0,96.78,0.16087,-0.09679,0.18245,0.00319,0.87067
178.68,SYN.ETH-25SEP20,1579085944730,open,0.06,67.0,0.028,0.116,0.065544,96.24,0.068,0.0,ETH-25SEP20-480-C,167.15,95.59,0.064,544.0,0.069,100.0,97.69,0.42136,-0.07987,0.17125,0.00197,0.20333
176.05,ETH-26JUN20,1579085944730,open,0.95,0.0,0.805,0.977,0.887146,91.46,1.06,0.0,ETH-26JUN20-320-P,167.15,0.0,0.015,2.0,0.0,0.0,0.0,0.37421,-0.10507,-1.28565,0.00296,-0.74938
176.05,ETH-26JUN20,1579085944730,open,1.62,0.0,1.442,1.639,1.534434,97.02,None,0.0,ETH-26JUN20-440-P,167.15,0.0,0.01,50.0,0.0,0.0,0.0,0.25921,-0.0772,-1.88263,0.00193,-0.86199
176.05,ETH-26JUN20,1579085944730,open,1.39,0.0,1.227,1.416,1.316102,95.81,None,0.0,ETH-26JUN20-400-P,167.15,0.0,0.01,50.0,0.0,0.0,0.0,0.29528,-0.08684,-1.68759,0.00223,-0.83206
176.05,ETH-26JUN20,1579085944730,open,0.3,679.0,0.276,0.372,0.325163,88.11,0.272,0.0,ETH-26JUN20-140-C,167.15,74.17,0.296,228.0,0.323,180.0,87.08,0.37141,-0.10046,0.33601,0.00305,0.75288
171.98,ETH-27MAR20,1579085944730,open,0.95,10.0,0.814,0.954,0.879703,96.7,1.59,0.0,ETH-27MAR20-320-P,167.15,0.0,0.011,5.0,0.0,0.0,0.0,0.14247,-0.09584,-0.59971,0.00253,-0.8911
178.68,SYN.ETH-25SEP20,1579085944729,open,0.57,0.0,0.445,0.611,0.527104,86.41,None,0.0,ETH-25SEP20-240-P,167.15,0.0,0.0,0.0,0.573,1.0,100.21,0.59379,-0.10105,-1.30084,0.00309,-0.51957
176.05,ETH-26JUN20,1579085944730,open,0.01,1447.0,0.001,0.019,0.008251,99.46,0.014,0.0,ETH-26JUN20-60-P,167.15,93.29,0.006,652.0,0.011,200.0,105.88,0.06976,-0.0213,-0.02647,0.00051,-0.02545
176.05,ETH-26JUN20,1579085944730,open,0.12,823.0,0.078,0.18,0.127508,88.11,0.115,0.0,ETH-26JUN20-240-C,167.15,85.59,0.121,140.0,0.132,310.0,89.83,0.45669,-0.12352,0.2205,0.00375,0.40818
176.05,ETH-26JUN20,1579085944731,open,0.09,901.0,0.049,0.141,0.091802,89.38,0.083,0.0,ETH-26JUN20-280-C,167.15,87.78,0.088,650.0,0.096,140.0,91.14,0.4184,-0.1148,0.17621,0.00338,0.31611
171.98,ETH-27MAR20,1579085944731,open,1.9,0.0,1.711,1.893,1.796759,111.91,None,0.0,ETH-27MAR20-480-P,167.15,0.0,0.004,50.0,0.0,0.0,0.0,0.05826,-0.04536,-0.93548,0.00089,-0.96551
171.98,ETH-27MAR20,1579085944731,open,2.38,0.0,2.162,2.368,2.259849,117.23,None,0.0,ETH-27MAR20-560-P,167.15,0.0,0.02,50.0,0.0,0.0,0.0,0.04045,-0.03298,-1.09645,0.00059,-0.97775
176.05,ETH-26JUN20,1579085944730,open,2.55,0.0,2.315,2.553,2.426792,103.56,None,0.0,ETH-26JUN20-600-P,167.15,0.0,0.01,50.0,0.0,0.0,0.0,0.16961,-0.05392,-2.63169,0.00118,-0.92314
171.98,ETH-27MAR20,1579085944730,open,0.0,2447.0,0.001,0.017,0.004892,115.93,0.003,0.0,ETH-27MAR20-520-C,167.15,112.7,0.004,650.0,0.006,650.0,119.44,0.05069,-0.04088,0.00821,0.00075,0.02914
171.98,ETH-27MAR20,1579085944730,open,0.03,1648.0,0.012,0.054,0.029653,86.45,0.033,0.0,ETH-27MAR20-120-P,167.15,84.66,0.028,995.0,0.033,1259.0,89.97,0.1608,-0.0967,-0.05381,0.00319,-0.12925
171.98,ETH-27MAR20,1579085944730,open,2.87,0.0,2.613,2.844,2.723351,118.54,None,0.0,ETH-27MAR20-640-P,167.15,0.0,0.01,50.0,0.0,0.0,0.0,0.02505,-0.02065,-1.25666,0.00036,-0.98729
167.29,SYN.ETH-17JAN20,1579085944730,open,0.0,237.0,0.001,0.011,1e-06,120.02,0.001,0.0,ETH-17JAN20-120-P,167.15,0.0,0.0,0.0,0.001,652.0,225.53,2e-05,-0.00016,0.0,1e-05,-5e-05
167.76,SYN.ETH-24JAN20,1579085944730,open,0.06,620.0,0.042,0.108,0.075485,80.58,0.072,0.0,ETH-24JAN20-160-C,167.15,76.17,0.073,205.0,0.08,569.0,88.53,0.09475,-0.43013,0.02425,0.01718,0.66987
171.98,ETH-27MAR20,1579085944731,open,2.14,0.0,1.937,2.131,2.028323,115.32,None,0.0,ETH-27MAR20-520-P,167.15,0.0,0.006,50.0,0.0,0.0,0.0,0.04949,-0.0397,-1.01599,0.00074,-0.97169
168.23,SYN.ETH-31JAN20,1579085944730,open,0.36,1.0,0.273,0.365,0.317032,95.33,0.739,0.0,ETH-31JAN20-220-P,167.15,0.0,0.011,3.0,0.0,0.0,0.0,0.06406,-0.19234,-0.08864,0.00546,-0.89439
167.29,SYN.ETH-17JAN20,1579085944729,open,0.0,1673.0,0.001,0.031,0.008278,112.54,0.005,0.0,ETH-17JAN20-180-C,167.15,100.34,0.006,270.0,0.01,400.0,121.06,0.03283,-0.98504,0.00159,0.02029,0.1928
171.98,ETH-27MAR20,1579085944731,open,0.0,1824.0,0.001,0.015,0.003846,118.02,0.006,0.0,ETH-27MAR20-560-C,167.15,114.25,0.003,650.0,0.005,650.0,122.36,0.04184,-0.03435,0.00654,0.00061,0.02317
171.98,ETH-27MAR20,1579085944731,open,0.71,161.0,0.595,0.726,0.657187,91.92,1.397,0.0,ETH-27MAR20-280-P,167.15,0.0,0.002,50.0,0.0,0.0,0.0,0.18632,-0.11914,-0.50676,0.00348,-0.83917
176.04,ETH-26JUN20,1579085944731,open,0.05,1085.0,0.023,0.098,0.05515,94.0,0.05,0.0,ETH-26JUN20-360-C,167.15,92.86,0.053,626.0,0.058,140.0,95.49,0.33372,-0.0963,0.11739,0.00257,0.20459
176.04,ETH-26JUN20,1579085944732,open,0.2,3522.0,0.168,0.277,0.222993,88.11,0.18,0.0,ETH-26JUN20-180-C,167.15,83.47,0.211,724.0,0.222,148.0,87.73,0.45396,-0.12279,0.29712,0.00373,0.60122
176.04,ETH-26JUN20,1579085944731,open,0.14,1081.0,0.1,0.207,0.153348,88.11,0.137,0.0,ETH-26JUN20-220-C,167.15,84.59,0.144,140.0,0.147,1.0,85.72,0.46747,-0.12645,0.24589,0.00384,0.46636
171.98,ETH-27MAR20,1579085944731,open,0.0,5092.0,0.001,0.012,0.002204,119.97,0.001,0.0,ETH-27MAR20-640-C,167.15,118.63,0.002,592.0,0.004,650.0,129.16,0.02695,-0.02249,0.00394,0.00039,0.01383
176.04,ETH-26JUN20,1579085944731,open,0.26,400.0,0.184,0.309,0.24543,88.09,0.294,0.0,ETH-26JUN20-180-P,167.15,82.12,0.23,180.0,0.281,200.0,101.98,0.45397,-0.12276,-0.50608,0.00373,-0.39881
176.04,ETH-26JUN20,1579085944731,open,0.04,4040.0,0.017,0.084,0.04402,95.81,0.037,0.0,ETH-26JUN20-400-C,167.15,95.2,0.043,650.0,0.047,120.0,97.56,0.29526,-0.08684,0.09734,0.00223,0.16794
176.04,ETH-26JUN20,1579085944732,open,0.02,285.0,0.006,0.051,0.021886,102.49,0.018,0.0,ETH-26JUN20-560-C,167.15,102.6,0.022,525.0,0.024,120.0,104.41,0.18913,-0.05951,0.0526,0.00133,0.08884
176.04,ETH-26JUN20,1579085944731,open,0.17,2694.0,0.13,0.239,0.184785,88.11,0.169,0.0,ETH-26JUN20-200-C,167.15,83.68,0.173,790.0,0.185,296.0,88.19,0.46773,-0.12652,0.27188,0.00384,0.53089
171.98,ETH-27MAR20,1579085944732,open,0.41,1148.0,0.407,0.458,0.432363,93.21,0.346,0.0,ETH-27MAR20-100-C,167.15,0.0,0.418,44.0,0.442,43.0,108.5,0.09625,-0.06241,0.17038,0.00177,0.93545
171.98,ETH-27MAR20,1579085944732,open,0.52,20.0,0.523,0.559,0.540058,100.43,0.613,0.0,ETH-27MAR20-80-C,167.15,0.0,0.534,1.0,0.548,48.0,122.86,0.04636,-0.03238,0.1469,0.00079,0.97382
176.04,ETH-26JUN20,1579085944731,open,0.19,608.0,0.124,0.235,0.178141,88.09,0.195,0.0,ETH-26JUN20-160-P,167.15,83.05,0.166,600.0,0.175,303.0,86.79,0.4227,-0.11431,-0.39445,0.00347,-0.32398
171.98,ETH-27MAR20,1579085944732,open,1.42,5.0,1.261,1.42,1.335721,105.43,2.004,0.0,ETH-27MAR20-400-P,167.15,0.0,0.046,50.0,0.0,0.0,0.0,0.08873,-0.06507,-0.77132,0.00145,-0.94183
176.04,ETH-26JUN20,1579085944731,open,0.02,315.0,0.005,0.046,0.018669,103.57,0.023,0.0,ETH-26JUN20-600-C,167.15,103.91,0.019,598.0,0.02,120.0,104.92,0.1696,-0.05392,0.04571,0.00118,0.07686
171.98,ETH-27MAR20,1579085944732,open,1.66,0.0,1.486,1.655,1.565362,107.62,None,0.0,ETH-27MAR20-440-P,167.15,0.0,0.003,50.0,0.0,0.0,0.0,0.06838,-0.05119,-0.85458,0.00109,-0.95803
170.11,SYN.ETH-28FEB20,1579085944730,open,0.17,0.0,0.101,0.19,0.144232,79.51,None,0.0,ETH-28FEB20-180-P,167.15,72.81,0.135,144.0,0.147,144.0,81.51,0.23476,-0.2127,-0.13721,0.00849,-0.5268
171.98,ETH-27MAR20,1579085944732,open,0.11,3737.0,0.082,0.166,0.124361,81.32,0.117,0.0,ETH-27MAR20-180-C,167.15,77.72,0.118,253.0,0.131,553.0,85.08,0.30402,-0.17198,0.13452,0.00642,0.52158
167.76,SYN.ETH-24JAN20,1579085944730,open,0.05,241.0,0.008,0.058,0.029306,80.68,0.038,0.0,ETH-24JAN20-160-P,167.15,73.01,0.025,265.0,0.032,846.0,85.43,0.09477,-0.43074,-0.01467,0.01716,-0.33027
178.68,SYN.ETH-25SEP20,1579085944730,open,0.39,40.0,0.274,0.416,0.344211,81.18,0.5,0.0,ETH-25SEP20-200-P,167.15,19.81,0.145,1.0,0.406,1.0,100.25,0.58578,-0.09365,-0.96433,0.00325,-0.4317
171.98,ETH-27MAR20,1579085944732,open,0.2,1521.0,0.122,0.222,0.170934,81.29,0.191,0.0,ETH-27MAR20-180-P,167.15,75.67,0.161,164.0,0.18,164.0,86.42,0.30402,-0.17191,-0.21993,0.00642,-0.47847
171.98,ETH-27MAR20,1579085944732,open,0.22,670.0,0.205,0.284,0.24537,83.02,0.241,0.0,ETH-27MAR20-140-C,167.15,58.21,0.214,66.0,0.25,320.0,86.45,0.23108,-0.13346,0.17806,0.00478,0.77115
171.98,ETH-27MAR20,1579085944732,open,0.49,118.0,0.385,0.509,0.444827,87.63,0.978,0.0,ETH-27MAR20-240-P,167.15,0.0,0.005,10.0,0.0,0.0,0.0,0.24445,-0.14901,-0.40336,0.00479,-0.74621
176.04,ETH-26JUN20,1579085944732,open,2.09,0.0,1.877,2.094,1.978558,100.29,None,0.0,ETH-26JUN20-520-P,167.15,0.0,0.01,50.0,0.0,0.0,0.0,0.20635,-0.06353,-2.26127,0.00149,-0.90002
171.98,ETH-27MAR20,1579085944732,open,0.29,1147.0,0.199,0.311,0.25397,83.92,0.645,0.0,ETH-27MAR20-200-P,167.15,75.78,0.24,164.0,0.26,144.0,87.4,0.29724,-0.17352,-0.28471,0.00608,-0.58673
171.98,ETH-27MAR20,1579085944732,open,0.01,1566.0,0.001,0.028,0.010004,105.69,0.011,0.0,ETH-27MAR20-400-C,167.15,103.7,0.009,650.0,0.011,260.0,107.55,0.08943,-0.06575,0.01651,0.00145,0.05876
176.04,ETH-26JUN20,1579085944732,open,2.78,0.0,2.534,2.784,2.651362,104.28,None,0.0,ETH-26JUN20-640-P,167.15,0.0,0.01,50.0,0.0,0.0,0.0,0.15127,-0.04843,-2.81632,0.00105,-0.93378
171.98,ETH-27MAR20,1579085944732,open,0.07,587.0,0.031,0.094,0.05937,82.99,0.057,0.0,ETH-27MAR20-140-P,167.15,81.96,0.058,25.0,0.064,901.0,86.41,0.23106,-0.13339,-0.09759,0.00478,-0.2288
176.04,ETH-26JUN20,1579085944733,open,1.85,0.0,1.659,1.866,1.755656,98.54,None,0.0,ETH-26JUN20-480-P,167.15,0.0,0.01,50.0,0.0,0.0,0.0,0.22982,-0.06952,-2.0735,0.00169,-0.88389
176.04,ETH-26JUN20,1579085944732,open,0.07,656.0,0.032,0.116,0.06948,91.47,0.063,0.0,ETH-26JUN20-320-C,167.15,90.29,0.067,650.0,0.073,140.0,93.11,0.37418,-0.10507,0.14229,0.00296,0.25061
178.68,SYN.ETH-25SEP20,1579085944730,open,0.77,0.0,0.627,0.809,0.716033,88.77,None,0.0,ETH-25SEP20-280-P,167.15,0.0,0.0,0.0,0.753,1.0,100.06,0.5781,-0.10107,-1.62754,0.00293,-0.5935
170.11,SYN.ETH-28FEB20,1579085944730,open,0.24,28.0,0.227,0.291,0.258979,82.53,0.249,0.0,ETH-28FEB20-130-C,167.15,0.0,0.235,58.0,0.271,58.0,97.17,0.13092,-0.12313,0.12301,0.00456,0.86055
167.29,SYN.ETH-17JAN20,1579085944730,open,0.32,1.0,0.323,0.361,0.342404,0.0,0.235,0.0,ETH-17JAN20-110-C,167.15,0.0,0.333,36.0,0.353,36.0,436.9,0.0,0.0,0.00565,0.0,1.0
171.98,ETH-27MAR20,1579085944733,open,0.01,1013.0,0.001,0.015,0.005202,100.33,0.006,0.0,ETH-27MAR20-80-P,167.15,95.52,0.004,970.0,0.007,645.0,106.47,0.04622,-0.03226,-0.0106,0.00079,-0.02609
176.04,ETH-26JUN20,1579085944733,open,0.08,2030.0,0.041,0.112,0.073569,88.1,0.074,0.0,ETH-26JUN20-120-P,167.15,83.62,0.066,649.0,0.072,200.0,87.18,0.30006,-0.08115,-0.19308,0.00246,-0.17222
178.68,SYN.ETH-25SEP20,1579085944730,open,2.3,0.0,2.066,2.318,2.184699,98.19,None,0.0,ETH-25SEP20-560-P,167.15,0.0,0.0,0.0,0.0,0.0,0.0,0.36582,-0.07074,-3.75648,0.00168,-0.83781
171.98,ETH-27MAR20,1579085944733,open,1.18,7.0,1.037,1.184,1.105935,100.18,1.702,0.0,ETH-27MAR20-360-P,167.15,0.0,0.01,30.0,0.0,0.0,0.0,0.10804,-0.07529,-0.6878,0.00185,-0.92499
168.23,SYN.ETH-31JAN20,1579085944732,open,0.48,0.0,0.387,0.483,0.432027,103.64,None,0.0,ETH-31JAN20-240-P,167.15,0.0,0.011,3.0,0.0,0.0,0.0,0.04303,-0.14045,-0.10022,0.00337,-0.93772
167.29,SYN.ETH-17JAN20,1579085944729,open,0.06,182.0,0.007,0.07,0.035732,93.13,0.063,0.0,ETH-17JAN20-170-P,167.15,76.11,0.031,180.0,0.039,171.0,104.77,0.04682,-1.16233,-0.00531,0.03496,-0.58226
167.76,SYN.ETH-24JAN20,1579085944730,open,0.32,1.0,0.324,0.365,0.344675,112.81,0.329,0.0,ETH-24JAN20-110-C,167.15,0.0,0.335,36.0,0.356,36.0,207.49,0.00474,-0.0301,0.02647,0.00061,0.99356
176.04,ETH-26JUN20,1579085944733,open,0.02,1848.0,0.004,0.041,0.016031,104.52,0.012,0.0,ETH-26JUN20-640-C,167.15,105.62,0.017,535.0,0.018,120.0,106.72,0.15242,-0.04891,0.03994,0.00105,0.06687
168.23,SYN.ETH-31JAN20,1579085944730,open,0.15,1409.0,0.148,0.209,0.178928,81.76,0.181,0.0,ETH-31JAN20-140-C,167.15,53.97,0.17,260.0,0.186,260.0,97.0,0.07122,-0.18338,0.05111,0.00708,0.87747
176.04,ETH-26JUN20,1579085944734,open,0.03,727.0,0.012,0.071,0.035144,97.02,0.029,0.0,ETH-26JUN20-440-C,167.15,96.93,0.035,579.0,0.038,120.0,98.93,0.25919,-0.0772,0.0808,0.00193,0.138
171.98,ETH-27MAR20,1579085944734,open,0.0,8174.0,0.001,0.012,0.002846,118.8,0.002,0.0,ETH-27MAR20-600-C,167.15,113.85,0.002,650.0,0.004,650.0,124.11,0.0331,-0.02735,0.00499,0.00048,0.01757
178.68,SYN.ETH-25SEP20,1579085944729,open,1.85,0.0,1.642,1.875,1.752011,96.31,None,0.0,ETH-25SEP20-480-P,167.15,0.0,0.0,0.0,0.0,0.0,0.0,0.42174,-0.07999,-3.16719,0.00197,-0.79636
168.23,SYN.ETH-31JAN20,1579085944730,open,0.45,2.0,0.449,0.482,0.465371,119.91,0.473,0.0,ETH-31JAN20-90-C,167.15,0.0,0.458,42.0,0.474,42.0,200.94,0.00445,-0.0168,0.0388,0.0003,0.99568
170.11,SYN.ETH-28FEB20,1579085944729,open,0.0,1339.0,0.001,0.012,0.002043,107.81,0.001,0.0,ETH-28FEB20-80-P,167.15,97.2,0.001,910.0,0.003,425.0,114.75,0.02068,-0.02541,-0.00322,0.00055,-0.01372
170.11,SYN.ETH-28FEB20,1579085944730,open,0.0,829.0,0.001,0.013,0.003439,101.03,0.003,0.0,ETH-28FEB20-90-P,167.15,98.62,0.003,650.0,0.005,425.0,108.37,0.03231,-0.0372,-0.00544,0.00092,-0.02315
170.11,SYN.ETH-28FEB20,1579085944729,open,0.51,0.0,0.516,0.548,0.531755,107.81,None,0.0,ETH-28FEB20-80-C,167.15,0.0,0.529,1.0,0.539,47.0,143.05,0.02068,-0.02541,0.09294,0.00055,0.98628
178.68,SYN.ETH-25SEP20,1579085944729,open,1.4,0.0,1.223,1.437,1.324969,93.33,None,0.0,ETH-25SEP20-400-P,167.15,0.0,0.0,0.0,0.0,0.0,0.0,0.48249,-0.08868,-2.56756,0.00233,-0.74092
168.23,SYN.ETH-31JAN20,1579085944730,open,0.1,235.0,0.037,0.107,0.07038,77.77,0.094,0.0,ETH-31JAN20-170-P,167.15,73.71,0.067,240.0,0.072,346.0,79.72,0.13995,-0.34278,-0.04125,0.01462,-0.49344
178.68,SYN.ETH-25SEP20,1579085944730,open,0.31,0.0,0.205,0.336,0.269699,81.18,0.58,0.0,ETH-25SEP20-180-P,167.15,19.86,0.07,1.0,0.359,1.0,110.15,0.56344,-0.09008,-0.797,0.00313,-0.37158
168.23,SYN.ETH-31JAN20,1579085944732,open,0.25,0.0,0.164,0.253,0.206985,87.29,None,0.0,ETH-31JAN20-200-P,167.15,0.0,0.011,3.0,0.0,0.0,0.0,0.09675,-0.26599,-0.07404,0.00901,-0.80492
167.29,SYN.ETH-17JAN20,1579085944730,open,0.0,815.0,0.001,0.011,0.000552,119.97,0.002,0.0,ETH-17JAN20-140-P,167.15,131.95,0.001,43.0,0.002,1080.0,150.01,0.00513,-0.09228,-0.00015,0.00297,-0.01728
178.68,SYN.ETH-25SEP20,1579085944729,open,0.98,0.0,0.819,1.012,0.912632,90.31,None,0.0,ETH-25SEP20-320-P,167.15,0.0,0.0,0.0,0.0,0.0,0.0,0.54944,-0.09772,-1.9475,0.00274,-0.65435
170.11,SYN.ETH-28FEB20,1579085944729,open,0.27,0.0,0.181,0.281,0.229845,81.83,None,0.0,ETH-28FEB20-200-P,167.15,0.0,0.001,5.0,0.0,0.0,0.0,0.21463,-0.20014,-0.18317,0.00754,-0.66594
167.76,SYN.ETH-24JAN20,1579085944730,open,0.0,211.0,0.001,0.011,0.000426,114.15,0.001,0.0,ETH-24JAN20-110-P,167.15,0.0,0.0,0.0,0.001,1.0,127.99,0.00506,-0.03256,-0.0003,0.00065,-0.00695
167.29,SYN.ETH-17JAN20,1579085944730,open,0.18,0.0,0.103,0.179,0.138588,119.99,None,0.0,ETH-17JAN20-190-P,167.15,0.0,0.0,0.0,0.0,0.0,0.0,0.01703,-0.54485,-0.00914,0.00987,-0.92466
170.11,SYN.ETH-28FEB20,1579085944730,open,0.01,433.0,0.001,0.016,0.005786,95.52,0.006,0.0,ETH-28FEB20-100-P,167.15,92.7,0.005,650.0,0.008,925.0,102.54,0.04915,-0.05351,-0.00903,0.00148,-0.03839
168.23,SYN.ETH-31JAN20,1579085944730,open,0.0,789.0,0.001,0.011,0.000363,119.91,0.001,0.0,ETH-31JAN20-90-P,167.15,0.0,0.0,0.0,0.001,2.0,136.18,0.00445,-0.0168,-0.00034,0.0003,-0.00432
167.29,SYN.ETH-17JAN20,1579085944730,open,0.26,2.0,0.261,0.303,0.282624,0.0,0.169,0.0,ETH-17JAN20-120-C,167.15,0.0,0.272,33.0,0.294,33.0,370.89,0.0,0.0,0.00617,0.0,1.0
178.68,SYN.ETH-25SEP20,1579085944730,open,0.14,310.0,0.092,0.209,0.148927,88.74,0.143,0.0,ETH-25SEP20-280-C,167.15,87.21,0.144,864.0,0.154,110.0,90.31,0.57806,-0.10103,0.31997,0.00293,0.40638
178.68,SYN.ETH-25SEP20,1579085944729,open,0.08,109.0,0.042,0.141,0.086247,93.28,0.073,0.0,ETH-25SEP20-400-C,167.15,92.07,0.083,577.0,0.091,100.0,95.02,0.48226,-0.0886,0.21451,0.00233,0.25884
178.68,SYN.ETH-25SEP20,1579085944730,open,0.12,61.0,0.069,0.181,0.121654,90.27,0.12,0.0,ETH-25SEP20-320-C,167.15,88.75,0.117,914.0,0.127,100.0,92.01,0.54935,-0.09767,0.2782,0.00274,0.34549
167.76,SYN.ETH-24JAN20,1579085944731,open,0.08,317.0,0.026,0.093,0.057474,80.7,0.064,0.0,ETH-24JAN20-170-P,167.15,73.5,0.053,180.0,0.059,279.0,83.15,0.10427,-0.47401,-0.02344,0.01888,-0.51701
167.76,SYN.ETH-24JAN20,1579085944730,open,0.03,690.0,0.016,0.075,0.04404,80.6,0.045,0.0,ETH-24JAN20-170-C,167.15,77.32,0.042,205.0,0.048,488.0,86.97,0.10427,-0.47344,0.0179,0.0189,0.48291
167.76,SYN.ETH-24JAN20,1579085944730,open,0.02,967.0,0.006,0.053,0.02598,85.29,0.024,0.0,ETH-24JAN20-180-C,167.15,79.91,0.023,270.0,0.028,524.0,88.88,0.09375,-0.45041,0.01206,0.01606,0.32162
178.68,SYN.ETH-25SEP20,1579085944729,open,0.48,0.0,0.355,0.51,0.431643,83.31,None,0.0,ETH-25SEP20-220-P,167.15,0.0,0.0,0.0,0.487,1.0,100.06,0.59382,-0.09744,-1.13406,0.00321,-0.48084
178.68,SYN.ETH-25SEP20,1579085944730,open,0.1,30.0,0.053,0.158,0.101554,91.82,0.11,0.0,ETH-25SEP20-360-C,167.15,90.58,0.098,541.0,0.106,100.0,93.35,0.51608,-0.09332,0.24339,0.00253,0.29739
170.11,SYN.ETH-28FEB20,1579085944730,open,0.4,21.0,0.396,0.44,0.417926,95.52,0.267,0.0,ETH-28FEB20-100-C,167.15,0.0,0.412,1.0,0.427,41.0,119.64,0.04915,-0.05351,0.11117,0.00148,0.96161
168.23,SYN.ETH-31JAN20,1579085944730,open,0.0,4174.0,0.001,0.011,0.00056,106.71,0.002,0.0,ETH-31JAN20-100-P,167.15,0.0,0.0,0.0,0.001,11.0,115.3,0.00699,-0.02348,-0.00057,0.00053,-0.00717
168.23,SYN.ETH-31JAN20,1579085944730,open,0.38,4.0,0.388,0.425,0.40609,105.84,0.4,0.0,ETH-31JAN20-100-C,167.15,0.0,0.397,39.0,0.416,39.0,178.4,0.00668,-0.02227,0.04296,0.00051,0.99318
168.23,SYN.ETH-31JAN20,1579085944730,open,0.02,862.0,0.002,0.029,0.011187,81.87,0.015,0.0,ETH-31JAN20-140-P,167.15,81.43,0.011,1.0,0.013,570.0,86.03,0.07134,-0.18395,-0.0098,0.00708,-0.12281
170.11,SYN.ETH-28FEB20,1579085944730,open,0.06,582.0,0.036,0.103,0.068009,80.48,0.075,0.0,ETH-28FEB20-190-C,167.15,78.22,0.065,355.0,0.071,200.0,82.71,0.22766,-0.20879,0.06761,0.00813,0.39866
167.29,SYN.ETH-17JAN20,1579085944730,open,0.01,1836.0,0.001,0.013,0.001598,96.38,0.002,0.0,ETH-17JAN20-150-P,167.15,87.71,0.001,332.0,0.004,694.0,120.28,0.01302,-0.26729,-0.00047,0.0094,-0.05335
170.11,SYN.ETH-28FEB20,1579085944730,open,0.45,20.0,0.456,0.494,0.474365,101.03,0.328,0.0,ETH-28FEB20-90-C,167.15,0.0,0.47,3.0,0.483,44.0,131.61,0.03231,-0.0372,0.10275,0.00092,0.97685
167.76,SYN.ETH-24JAN20,1579085944730,open,0.2,10.0,0.202,0.253,0.227217,94.1,0.21,0.0,ETH-24JAN20-130-C,167.15,0.0,0.225,1.0,0.242,53.0,158.36,0.02025,-0.10733,0.03009,0.00314,0.96493
168.23,SYN.ETH-31JAN20,1579085944730,open,0.61,0.0,0.502,0.602,0.548933,111.41,None,0.0,ETH-31JAN20-260-P,167.15,0.0,0.011,3.0,0.0,0.0,0.0,0.02987,-0.10483,-0.11045,0.00218,-0.96058
178.68,SYN.ETH-25SEP20,1579085944729,open,1.63,0.0,1.431,1.655,1.537288,94.86,None,0.0,ETH-25SEP20-440-P,167.15,0.0,0.0,0.0,0.0,0.0,0.0,0.45092,-0.08424,-2.86935,0.00214,-0.77143
167.76,SYN.ETH-24JAN20,1579085944730,open,0.0,87.0,0.001,0.011,0.000491,94.48,0.002,0.0,ETH-24JAN20-120-P,167.15,0.0,0.0,0.0,0.001,3.0,104.44,0.00663,-0.0353,-0.00041,0.00103,-0.00945
178.68,SYN.ETH-25SEP20,1579085944729,open,0.07,44.0,0.034,0.127,0.074694,94.8,0.064,0.0,ETH-25SEP20-440-C,167.15,94.13,0.073,490.0,0.079,100.0,96.49,0.45062,-0.08414,0.19091,0.00214,0.2283
168.23,SYN.ETH-31JAN20,1579085944732,open,0.06,782.0,0.017,0.073,0.041607,77.8,0.043,0.0,ETH-31JAN20-160-P,167.15,73.11,0.038,265.0,0.044,626.0,80.9,0.12971,-0.31782,-0.02852,0.01354,-0.34821
168.23,SYN.ETH-31JAN20,1579085944732,open,0.0,2000.0,0.001,0.014,0.003309,110.89,0.005,0.0,ETH-31JAN20-260-C,167.15,102.23,0.002,870.0,0.004,413.0,114.63,0.02939,-0.10263,0.00258,0.00215,0.03863
168.23,SYN.ETH-31JAN20,1579085944730,open,0.26,350.0,0.266,0.315,0.290223,98.12,0.125,0.0,ETH-31JAN20-120-C,167.15,0.0,0.286,1.0,0.302,35.0,140.92,0.0301,-0.09303,0.04902,0.00249,0.96021
167.76,SYN.ETH-24JAN20,1579085944730,open,0.02,135.0,0.002,0.034,0.012698,82.01,0.019,0.0,ETH-24JAN20-150-P,167.15,75.03,0.01,619.0,0.015,379.0,87.62,0.06717,-0.3103,-0.00761,0.01197,-0.17392
167.29,SYN.ETH-17JAN20,1579085944730,open,0.13,1423.0,0.138,0.19,0.163612,118.29,0.121,0.0,ETH-17JAN20-140-C,167.15,0.0,0.151,50.0,0.178,50.0,256.81,0.00482,-0.15207,0.00705,0.00283,0.98391
167.76,SYN.ETH-24JAN20,1579085944729,open,0.3,0.0,0.217,0.304,0.258215,102.23,None,0.0,ETH-24JAN20-210-P,167.15,0.0,0.0,0.0,0.0,0.0,0.0,0.04315,-0.24849,-0.04758,0.00617,-0.90809
168.23,SYN.ETH-31JAN20,1579085944730,open,0.01,2099.0,0.001,0.027,0.009196,95.12,0.011,0.0,ETH-31JAN20-220-C,167.15,91.87,0.008,419.0,0.011,1103.0,99.68,0.06382,-0.19118,0.00701,0.00545,0.10504
170.11,SYN.ETH-28FEB20,1579085944730,open,0.12,522.0,0.099,0.174,0.137254,78.41,0.134,0.0,ETH-28FEB20-160-C,167.15,77.44,0.136,20.0,0.142,240.0,82.07,0.22042,-0.19696,0.10302,0.00808,0.64105
167.76,SYN.ETH-24JAN20,1579085944730,open,0.38,2.0,0.386,0.422,0.404021,120.0,0.39,0.0,ETH-24JAN20-100-C,167.15,0.0,0.396,39.0,0.414,39.0,235.65,0.00176,-0.01187,0.02423,0.00021,0.99787
170.11,SYN.ETH-28FEB20,1579085944729,open,0.07,1171.0,0.051,0.123,0.086083,79.51,0.087,0.0,ETH-28FEB20-180-C,167.15,77.27,0.083,331.0,0.089,200.0,81.62,0.23476,-0.2127,0.07916,0.00849,0.4732
167.29,SYN.ETH-17JAN20,1579085944730,open,0.12,0.0,0.047,0.124,0.08428,112.54,None,0.0,ETH-17JAN20-180-P,167.15,73.07,0.078,60.0,0.087,60.0,125.81,0.03283,-0.98504,-0.00766,0.02029,-0.8072
167.76,SYN.ETH-24JAN20,1579085944730,open,0.13,37.0,0.061,0.139,0.099028,85.4,0.1,0.0,ETH-24JAN20-180-P,167.15,72.52,0.092,180.0,0.103,180.0,92.43,0.09378,-0.45119,-0.0317,0.01605,-0.67809
167.76,SYN.ETH-24JAN20,1579085944730,open,0.01,241.0,0.002,0.039,0.015414,90.18,0.02,0.0,ETH-24JAN20-190-C,167.15,86.97,0.014,270.0,0.016,70.0,91.49,0.07487,-0.38034,0.00784,0.01213,0.20752
167.29,SYN.ETH-17JAN20,1579085944730,open,0.38,1.0,0.384,0.419,0.402186,0.0,0.292,0.0,ETH-17JAN20-100-C,167.15,0.0,0.394,39.0,0.411,39.0,493.38,0.0,0.0,0.00514,0.0,1.0
168.23,SYN.ETH-31JAN20,1579085944729,open,0.32,2.0,0.327,0.37,0.348051,106.67,0.331,0.0,ETH-31JAN20-110-C,167.15,0.0,0.337,37.0,0.359,37.0,160.0,0.01817,-0.06103,0.04612,0.00138,0.97835
170.11,SYN.ETH-28FEB20,1579085944730,open,0.29,60.0,0.281,0.339,0.309785,86.69,0.262,0.0,ETH-28FEB20-120-C,167.15,51.49,0.296,58.0,0.32,58.0,102.43,0.09959,-0.09838,0.12174,0.0033,0.90512
167.29,SYN.ETH-17JAN20,1579085944730,open,0.0,692.0,0.001,0.011,0.0,120.01,0.001,0.0,ETH-17JAN20-100-P,167.15,0.0,0.0,0.0,0.001,2.0,332.2,0.0,0.0,0.0,0.0,0.0
178.68,SYN.ETH-25SEP20,1579085944729,open,0.18,3.0,0.124,0.244,0.183871,86.38,0.165,0.0,ETH-25SEP20-240-C,167.15,85.82,0.182,868.0,0.191,110.0,88.53,0.59379,-0.10102,0.36847,0.0031,0.48035
178.68,SYN.ETH-25SEP20,1579085944730,open,0.05,85.0,0.019,0.096,0.050488,98.1,0.05,0.0,ETH-25SEP20-560-C,167.15,98.35,0.051,566.0,0.057,60.0,101.2,0.36524,-0.07057,0.13834,0.00168,0.1618
170.11,SYN.ETH-28FEB20,1579085944730,open,0.09,541.0,0.071,0.146,0.108402,78.41,0.111,0.0,ETH-28FEB20-170-C,167.15,76.65,0.106,305.0,0.113,240.0,81.76,0.23305,-0.20823,0.09132,0.00854,0.55499
167.29,SYN.ETH-17JAN20,1579085944730,open,0.0,151.0,0.001,0.011,0.0,120.02,0.001,0.0,ETH-17JAN20-110-P,167.15,0.0,0.0,0.0,0.001,37.0,276.77,0.0,0.0,0.0,0.0,0.0
167.29,SYN.ETH-17JAN20,1579085944730,open,0.0,905.0,0.001,0.011,3.7e-05,120.03,0.001,0.0,ETH-17JAN20-130-P,167.15,0.0,0.0,0.0,0.001,1140.0,177.55,0.00057,-0.00617,-1e-05,0.00033,-0.00147
167.76,SYN.ETH-24JAN20,1579085944730,open,0.19,0.0,0.108,0.191,0.148009,90.18,None,0.0,ETH-24JAN20-190-P,167.15,0.0,0.0,0.0,0.0,0.0,0.0,0.07487,-0.38034,-0.03837,0.01213,-0.79248
167.76,SYN.ETH-24JAN20,1579085944731,open,0.01,666.0,0.001,0.019,0.005133,86.51,0.008,0.0,ETH-24JAN20-140-P,167.15,76.09,0.003,730.0,0.007,330.0,94.03,0.03872,-0.18867,-0.00345,0.00654,-0.07953
168.23,SYN.ETH-31JAN20,1579085944731,open,0.0,1245.0,0.001,0.011,0.00193,106.67,0.001,0.0,ETH-31JAN20-110-P,167.15,96.26,0.001,684.0,0.003,430.0,115.3,0.01817,-0.06103,-0.00173,0.00138,-0.02165
167.76,SYN.ETH-24JAN20,1579085944730,open,0.0,26.0,0.001,0.011,0.000123,120.0,0.001,0.0,ETH-24JAN20-100-P,167.15,0.0,0.0,0.0,0.001,1.0,153.46,0.00176,-0.01187,-9e-05,0.00021,-0.00213
168.23,SYN.ETH-31JAN20,1579085944730,open,0.21,133.0,0.206,0.26,0.232937,87.5,0.235,0.0,ETH-31JAN20-130-C,167.15,0.0,0.227,1.0,0.247,54.0,125.82,0.04518,-0.12449,0.05127,0.00419,0.9337
178.68,SYN.ETH-25SEP20,1579085944730,open,1.19,0.0,1.018,1.222,1.116404,91.86,None,0.0,ETH-25SEP20-360-P,167.15,0.0,0.0,0.0,0.0,0.0,0.0,0.51624,-0.09339,-2.26049,0.00253,-0.70241
168.23,SYN.ETH-31JAN20,1579085944733,open,0.01,2556.0,0.004,0.041,0.018043,87.16,0.017,0.0,ETH-31JAN20-200-C,167.15,81.71,0.015,889.0,0.02,845.0,90.51,0.09663,-0.26528,0.01292,0.00901,0.19467
168.23,SYN.ETH-31JAN20,1579085944732,open,0.03,3527.0,0.015,0.069,0.039832,80.57,0.04,0.0,ETH-31JAN20-180-C,167.15,75.7,0.036,830.0,0.043,776.0,84.56,0.13304,-0.3376,0.02453,0.01341,0.37503
167.76,SYN.ETH-24JAN20,1579085944730,open,0.26,0.0,0.263,0.307,0.285126,93.36,None,0.0,ETH-24JAN20-120-C,167.15,0.0,0.284,1.0,0.298,34.0,179.67,0.00624,-0.03279,0.0288,0.00098,0.9912
167.29,SYN.ETH-17JAN20,1579085944730,open,0.0,321.0,0.001,0.018,0.002809,119.99,0.002,0.0,ETH-17JAN20-190-C,167.15,111.36,0.002,730.0,0.005,269.0,138.52,0.01703,-0.46986,0.00062,0.00987,0.07534
167.76,SYN.ETH-24JAN20,1579085944730,open,0.14,701.0,0.142,0.199,0.17054,86.29,0.146,0.0,ETH-24JAN20-140-C,167.15,0.0,0.165,1.0,0.186,52.0,134.51,0.03854,-0.18736,0.03061,0.00653,0.92094
171.99,ETH-27MAR20,1579085944750,open,0.58,0.0,0.582,0.613,0.596684,108.86,None,0.0,ETH-27MAR20-70-C,167.15,48.32,0.593,1.0,0.603,51.0,132.59,0.0334,-0.02529,0.13058,0.00053,0.98224
176.05,ETH-26JUN20,1579085944754,open,0.34,246.0,0.254,0.39,0.320826,88.11,0.312,0.0,ETH-26JUN20-200-P,167.15,19.47,0.148,1.0,0.353,1.0,100.26,0.46776,-0.12651,-0.62055,0.00384,-0.46909
9232.05,BTC-26JUN20,1579085944979,open,2.11,0.0,1.9795,2.136,2.04978537,94.57,None,0.0,BTC-26JUN20-28000-P,8788.62,0.0,0.0005,1.0,0.0,0.0,0.0,8.71969,-2.53157,-122.5558,2e-05,-0.92511
9232.05,BTC-26JUN20,1579085944979,open,1.89,0.0,1.7685,1.9185,1.83552246,92.34,None,0.0,BTC-26JUN20-26000-P,8788.62,0.0,0.0005,1.0,0.0,0.0,0.0,9.6238,-2.72808,-113.29894,3e-05,-0.91468
9232.05,BTC-26JUN20,1579085944979,open,0.04,354.4,0.018,0.081,0.04118235,82.55,0.038,0.0,BTC-26JUN20-18000-C,8788.62,81.57,0.0395,18.8,0.043,5.0,83.6,15.89025,-4.0269,5.50786,5e-05,0.17488
9232.05,BTC-26JUN20,1579085944980,open,2.33,0.0,2.191,2.354,2.26448114,96.6,None,0.0,BTC-26JUN20-30000-P,8788.62,0.0,0.0005,1.0,0.0,0.0,0.0,7.94415,-2.35586,-131.75261,2e-05,-0.93366
9232.05,BTC-26JUN20,1579085944981,open,2.55,0.0,2.4025,2.5725,2.47946029,98.4,None,0.0,BTC-26JUN20-32000-P,8788.62,0.0,0.0005,1.0,0.0,0.0,0.0,7.25816,-2.19239,-140.90802,2e-05,-0.94092
9370.23,SYN.BTC-25SEP20,1579085944978,open,0.07,39.6,0.0425,0.132,0.07823474,80.27,0.0745,0.0,BTC-25SEP20-18000-C,8788.62,79.26,0.0755,9.6,0.081,9.3,81.29,25.39618,-4.01502,11.90869,5e-05,0.26095
8959.67,SYN.BTC-28FEB20,1579085944978,open,0.08,278.7,0.0585,0.1175,0.08553298,63.44,0.083,0.0,BTC-28FEB20-9000-C,8788.62,62.32,0.084,17.5,0.088,20.0,65.23,12.34315,-8.92316,4.84814,0.0002,0.53568
9068.75,BTC-27MAR20,1579085944982,open,1.49,5.6,1.3795,1.4915,1.43086977,97.58,1.545,0.0,BTC-27MAR20-22000-P,8788.62,0.0,0.0,0.0,0.0,0.0,0.0,3.00816,-2.04194,-42.81053,2e-05,-0.96638
8959.67,SYN.BTC-28FEB20,1579085944978,open,0.04,227.1,0.027,0.079,0.04926185,66.08,0.0495,0.0,BTC-28FEB20-10000-C,8788.62,64.72,0.0475,20.5,0.051,15.0,67.42,11.59442,-8.73098,3.32066,0.00018,0.35758
8823.28,SYN.BTC-24JAN20,1579085944978,open,0.02,148.3,0.0065,0.0445,0.02163211,65.01,0.02,0.0,BTC-24JAN20-9250-C,8788.62,63.02,0.0205,15.0,0.023,50.6,67.4,5.03574,-18.44277,0.68094,0.00041,0.339
9370.23,SYN.BTC-25SEP20,1579085944978,open,0.23,10.0,0.1665,0.275,0.21511466,72.97,0.205,0.0,BTC-25SEP20-9000-P,8788.62,71.17,0.2095,6.0,0.2205,6.7,74.71,29.10792,-4.1833,-37.1891,7e-05,-0.35549
8959.67,SYN.BTC-28FEB20,1579085944978,open,0.02,22.0,0.0085,0.046,0.02243612,70.92,0.0215,0.0,BTC-28FEB20-11500-C,8788.62,69.9,0.0215,36.3,0.0225,0.1,70.99,8.3232,-6.72649,1.76298,0.00012,0.18613
8959.67,SYN.BTC-28FEB20,1579085944978,open,0.06,136.2,0.04,0.0965,0.06505125,64.78,0.068,0.0,BTC-28FEB20-9500-C,8788.62,63.64,0.0635,29.9,0.067,18.1,66.2,12.25695,-9.04794,4.049,0.0002,0.441
8850.56,SYN.BTC-31JAN20,1579085944980,open,0.01,884.0,0.0045,0.037,0.01643986,68.35,0.013,0.0,BTC-31JAN20-10000-C,8788.62,66.8,0.0155,43.8,0.017,0.9,69.26,5.40965,-11.64476,0.76869,0.00023,0.21612
8823.28,SYN.BTC-24JAN20,1579085944999,open,0.06,118.7,0.055,0.103,0.07804566,61.16,0.0755,0.0,BTC-24JAN20-8250-C,8788.62,32.16,0.067,15.0,0.0815,12.8,68.34,4.13699,-14.25448,1.49318,0.00036,0.77399
8823.28,SYN.BTC-24JAN20,1579085945171,open,0.01,127.0,0.0035,0.0355,0.01498788,66.4,0.015,0.0,BTC-24JAN20-9500-C,8788.62,64.41,0.014,43.8,0.016,24.0,68.41,4.40921,-16.49342,0.51285,0.00035,0.25402
8823.28,SYN.BTC-24JAN20,1579085945175,open,0.01,127.0,0.0035,0.0355,0.01498788,66.4,0.015,0.0,BTC-24JAN20-9500-C,8788.62,64.41,0.014,44.4,0.016,24.0,68.41,4.40921,-16.49342,0.51285,0.00035,0.25402
9068.82,BTC-27MAR20,1579085945175,open,0.07,426.5,0.036,0.093,0.06023666,65.86,0.062,0.0,BTC-27MAR20-8000-P,8788.62,64.03,0.0575,31.6,0.0605,0.3,66.04,13.60703,-6.23436,-6.12214,0.00013,-0.28258
8959.67,SYN.BTC-28FEB20,1579085945177,open,0.07,84.2,0.038,0.0935,0.06211083,63.45,0.064,0.0,BTC-28FEB20-8500-P,8788.62,61.44,0.0595,31.0,0.063,19.3,64.13,11.65891,-8.43021,-4.58276,0.00019,-0.36339
8959.67,SYN.BTC-28FEB20,1579085945180,open,0.07,84.2,0.038,0.0935,0.06211083,63.45,0.064,0.0,BTC-28FEB20-8500-P,8788.62,61.44,0.0595,31.0,0.063,34.3,64.13,11.65891,-8.43021,-4.58276,0.00019,-0.36339
8795.93,SYN.BTC-17JAN20,1579085946017,open,0.0,230.4,0.0005,0.015,0.00200313,94.58,0.0015,0.0,BTC-17JAN20-9750-C,8788.62,88.88,0.0015,30.0,0.0025,30.1,99.52,0.83527,-17.61939,0.03019,0.00022,0.06878
8795.93,SYN.BTC-17JAN20,1579085946017,open,0.0,325.6,0.0005,0.0185,0.00331287,86.48,0.004,0.0,BTC-17JAN20-9500-C,8788.62,80.2,0.0025,49.0,0.004,67.0,91.29,1.20825,-27.85499,0.04955,0.00035,0.11294
8795.93,SYN.BTC-17JAN20,1579085946020,open,0.0,535.3,0.0005,0.011,0.00097355,97.53,0.001,0.0,BTC-17JAN20-10000-C,8788.62,87.44,0.0005,51.0,0.0015,1.2,105.68,0.49778,-8.56328,0.0158,0.00013,0.03593
8823.21,SYN.BTC-24JAN20,1579085946022,open,0.0,2.5,0.0005,0.016,0.00365594,81.65,0.0025,0.0,BTC-24JAN20-10750-C,8788.62,78.3,0.003,32.1,0.004,38.1,83.29,1.81545,-8.35089,0.13898,0.00012,0.06843
8795.93,SYN.BTC-17JAN20,1579085946032,open,0.05,97.1,0.012,0.0605,0.03416697,70.92,0.034,0.0,BTC-17JAN20-9000-P,8788.62,62.51,0.032,18.0,0.035,18.0,74.09,2.29757,-43.43356,-0.31596,0.00081,-0.66485
8823.21,SYN.BTC-24JAN20,1579085946041,open,0.0,169.0,0.0005,0.021,0.00601534,75.19,0.0075,0.0,BTC-24JAN20-10250-C,8788.62,71.61,0.005,50.0,0.0065,30.0,76.8,2.60852,-11.04865,0.22583,0.00018,0.11127
8823.21,SYN.BTC-24JAN20,1579085946048,open,0.0,13.2,0.0005,0.018,0.00455528,78.05,0.0035,0.0,BTC-24JAN20-10500-C,8788.62,75.7,0.004,27.9,0.005,37.4,79.84,2.15157,-9.46055,0.1738,0.00015,0.08556
9370.15,SYN.BTC-25SEP20,1579085946154,open,0.29,32.9,0.2585,0.353,0.30191316,72.97,0.2875,0.0,BTC-25SEP20-8000-C,8788.62,67.02,0.285,9.0,0.309,8.0,75.47,26.59095,-3.82149,26.83402,6e-05,0.71364
9370.15,SYN.BTC-25SEP20,1579085946387,open,2.09,0.0,1.9465,2.123,2.0250091,88.39,None,0.0,BTC-25SEP20-28000-P,8788.62,0.0,0.0,0.0,0.0,0.0,0.0,16.71734,-2.91011,-188.54137,3e-05,-0.86788
8823.22,SYN.BTC-24JAN20,1579085946638,open,0.01,237.5,0.0005,0.0245,0.00791725,71.9,0.008,0.0,BTC-24JAN20-10000-C,8788.62,69.25,0.007,45.0,0.0085,30.0,73.52,3.12789,-12.66956,0.29293,0.00023,0.14445
8959.65,SYN.BTC-28FEB20,1579085946679,open,0.02,49.6,0.0065,0.04,0.01812945,73.24,0.018,0.0,BTC-28FEB20-12000-C,8788.62,71.84,0.017,57.0,0.0185,0.1,73.69,7.33865,-6.12494,1.45252,0.0001,0.15299
8795.93,SYN.BTC-17JAN20,1579085946846,open,0.36,7.1,0.362,0.3865,0.37471572,184.06,0.359,0.0,BTC-17JAN20-5500-C,8788.62,0.0,0.3645,9.0,0.377,9.0,348.5,0.00353,-0.17321,0.28257,0.0,0.99986
8795.93,SYN.BTC-17JAN20,1579085946846,open,0.33,7.2,0.333,0.359,0.34629371,167.97,0.33,0.0,BTC-17JAN20-5750-C,8788.62,0.0,0.3355,8.0,0.3485,8.0,317.77,0.00399,-0.17869,0.29541,0.0,0.99984
8795.93,SYN.BTC-17JAN20,1579085946846,open,0.0,174.0,0.0005,0.0105,1e-08,110.0,0.0005,0.0,BTC-17JAN20-6000-P,8788.62,0.0,0.0,0.0,0.0005,26.0,231.91,2e-05,-7e-05,0.0,0.0,0.0
8795.93,SYN.BTC-17JAN20,1579085946846,open,0.0,180.7,0.0005,0.0105,0.0,110.0,0.001,0.0,BTC-17JAN20-5750-P,8788.62,0.0,0.0,0.0,0.0005,22.5,254.97,0.0,0.0,0.0,0.0,0.0
8795.93,SYN.BTC-17JAN20,1579085946850,open,0.05,1407.3,0.0435,0.0875,0.06488179,73.85,0.064,0.0,BTC-17JAN20-8250-C,8788.62,61.95,0.0635,0.5,0.067,13.6,87.97,1.17075,-23.04798,0.37383,0.0004,0.89192
8795.93,SYN.BTC-17JAN20,1579085946850,open,0.0,637.7,0.0005,0.0105,0.00040946,104.33,0.0005,0.0,BTC-17JAN20-7500-P,8788.62,0.0,0.0,0.0,0.001,51.1,120.19,0.23958,-3.60161,-0.00699,6e-05,-0.01506
8795.93,SYN.BTC-17JAN20,1579085946850,open,0.01,375.8,0.0005,0.0165,0.00280822,73.8,0.004,0.0,BTC-17JAN20-8250-P,8788.62,71.42,0.0025,32.0,0.0035,0.1,78.76,1.16949,-23.00622,-0.05005,0.0004,-0.10792
8795.93,SYN.BTC-17JAN20,1579085946850,open,0.0,524.1,0.0005,0.012,0.00142737,84.16,0.0025,0.0,BTC-17JAN20-8000-P,8788.62,78.25,0.001,41.1,0.002,10.0,90.76,0.69689,-12.55505,-0.0253,0.00021,-0.05455
8795.93,SYN.BTC-17JAN20,1579085946852,open,0.0,625.2,0.0005,0.0105,0.00078494,94.99,0.001,0.0,BTC-17JAN20-7750-P,8788.62,88.18,0.0005,30.3,0.0015,79.5,107.24,0.41916,-6.90432,-0.01354,0.00011,-0.02917
8795.93,SYN.BTC-17JAN20,1579085946851,open,0.01,322.3,0.0005,0.025,0.00673056,67.58,0.0065,0.0,BTC-17JAN20-8500-P,8788.62,66.53,0.0065,5.1,0.0075,0.1,71.06,1.92627,-34.70349,-0.10814,0.00072,-0.23251
8795.93,SYN.BTC-17JAN20,1579085946852,open,0.27,7.1,0.275,0.303,0.28944978,137.56,0.205,0.0,BTC-17JAN20-6250-C,8788.62,0.0,0.2775,8.0,0.292,8.0,270.5,0.00523,-0.1918,0.32108,0.0,0.99978
8795.93,SYN.BTC-17JAN20,1579085946852,open,0.25,9.4,0.246,0.2755,0.26102866,124.18,0.259,0.0,BTC-17JAN20-6500-C,8788.62,0.0,0.2485,7.0,0.2635,7.0,242.65,0.00672,-0.22244,0.33389,0.0,0.99971
8795.93,SYN.BTC-17JAN20,1579085946851,open,0.1,279.4,0.101,0.1405,0.11970255,95.13,0.116,0.0,BTC-17JAN20-7750-C,8788.62,0.0,0.116,1.5,0.1225,1.5,130.74,0.42133,-10.68479,0.38464,0.00011,0.97065
8795.93,SYN.BTC-17JAN20,1579085946854,open,0.0,187.8,0.0005,0.0105,1e-07,110.0,0.0005,0.0,BTC-17JAN20-6250-P,8788.62,0.0,0.0,0.0,0.0005,21.4,209.66,0.00018,-0.0009,0.0,0.0,-1e-05
8795.93,SYN.BTC-17JAN20,1579085946856,open,0.0,414.7,0.0005,0.0105,3.857e-05,110.0,0.0005,0.0,BTC-17JAN20-7000-P,8788.62,0.0,0.0,0.0,0.0005,52.6,146.85,0.03382,-0.33923,-0.00077,1e-05,-0.00166
8823.21,SYN.BTC-24JAN20,1579085946856,open,0.0,151.5,0.0005,0.0115,0.00155894,81.78,0.0015,0.0,BTC-24JAN20-7000-P,8788.62,81.22,0.0015,1.8,0.002,67.2,85.63,0.93961,-4.32882,-0.06799,6e-05,-0.03013
9232.05,BTC-26JUN20,1579085946882,open,0.02,43.9,0.0075,0.0545,0.02250607,90.13,0.024,0.0,BTC-26JUN20-24000-C,8788.62,88.81,0.021,15.0,0.0235,11.4,90.97,10.76361,-2.97797,3.16148,3e-05,0.09925
9232.05,BTC-26JUN20,1579085946884,open,0.02,49.9,0.005,0.0455,0.01689847,94.6,0.0135,0.0,BTC-26JUN20-28000-C,8788.62,93.09,0.0155,15.0,0.018,13.0,95.75,8.7273,-2.53452,2.39239,2e-05,0.07497
8850.49,SYN.BTC-31JAN20,1579085946903,open,0.0,268.8,0.0005,0.0185,0.00507766,81.22,0.0055,0.0,BTC-31JAN20-11500-C,8788.62,79.14,0.0045,45.0,0.0055,30.0,82.67,2.5317,-6.47615,0.2575,9e-05,0.07197
167.29,SYN.ETH-17JAN20,1579085946913,open,0.03,2312.0,0.021,0.085,0.053538,93.5,0.055,0.0,ETH-17JAN20-160-C,167.15,86.72,0.052,1.0,0.057,166.0,108.66,0.0375,-0.93473,0.00605,0.02789,0.75737
167.76,SYN.ETH-24JAN20,1579085946924,open,0.0,703.0,0.001,0.012,0.002194,94.48,0.004,0.0,ETH-24JAN20-130-P,167.15,92.83,0.002,500.0,0.004,1285.0,106.85,0.02049,-0.10907,-0.00154,0.00317,-0.03559
178.67,SYN.ETH-25SEP20,1579085946929,open,0.07,188.0,0.031,0.092,0.058583,84.49,0.116,0.0,ETH-25SEP20-100-P,167.15,84.75,0.059,570.0,0.064,170.0,87.72,0.29774,-0.04954,-0.22167,0.00159,-0.1198
178.67,SYN.ETH-25SEP20,1579085946932,open,0.11,636.0,0.059,0.14,0.097332,83.37,0.156,0.0,ETH-25SEP20-120-P,167.15,83.22,0.097,609.0,0.103,170.0,85.97,0.38929,-0.06392,-0.34307,0.0021,-0.17874
178.67,SYN.ETH-25SEP20,1579085946934,open,0.17,309.0,0.099,0.2,0.148102,83.27,0.147,0.0,ETH-25SEP20-140-P,167.15,82.85,0.147,560.0,0.156,461.0,86.31,0.4658,-0.07639,-0.48533,0.00252,-0.24244
178.67,SYN.ETH-25SEP20,1579085946938,open,0.3,21.0,0.256,0.366,0.312441,83.17,0.318,0.0,ETH-25SEP20-160-C,167.15,84.38,0.316,344.0,0.321,120.0,86.09,0.52305,-0.08567,0.47361,0.00283,0.69355
178.68,SYN.ETH-25SEP20,1579085946953,open,0.06,1.0,0.023,0.106,0.057495,97.3,0.054,0.0,ETH-25SEP20-520-C,167.15,97.08,0.057,549.0,0.065,396.0,100.63,0.39273,-0.07526,0.1538,0.00182,0.18124
178.68,SYN.ETH-25SEP20,1579085946962,open,0.05,85.0,0.019,0.096,0.050498,98.1,0.05,0.0,ETH-25SEP20-560-C,167.15,98.35,0.051,567.0,0.057,60.0,101.2,0.36524,-0.07057,0.13834,0.00168,0.1618
178.67,SYN.ETH-25SEP20,1579085946965,open,0.01,812.0,0.004,0.027,0.013217,89.61,0.028,0.0,ETH-25SEP20-60-P,167.15,90.86,0.014,543.0,0.016,170.0,93.91,0.11064,-0.01953,-0.05786,0.00056,-0.03334
178.67,SYN.ETH-25SEP20,1579085946973,open,0.03,317.0,0.014,0.054,0.031142,86.73,0.06,0.0,ETH-25SEP20-80-P,167.15,86.61,0.031,636.0,0.036,170.0,90.94,0.20102,-0.03434,-0.12622,0.00104,-0.07043
176.04,ETH-26JUN20,1579085946975,open,0.08,2030.0,0.041,0.112,0.073584,88.1,0.074,0.0,ETH-26JUN20-120-P,167.15,83.62,0.066,650.0,0.072,200.0,87.18,0.30006,-0.08115,-0.19308,0.00246,-0.17222
176.04,ETH-26JUN20,1579085946989,open,0.03,727.0,0.012,0.071,0.03514,97.02,0.029,0.0,ETH-26JUN20-440-C,167.15,96.93,0.035,580.0,0.038,120.0,98.93,0.25919,-0.0772,0.0808,0.00193,0.138
176.04,ETH-26JUN20,1579085946992,open,0.02,285.0,0.006,0.051,0.021884,102.49,0.018,0.0,ETH-26JUN20-560-C,167.15,102.6,0.022,526.0,0.024,120.0,104.41,0.18913,-0.05951,0.0526,0.00133,0.08884
176.04,ETH-26JUN20,1579085946994,open,0.02,315.0,0.005,0.046,0.018667,103.57,0.023,0.0,ETH-26JUN20-600-C,167.15,103.91,0.019,599.0,0.02,120.0,104.92,0.1696,-0.05392,0.04571,0.00118,0.07686
