underlying_price,underlying_index,timestamp,state,settlement_price,open_interest,min_price,max_price,mark_price,mark_iv,last_price,interest_rate,instrument_name,index_price,bid_iv,best_bid_price,best_bid_amount,best_ask_price,best_ask_amount,ask_iv,vega,theta,rho,gamma,delta
7574.3,SYN.BTC-17JAN20,1578308340032,open,0.2,0.0,0.166,0.2195,0.19084518,61.9,None,0.0,BTC-17JAN20-9000-P,7557.26,0.0,0.141,2.2,0.2415,2.2,167.67,1.5433,-4.39197,-2.55374,0.00015,-0.9407
146.44,ETH-26JUN20,1578308340044,open,0.31,321.0,0.265,0.364,0.315273,87.06,0.282,0.0,ETH-26JUN20-120-C,142.01,69.89,0.277,49.0,0.322,180.0,90.06,0.32832,-0.08315,0.29034,0.00373,0.73631
146.45,ETH-26JUN20,1578308340056,open,0.39,1.0,0.354,0.439,0.397351,89.26,0.38,0.0,ETH-26JUN20-100-C,142.01,69.65,0.364,48.0,0.424,48.0,103.96,0.26038,-0.06761,0.29394,0.00289,0.82358
7952.77,SYN.BTC-25SEP20,1578308340154,open,0.3,3.9,0.255,0.3545,0.30077654,75.54,0.295,0.0,BTC-25SEP20-7000-C,7557.26,73.93,0.296,16.1,0.3085,8.0,78.15,23.52518,-3.38005,22.77021,7e-05,0.69833
7952.77,SYN.BTC-25SEP20,1578308340154,open,0.25,32.7,0.201,0.307,0.24922288,75.54,0.25,0.0,BTC-25SEP20-8000-C,7557.26,74.39,0.2455,9.2,0.259,8.0,78.58,25.65161,-3.68559,21.3635,7e-05,0.62221
146.45,ETH-26JUN20,1578308340303,open,0.39,1.0,0.354,0.439,0.397351,89.26,0.38,0.0,ETH-26JUN20-100-C,142.01,69.02,0.363,48.0,0.424,48.0,103.96,0.26038,-0.06761,0.29394,0.00289,0.82358
7574.3,SYN.BTC-17JAN20,1578308340846,open,0.24,0.0,0.2255,0.2595,0.24180197,78.95,None,0.0,BTC-17JAN20-5750-C,7557.26,0.0,0.228,15.0,0.252,9.0,132.93,0.58705,-2.13078,1.66985,4e-05,0.9817
7574.3,SYN.BTC-17JAN20,1578308340852,open,0.11,97.5,0.094,0.1385,0.11404818,56.06,0.0795,0.0,BTC-17JAN20-6750-C,7557.26,48.98,0.112,21.6,0.115,19.5,58.94,2.42089,-6.23946,1.75648,0.00025,0.89233
7574.3,SYN.BTC-17JAN20,1578308340852,open,0.17,0.0,0.134,0.188,0.15867711,57.45,None,0.0,BTC-17JAN20-8750-P,7557.26,0.0,0.109,2.2,0.2095,2.2,156.66,1.94241,-5.12995,-2.4346,0.0002,-0.92007
7574.3,SYN.BTC-17JAN20,1578308340852,open,0.14,0.1,0.1255,0.1665,0.14536062,62.53,0.113,0.0,BTC-17JAN20-6500-C,7557.26,53.05,0.1435,18.0,0.146,17.1,65.16,1.76759,-5.0812,1.76941,0.00017,0.92937
7835.43,BTC-26JUN20,1578308340909,open,0.62,17.8,0.612,0.64,0.62407466,84.19,0.612,0.0,BTC-26JUN20-3000-C,7557.1,60.37,0.618,11.0,0.627,11.1,90.69,3.20005,-0.78371,12.92769,1e-05,0.97445
7835.43,BTC-26JUN20,1578308340909,open,0.04,323.1,0.023,0.073,0.04269866,75.12,0.0455,0.0,BTC-26JUN20-5000-P,7557.1,74.29,0.0415,15.5,0.0445,21.1,76.36,11.33861,-2.47785,-6.35022,5e-05,-0.12941
7835.43,BTC-26JUN20,1578308340910,open,0.04,162.5,0.019,0.085,0.04349354,85.14,0.045,0.0,BTC-26JUN20-16000-C,7557.1,84.58,0.0425,16.8,0.044,0.1,85.43,13.92156,-3.44811,4.8974,6e-05,0.17623
7683.88,BTC-27MAR20,1578308340910,open,0.48,7.4,0.471,0.5035,0.48534676,84.38,0.4255,0.0,BTC-27MAR20-4000-C,7557.1,46.9,0.4795,15.8,0.4955,18.0,106.56,2.64413,-1.37931,8.20527,2e-05,0.96728
7835.43,BTC-26JUN20,1578308340911,open,0.08,461.9,0.048,0.133,0.08317563,79.96,0.0825,0.0,BTC-26JUN20-12000-C,7557.1,78.85,0.0805,22.2,0.086,30.8,81.13,18.90681,-4.39817,8.28352,8e-05,0.30768
7683.72,BTC-27MAR20,1578308340913,open,0.85,59.0,0.793,0.8935,0.8378574,85.25,0.877,0.0,BTC-27MAR20-14000-P,7557.1,0.0,0.4,0.5,1.0775,0.1,235.1,6.24339,-3.29058,-29.62575,6e-05,-0.90224
7835.43,BTC-26JUN20,1578308340917,open,0.15,190.2,0.114,0.211,0.15760411,77.22,0.152,0.0,BTC-26JUN20-9000-C,7557.1,74.99,0.1515,17.7,0.156,12.6,76.63,21.45019,-4.81855,12.68391,0.0001,0.50137
7563.33,SYN.BTC-10JAN20,1578308340909,open,0.1,74.5,0.0895,0.1295,0.1089216,67.33,0.085,0.0,BTC-10JAN20-6750-C,7557.1,55.35,0.108,20.0,0.1225,8.0,133.84,0.76526,-6.6473,0.67786,0.00019,0.95298
7596.22,SYN.BTC-31JAN20,1578308340911,open,0.15,15.2,0.1105,0.17,0.13823705,55.59,0.2965,0.0,BTC-31JAN20-8500-P,7557.1,0.0,0.1155,2.8,0.1855,6.5,106.0,6.18301,-6.90803,-4.64346,0.00028,-0.7587
7563.33,SYN.BTC-10JAN20,1578304923146,open,0.0,174.2,0.0005,0.0105,0.00023092,108.75,0.0005,0.0,BTC-10JAN20-5750-P,7557.1,0.0,0.0,0.0,0.0005,0.1,119.95,0.13592,-1.74653,-0.00514,2e-05,-0.00617
7835.43,BTC-26JUN20,1578308333934,open,0.08,461.9,0.048,0.133,0.08317563,79.96,0.0825,0.0,BTC-26JUN20-12000-C,7557.1,78.85,0.0805,22.2,0.086,30.8,81.13,18.90681,-4.39817,8.28352,8e-05,0.30768
7835.43,BTC-26JUN20,1578308334037,open,0.04,162.5,0.019,0.085,0.04349354,85.14,0.045,0.0,BTC-26JUN20-16000-C,7557.1,84.58,0.0425,16.8,0.044,0.1,85.43,13.92156,-3.44811,4.8974,6e-05,0.17623
7835.43,BTC-26JUN20,1578308090323,open,0.02,18.5,0.006,0.0515,0.02009387,95.82,0.02,0.0,BTC-26JUN20-24000-C,7557.1,94.29,0.0185,15.0,0.0215,13.7,97.12,8.35103,-2.32793,2.38694,3e-05,0.08479
7835.43,BTC-26JUN20,1578308328296,open,0.06,591.8,0.029,0.103,0.05779012,82.13,0.056,0.0,BTC-26JUN20-14000-C,7557.1,81.26,0.056,21.4,0.059,0.1,82.71,16.2151,-3.87409,6.25107,7e-05,0.22721
7835.43,BTC-26JUN20,1578308281909,open,0.01,93.7,0.003,0.0385,0.01282644,100.79,0.013,0.0,BTC-26JUN20-30000-C,7557.1,99.69,0.012,42.3,0.0135,29.0,101.66,6.00966,-1.76212,1.56827,2e-05,0.05533
7563.33,SYN.BTC-10JAN20,1578308340909,open,0.1,0.0,0.07,0.119,0.09319303,60.41,None,0.0,BTC-10JAN20-8250-P,7557.1,0.0,0.043,2.2,0.1435,2.2,212.28,1.22487,-9.54561,-0.80877,0.00033,-0.91386
7596.22,SYN.BTC-31JAN20,1578308340910,open,0.4,0.0,0.3565,0.4205,0.38616845,72.32,None,0.0,BTC-31JAN20-10500-P,7557.1,0.0,0.336,1.0,0.4365,1.0,152.39,2.12884,-3.09442,-6.90401,7e-05,-0.94742
7952.77,SYN.BTC-25SEP20,1578308318893,open,0.08,5.3,0.0445,0.138,0.08186997,83.24,0.083,0.0,BTC-25SEP20-16000-C,7557.1,82.56,0.08,0.1,0.0835,9.6,83.83,21.99015,-3.48174,10.3331,6e-05,0.26228
7952.77,SYN.BTC-25SEP20,1578308314007,open,0.15,33.8,0.104,0.213,0.15177675,77.9,0.151,0.0,BTC-25SEP20-11000-C,7557.1,76.91,0.1485,20.9,0.154,0.2,78.56,26.58198,-3.93839,16.30095,7e-05,0.43638
7835.43,BTC-26JUN20,1578308202655,open,0.02,78.0,0.005,0.0455,0.01660846,97.1,0.014,0.0,BTC-26JUN20-26000-C,7557.1,95.89,0.0155,42.3,0.0175,2.0,98.04,7.31481,-2.06632,2.0145,3e-05,0.07121
7835.43,BTC-26JUN20,1578308093264,open,0.01,52.1,0.004,0.043,0.01508935,99.69,0.015,0.0,BTC-26JUN20-28000-C,7557.1,97.79,0.0135,34.0,0.0165,13.7,101.28,6.76109,-1.9608,1.81602,2e-05,0.06431
7835.43,BTC-26JUN20,1578308318699,open,0.01,165.3,0.0005,0.018,0.00694455,84.17,0.0095,0.0,BTC-26JUN20-3000-P,7557.1,83.06,0.0065,29.0,0.0075,13.0,85.5,3.19846,-0.78318,-1.19829,1e-05,-0.02553
7835.43,BTC-26JUN20,1578308328372,open,0.19,246.7,0.1515,0.2465,0.19473246,74.95,0.194,0.0,BTC-26JUN20-8000-C,7557.1,73.74,0.1915,17.5,0.1975,1.4,75.98,20.95237,-4.56824,14.42876,0.0001,0.58579
7835.43,BTC-26JUN20,1578308277477,open,0.03,968.5,0.0095,0.0625,0.02715881,90.23,0.0285,0.0,BTC-26JUN20-20000-C,7557.1,89.35,0.026,26.6,0.028,0.1,90.86,10.39342,-2.7282,3.21644,4e-05,0.11433
7835.43,BTC-26JUN20,1578308335834,open,0.15,190.2,0.114,0.211,0.15760411,77.22,0.152,0.0,BTC-26JUN20-9000-C,7557.1,74.99,0.1515,17.7,0.156,12.6,76.63,21.45019,-4.81855,12.68391,0.0001,0.50137
7952.77,SYN.BTC-25SEP20,1578308328531,open,0.21,35.2,0.1585,0.2675,0.20771589,75.77,0.204,0.0,BTC-25SEP20-9000-C,7557.1,75.11,0.2055,21.4,0.2135,8.4,77.49,26.70159,-3.84807,19.68319,8e-05,0.55137
7952.77,SYN.BTC-25SEP20,1578308326443,open,0.03,53.6,0.017,0.0595,0.0335007,76.79,0.033,0.0,BTC-25SEP20-4000-P,7557.1,74.85,0.031,16.0,0.036,25.0,78.68,10.38433,-1.51667,-6.7146,3e-05,-0.08373
142.61,SYN.ETH-31JAN20,1578308253796,open,0.04,203.0,0.014,0.061,0.034234,70.17,0.04,0.0,ETH-31JAN20-130-P,142.01,67.6,0.032,212.0,0.036,273.0,72.19,0.12429,-0.1753,-0.03008,0.01278,-0.27528
7835.43,BTC-26JUN20,1578308092444,open,0.01,186.9,0.0035,0.0395,0.01307466,104.68,0.0135,0.0,BTC-26JUN20-32000-C,7557.1,103.91,0.0125,1.0,0.0135,13.0,105.23,5.96627,-1.81678,1.54047,2e-05,0.05483
7952.77,SYN.BTC-25SEP20,1578308301980,open,0.06,76.7,0.026,0.1075,0.05649004,86.93,0.054,0.0,BTC-25SEP20-20000-C,7557.1,86.28,0.055,1.0,0.0575,14.9,87.37,18.26108,-3.0193,7.59517,5e-05,0.1891
7835.43,BTC-26JUN20,1578308333941,open,0.04,323.1,0.023,0.073,0.04269866,75.12,0.0455,0.0,BTC-26JUN20-5000-P,7557.1,74.29,0.0415,15.5,0.0445,21.1,76.36,11.33861,-2.47785,-6.35022,5e-05,-0.12941
142.61,SYN.ETH-31JAN20,1578307703112,open,0.0,1797.0,0.001,0.012,0.002104,106.99,0.001,0.0,ETH-31JAN20-260-C,142.01,96.93,0.001,650.0,0.003,975.0,112.75,0.01968,-0.04232,0.00195,0.00133,0.02218
146.45,ETH-26JUN20,1578308331595,open,0.2,203.0,0.146,0.257,0.202073,87.06,0.183,0.0,ETH-26JUN20-160-C,142.01,85.56,0.198,760.0,0.211,873.0,90.37,0.3964,-0.10039,0.24675,0.00451,0.55985
143.99,ETH-27MAR20,1578308207580,open,0.01,1189.0,0.001,0.024,0.007607,117.62,0.006,0.0,ETH-27MAR20-440-C,142.01,113.43,0.006,890.0,0.009,1304.0,120.82,0.05943,-0.04321,0.01061,0.0011,0.04086
143.98,ETH-27MAR20,1578308207395,open,0.0,2350.0,0.001,0.016,0.004113,120.0,0.004,0.0,ETH-27MAR20-520-C,142.01,119.56,0.004,890.0,0.006,950.0,126.4,0.03726,-0.02764,0.0061,0.00068,0.02324
143.29,SYN.ETH-28FEB20,1578308207354,open,0.03,202.0,0.014,0.065,0.035736,82.15,0.03,0.0,ETH-28FEB20-190-C,142.01,79.74,0.033,862.0,0.038,686.0,84.1,0.16473,-0.12796,0.03988,0.00674,0.22784
143.29,SYN.ETH-28FEB20,1578308313621,open,0.05,86.0,0.022,0.078,0.047113,79.2,0.06,0.0,ETH-28FEB20-120-P,142.01,77.36,0.045,20.0,0.049,492.0,80.83,0.16556,-0.12399,-0.0575,0.00703,-0.22987
143.98,ETH-27MAR20,1578308329293,open,0.11,1562.0,0.074,0.161,0.117423,84.98,0.114,0.0,ETH-27MAR20-160-C,142.01,83.16,0.114,421.0,0.121,934.0,86.89,0.26983,-0.14177,0.11395,0.00691,0.4746
148.63,SYN.ETH-25SEP20,1578308331551,open,0.16,2.0,0.099,0.223,0.159386,92.71,0.122,0.0,ETH-25SEP20-240-C,142.01,90.77,0.153,696.0,0.164,282.0,94.1,0.49164,-0.08669,0.27322,0.00333,0.41463
142.27,SYN.ETH-17JAN20,1578308299927,open,0.01,43.0,0.001,0.019,0.005726,76.8,0.005,0.0,ETH-17JAN20-120-P,142.01,74.09,0.005,650.0,0.007,1152.0,81.2,0.03937,-0.13902,-0.00399,0.0085,-0.08847
143.99,ETH-27MAR20,1578308207492,open,0.01,1572.0,0.002,0.032,0.011779,109.13,0.01,0.0,ETH-27MAR20-360-C,142.01,105.95,0.01,1190.0,0.013,649.0,111.16,0.08427,-0.05685,0.01646,0.00168,0.06338
142.09,SYN.ETH-10JAN20,1578308277979,open,0.0,900.0,0.001,0.012,0.001855,72.2,0.002,0.0,ETH-10JAN20-160-C,142.01,64.0,0.001,622.0,0.003,625.0,80.41,0.01736,-0.16167,0.00087,0.01121,0.05962
142.27,SYN.ETH-17JAN20,1578308301509,open,0.01,215.0,0.001,0.027,0.009394,65.81,0.007,0.0,ETH-17JAN20-160-C,142.01,62.46,0.008,915.0,0.011,1194.0,69.47,0.06077,-0.18388,0.00656,0.01531,0.16422
143.3,SYN.ETH-28FEB20,1578308218635,open,0.01,653.0,0.001,0.018,0.007095,98.36,0.007,0.0,ETH-28FEB20-80-P,142.01,94.91,0.006,240.0,0.008,320.0,101.0,0.04752,-0.0442,-0.00989,0.00162,-0.04055
143.99,ETH-27MAR20,1578308252355,open,0.03,7115.0,0.012,0.065,0.033254,92.89,0.033,0.0,ETH-27MAR20-240-C,142.01,91.84,0.032,1161.0,0.033,280.0,92.69,0.17224,-0.09891,0.04399,0.00404,0.17112
142.27,SYN.ETH-17JAN20,1578308285766,open,0.02,174.0,0.002,0.034,0.013592,66.65,0.015,0.0,ETH-17JAN20-130-P,142.01,65.42,0.013,5.0,0.016,1250.0,71.53,0.06878,-0.21075,-0.00906,0.01711,-0.20012
142.61,SYN.ETH-31JAN20,1578308327570,open,0.02,1540.0,0.005,0.039,0.018204,74.38,0.026,0.0,ETH-31JAN20-120-P,142.01,72.49,0.017,217.0,0.02,484.0,77.15,0.09135,-0.13657,-0.01752,0.00886,-0.16207
142.61,SYN.ETH-31JAN20,1578308291164,open,0.0,2026.0,0.001,0.014,0.00372,90.1,0.004,0.0,ETH-31JAN20-220-C,142.01,86.84,0.003,650.0,0.005,1215.0,95.08,0.03352,-0.06071,0.00374,0.00268,0.04222
143.99,ETH-27MAR20,1578308329297,open,0.06,3343.0,0.029,0.101,0.061579,89.83,0.06,0.0,ETH-27MAR20-200-C,142.01,87.59,0.058,54.0,0.064,338.0,91.35,0.23043,-0.12798,0.07155,0.00558,0.28584
146.45,ETH-26JUN20,1578308331593,open,0.22,1311.0,0.15,0.268,0.207967,86.95,0.252,0.0,ETH-26JUN20-140-P,142.01,84.99,0.203,430.0,0.215,855.0,89.7,0.37386,-0.09457,-0.38775,0.00426,-0.35427
143.29,SYN.ETH-28FEB20,1578308285090,open,0.07,18.0,0.041,0.111,0.074713,77.78,0.069,0.0,ETH-28FEB20-160-C,142.01,75.27,0.071,438.0,0.078,1124.0,80.0,0.21217,-0.15606,0.06985,0.00917,0.4112
143.29,SYN.ETH-28FEB20,1578308218624,open,0.02,336.0,0.006,0.037,0.018114,85.23,0.031,0.0,ETH-28FEB20-100-P,142.01,83.57,0.017,240.0,0.02,561.0,87.97,0.097,-0.07818,-0.0249,0.00383,-0.10185
142.27,SYN.ETH-17JAN20,1578308327486,open,0.04,135.0,0.023,0.08,0.050724,61.92,0.047,0.0,ETH-17JAN20-140-C,142.01,57.88,0.048,200.0,0.053,1302.0,65.3,0.09596,-0.27318,0.02247,0.0257,0.5807
143.29,SYN.ETH-28FEB20,1578308285093,open,0.03,35.0,0.012,0.054,0.029598,81.56,0.045,0.0,ETH-28FEB20-110-P,142.01,79.8,0.028,192.0,0.032,504.0,84.16,0.13104,-0.10107,-0.03873,0.0054,-0.15696
142.61,SYN.ETH-31JAN20,1578308329344,open,0.07,1950.0,0.049,0.114,0.079283,67.68,0.077,0.0,ETH-31JAN20-140-C,142.01,64.47,0.076,164.0,0.081,903.0,69.36,0.14579,-0.19834,0.04832,0.01554,0.57646
143.29,SYN.ETH-28FEB20,1578308329330,open,0.12,56.0,0.088,0.165,0.127128,77.07,0.094,0.0,ETH-28FEB20-140-C,142.01,74.29,0.123,419.0,0.129,575.0,78.34,0.2121,-0.15458,0.09596,0.00925,0.58939
148.64,SYN.ETH-25SEP20,1578308331545,open,0.22,20.0,0.165,0.291,0.22849,88.63,0.254,0.0,ETH-25SEP20-180-C,142.01,88.48,0.228,385.0,0.238,272.0,91.46,0.49954,-0.08421,0.34245,0.00354,0.54838
143.99,ETH-27MAR20,1578308329295,open,0.08,2827.0,0.046,0.126,0.084129,87.37,0.08,0.0,ETH-27MAR20-180-C,142.01,85.05,0.08,338.0,0.087,826.0,89.0,0.25547,-0.138,0.09058,0.00636,0.36803
143.99,ETH-27MAR20,1578308329280,open,0.15,605.0,0.095,0.19,0.140736,83.83,0.148,0.0,ETH-27MAR20-140-P,142.01,81.75,0.137,252.0,0.145,252.0,86.16,0.26082,-0.13518,-0.17067,0.00677,-0.39415
7952.77,SYN.BTC-25SEP20,1578308326453,open,0.07,5.8,0.033,0.119,0.06603729,84.66,0.0665,0.0,BTC-25SEP20-18000-C,7557.1,83.84,0.064,9.0,0.0675,0.2,85.24,19.89858,-3.2042,8.72521,5e-05,0.21837
142.09,SYN.ETH-10JAN20,1578308283317,open,0.01,416.0,0.001,0.019,0.00418,72.99,0.005,0.0,ETH-10JAN20-130-P,142.01,72.07,0.004,21.0,0.006,1294.0,81.65,0.02774,-0.26124,-0.00174,0.01773,-0.11117
143.98,ETH-27MAR20,1578308329278,open,0.16,1157.0,0.123,0.212,0.168416,83.81,0.163,0.0,ETH-27MAR20-140-C,142.01,81.37,0.164,790.0,0.172,50.0,85.79,0.26082,-0.13514,0.13953,0.00678,0.60577
143.99,ETH-27MAR20,1578308285774,open,0.02,1664.0,0.004,0.04,0.016342,105.28,0.016,0.0,ETH-27MAR20-320-C,142.01,101.99,0.014,890.0,0.018,1210.0,107.46,0.10671,-0.06945,0.02233,0.00221,0.08633
143.29,SYN.ETH-28FEB20,1578308329332,open,0.12,1.0,0.066,0.146,0.104136,77.07,0.17,0.0,ETH-28FEB20-140-P,142.01,75.63,0.102,625.0,0.108,400.0,79.69,0.2121,-0.15458,-0.10685,0.00925,-0.41061
148.64,SYN.ETH-25SEP20,1578308331535,open,0.27,154.0,0.192,0.323,0.25647,88.65,0.261,0.0,ETH-25SEP20-140-P,142.01,85.88,0.248,378.0,0.261,382.0,90.13,0.4536,-0.07648,-0.62171,0.00322,-0.32428
148.63,SYN.ETH-25SEP20,1578308331553,open,0.13,1.0,0.074,0.192,0.129731,94.88,0.097,0.0,ETH-25SEP20-280-C,142.01,93.05,0.124,395.0,0.134,287.0,96.23,0.46745,-0.08436,0.23632,0.0031,0.3505
148.64,SYN.ETH-25SEP20,1578308331549,open,0.18,8.0,0.117,0.243,0.179278,91.75,0.155,0.0,ETH-25SEP20-220-C,142.01,89.88,0.173,673.0,0.184,279.0,93.15,0.49997,-0.08725,0.29464,0.00342,0.45451
142.61,SYN.ETH-31JAN20,1578308207512,open,0.0,134.0,0.001,0.012,0.002875,97.91,0.003,0.0,ETH-31JAN20-90-P,142.01,91.93,0.002,890.0,0.004,590.0,104.2,0.02313,-0.04551,-0.00289,0.0017,-0.02689
7952.77,SYN.BTC-25SEP20,1578308331679,open,0.1,63.2,0.0605,0.161,0.10239174,81.23,0.101,0.0,BTC-25SEP20-14000-C,7557.1,80.44,0.1,0.1,0.104,9.6,81.76,24.04528,-3.71523,12.30132,6e-05,0.31716
143.99,ETH-27MAR20,1578308329299,open,0.04,1342.0,0.019,0.081,0.045785,92.02,0.042,0.0,ETH-27MAR20-220-C,142.01,90.02,0.043,578.0,0.048,344.0,93.59,0.20226,-0.11506,0.05655,0.00478,0.22302
143.99,ETH-27MAR20,1578308207455,open,0.0,2781.0,0.001,0.011,0.001479,120.0,0.002,0.0,ETH-27MAR20-640-C,142.01,124.0,0.002,890.0,0.004,950.0,134.61,0.01675,-0.01243,0.00246,0.0003,0.00917
143.29,SYN.ETH-28FEB20,1578308329328,open,0.08,463.0,0.04,0.109,0.071901,77.86,0.108,0.0,ETH-28FEB20-130-P,142.01,75.72,0.069,619.0,0.075,456.0,80.14,0.19421,-0.14299,-0.08068,0.00839,-0.31678
142.61,SYN.ETH-31JAN20,1578308207340,open,0.01,1195.0,0.001,0.024,0.00964,80.62,0.012,0.0,ETH-31JAN20-110-P,142.01,76.61,0.008,890.0,0.011,565.0,83.73,0.06062,-0.09823,-0.00972,0.00542,-0.09032
142.27,SYN.ETH-17JAN20,1578308327748,open,0.05,25.0,0.012,0.064,0.034794,61.92,0.036,0.0,ETH-17JAN20-140-P,142.01,59.26,0.033,180.0,0.038,891.0,66.67,0.09596,-0.27318,-0.01925,0.0257,-0.4193
142.61,SYN.ETH-31JAN20,1578308327246,open,0.02,473.0,0.005,0.04,0.01904,71.67,0.011,0.0,ETH-31JAN20-170-C,142.01,68.82,0.017,217.0,0.02,297.0,72.98,0.1039,-0.14967,0.01748,0.01046,0.19894
142.61,SYN.ETH-31JAN20,1578308329343,open,0.07,555.0,0.033,0.097,0.060988,67.68,0.085,0.0,ETH-31JAN20-140-P,142.01,65.74,0.059,164.0,0.064,240.0,70.63,0.14579,-0.19834,-0.04709,0.01554,-0.42354
142.61,SYN.ETH-31JAN20,1578308287706,open,0.01,1871.0,0.003,0.03,0.012305,74.53,0.01,0.0,ETH-31JAN20-180-C,142.01,72.18,0.011,265.0,0.014,540.0,77.43,0.08115,-0.12157,0.012,0.00786,0.13578
143.29,SYN.ETH-28FEB20,1578308218629,open,0.01,779.0,0.002,0.026,0.011128,90.68,0.011,0.0,ETH-28FEB20-90-P,142.01,88.26,0.01,240.0,0.013,561.0,94.45,0.06852,-0.05875,-0.01564,0.00254,-0.06423
146.45,ETH-26JUN20,1578308331601,open,0.14,3221.0,0.086,0.194,0.138777,90.16,0.125,0.0,ETH-26JUN20-200-C,142.01,87.64,0.132,768.0,0.144,279.0,92.11,0.39342,-0.10319,0.19598,0.00432,0.42294
146.44,ETH-26JUN20,1578308331598,open,0.17,3221.0,0.109,0.218,0.16309,87.42,0.136,0.0,ETH-26JUN20-180-C,142.01,86.29,0.16,758.0,0.173,692.0,91.04,0.40051,-0.10186,0.22022,0.00454,0.48245
7835.59,BTC-26JUN20,1578308300010,open,0.02,490.9,0.008,0.039,0.01908631,78.52,0.022,0.0,BTC-26JUN20-4000-P,7557.1,78.42,0.019,0.5,0.0195,15.5,79.0,6.78517,-1.54995,-3.08787,3e-05,-0.0646
7835.43,BTC-26JUN20,1578308202650,open,0.03,275.0,0.013,0.0715,0.03344311,87.53,0.031,0.0,BTC-26JUN20-18000-C,7557.1,86.57,0.032,27.0,0.0345,0.1,88.22,11.91501,-3.03394,3.89829,5e-05,0.1391
7683.72,BTC-27MAR20,1578308340937,open,0.16,291.1,0.1175,0.2005,0.15497857,69.92,0.1625,0.0,BTC-27MAR20-8000-P,7557.1,68.33,0.152,36.9,0.157,5.0,71.0,14.41654,-6.23196,-10.866,0.00016,-0.48325
7683.72,BTC-27MAR20,1578308340961,open,0.16,291.1,0.1175,0.2005,0.1549968,69.92,0.1625,0.0,BTC-27MAR20-8000-P,7557.1,68.33,0.152,36.9,0.1575,17.7,71.27,14.41654,-6.23196,-10.866,0.00016,-0.48325
148.64,SYN.ETH-25SEP20,1578308341081,open,0.06,0.0,0.022,0.109,0.05756,105.59,None,0.0,ETH-25SEP20-520-C,142.01,103.91,0.054,336.0,0.061,300.0,107.16,0.32062,-0.06439,0.12162,0.00191,0.17117
146.45,ETH-26JUN20,1578308341204,open,0.48,0.0,0.461,0.525,0.492686,90.43,None,0.0,ETH-26JUN20-80-C,142.01,66.46,0.468,50.0,0.512,50.0,105.61,0.17567,-0.04621,0.28129,0.00192,0.90054
143.99,ETH-27MAR20,1578308341346,open,0.12,23.0,0.065,0.149,0.105145,83.84,0.112,0.0,ETH-27MAR20-130-P,142.01,81.39,0.101,996.0,0.109,767.0,86.12,0.24366,-0.1263,-0.13694,0.00633,-0.32408
142.27,SYN.ETH-17JAN20,1578308341468,open,0.28,0.0,0.276,0.322,0.29846,103.57,None,0.0,ETH-17JAN20-100-C,142.01,0.0,0.297,1.0,0.311,7.0,170.87,0.01171,-0.05573,0.02891,0.00187,0.98037
142.27,SYN.ETH-17JAN20,1578308341481,open,0.14,0.0,0.133,0.191,0.162238,76.8,None,0.0,ETH-17JAN20-120-C,142.01,47.06,0.157,1.0,0.182,6.0,127.76,0.03937,-0.13902,0.03176,0.0085,0.91153
146.45,ETH-26JUN20,1578308341483,open,0.48,0.0,0.461,0.525,0.492686,90.43,None,0.0,ETH-26JUN20-80-C,142.01,65.22,0.467,50.0,0.512,50.0,105.61,0.17567,-0.04621,0.28129,0.00192,0.90054
142.1,SYN.ETH-10JAN20,1578308341610,open,0.02,2663.0,0.008,0.06,0.032331,59.33,0.03,0.0,ETH-10JAN20-140-C,142.01,55.97,0.031,650.0,0.033,92.0,61.02,0.05626,-0.43062,0.00869,0.04422,0.60821
148.64,SYN.ETH-25SEP20,1578308341761,open,0.11,59.0,0.056,0.169,0.108234,96.87,0.105,0.0,ETH-25SEP20-320-C,142.01,95.08,0.103,394.0,0.112,291.0,98.14,0.43921,-0.08092,0.20629,0.00285,0.30093
148.64,SYN.ETH-25SEP20,1578308341761,open,0.09,14.0,0.045,0.151,0.092448,98.81,0.078,0.0,ETH-25SEP20-360-C,142.01,97.19,0.088,364.0,0.096,294.0,100.09,0.4112,-0.07728,0.18206,0.00262,0.26252
148.64,SYN.ETH-25SEP20,1578308341761,open,0.08,103.0,0.036,0.135,0.078973,100.08,0.067,0.0,ETH-25SEP20-400-C,142.01,98.92,0.076,365.0,0.082,301.0,101.25,0.38246,-0.07281,0.16102,0.0024,0.22939
148.64,SYN.ETH-25SEP20,1578308341761,open,0.07,45.0,0.03,0.125,0.070821,102.28,0.057,0.0,ETH-25SEP20-440-C,142.01,100.69,0.067,355.0,0.074,298.0,103.58,0.36067,-0.07017,0.14598,0.00222,0.20718
148.64,SYN.ETH-25SEP20,1578308341761,open,0.06,67.0,0.025,0.116,0.063099,103.8,0.055,0.0,ETH-25SEP20-480-C,142.01,101.98,0.059,403.0,0.066,300.0,105.07,0.3386,-0.06685,0.13229,0.00205,0.18667
146.45,ETH-26JUN20,1578308341830,open,0.02,1396.0,0.006,0.032,0.015746,94.94,0.015,0.0,ETH-26JUN20-60-P,142.0,92.19,0.014,766.0,0.018,1.0,98.31,0.09526,-0.02631,-0.04189,0.00099,-0.045
143.99,ETH-27MAR20,1578308341830,open,0.02,2246.0,0.006,0.049,0.021982,98.97,0.022,0.0,ETH-27MAR20-280-C,142.0,97.89,0.021,544.0,0.022,2.0,98.99,0.13246,-0.08105,0.03003,0.00291,0.11611
146.45,ETH-26JUN20,1578308341830,open,0.04,1008.0,0.018,0.066,0.038957,90.46,0.05,0.0,ETH-26JUN20-80-P,142.0,87.11,0.035,832.0,0.043,498.0,93.78,0.17572,-0.04624,-0.09548,0.00192,-0.0995
146.45,ETH-26JUN20,1578308341830,open,0.06,434.0,0.025,0.105,0.059334,98.68,0.057,0.0,ETH-26JUN20-320-C,142.0,96.97,0.056,462.0,0.062,297.0,100.03,0.28747,-0.08253,0.10207,0.00288,0.20735
146.45,ETH-26JUN20,1578308341830,open,0.03,195.0,0.007,0.059,0.025926,109.96,0.026,0.0,ETH-26JUN20-520-C,142.0,108.28,0.024,338.0,0.028,575.0,111.69,0.17176,-0.05494,0.04864,0.00155,0.09645
143.99,ETH-27MAR20,1578308341830,open,0.04,1342.0,0.019,0.081,0.045785,92.03,0.042,0.0,ETH-27MAR20-220-C,142.0,90.02,0.043,578.0,0.048,344.0,93.59,0.20228,-0.11508,0.05656,0.00478,0.22305
146.45,ETH-26JUN20,1578308341830,open,0.1,566.0,0.054,0.153,0.100009,93.09,0.087,0.0,ETH-26JUN20-240-C,142.0,91.05,0.095,780.0,0.105,427.0,95.1,0.36169,-0.09795,0.15514,0.00385,0.32497
146.44,ETH-26JUN20,1578308341830,open,0.6,3.0,0.585,0.628,0.606022,94.94,0.588,0.0,ETH-26JUN20-60-C,142.0,55.03,0.591,54.0,0.611,54.0,102.13,0.09526,-0.02631,0.24064,0.00099,0.955
143.99,ETH-27MAR20,1578308341830,open,0.15,605.0,0.095,0.19,0.140736,83.81,0.148,0.0,ETH-27MAR20-140-P,142.0,81.75,0.137,252.0,0.145,252.0,86.16,0.26083,-0.13514,-0.17066,0.00677,-0.39416
146.44,ETH-26JUN20,1578308341830,open,0.02,315.0,0.005,0.052,0.020956,113.78,0.023,0.0,ETH-26JUN20-600-C,142.0,111.78,0.019,340.0,0.023,770.0,115.76,0.14714,-0.04871,0.03962,0.00128,0.07841
146.44,ETH-26JUN20,1578308341830,open,0.03,379.0,0.009,0.066,0.02991,108.31,0.024,0.0,ETH-26JUN20-480-C,142.0,105.99,0.027,439.0,0.032,909.0,109.9,0.18914,-0.05959,0.05533,0.00173,0.11015
143.99,ETH-27MAR20,1578308341831,open,0.08,1707.0,0.042,0.114,0.075517,84.27,0.089,0.0,ETH-27MAR20-120-P,142.0,81.94,0.072,999.0,0.079,780.0,86.56,0.21779,-0.11346,-0.10556,0.00563,-0.25533
146.44,ETH-26JUN20,1578308341831,open,0.09,643.0,0.046,0.12,0.080224,89.28,0.093,0.0,ETH-26JUN20-100-P,142.0,85.19,0.073,794.0,0.087,284.0,93.07,0.2604,-0.06763,-0.177,0.00289,-0.17646
146.44,ETH-26JUN20,1578308341831,open,0.07,610.0,0.036,0.125,0.075641,96.01,0.07,0.0,ETH-26JUN20-280-C,142.0,93.89,0.071,480.0,0.079,293.0,97.52,0.32362,-0.09039,0.12467,0.00334,0.25643
146.44,ETH-26JUN20,1578308341831,open,0.04,4069.0,0.014,0.081,0.04061,103.99,0.037,0.0,ETH-26JUN20-400-C,142.0,102.31,0.038,363.0,0.043,300.0,105.49,0.2307,-0.06979,0.07306,0.0022,0.14656
146.44,ETH-26JUN20,1578308341831,open,0.11,831.0,0.067,0.171,0.116996,91.61,0.116,0.0,ETH-26JUN20-220-C,142.0,89.28,0.111,734.0,0.122,283.0,93.53,0.37925,-0.10107,0.17412,0.0041,0.36951
143.99,ETH-27MAR20,1578308341831,open,0.01,1505.0,0.001,0.028,0.00969,114.35,0.011,0.0,ETH-27MAR20-400-C,142.0,110.76,0.008,827.0,0.011,1314.0,116.88,0.07174,-0.05072,0.01339,0.00137,0.05166
146.44,ETH-26JUN20,1578308341831,open,0.02,635.0,0.005,0.048,0.018977,115.39,0.019,0.0,ETH-26JUN20-640-C,142.0,113.21,0.017,363.0,0.021,1020.0,117.5,0.13676,-0.04591,0.03604,0.00117,0.07124
143.99,ETH-27MAR20,1578308341831,open,0.01,1747.0,0.001,0.02,0.00592,120.0,0.005,0.0,ETH-27MAR20-480-C,142.0,117.14,0.005,825.0,0.007,650.0,123.01,0.04892,-0.03629,0.00839,0.00089,0.03222
146.44,ETH-26JUN20,1578308341831,open,0.14,2035.0,0.088,0.185,0.134694,87.04,0.18,0.0,ETH-26JUN20-120-P,142.0,84.5,0.129,743.0,0.14,943.0,89.41,0.32831,-0.08314,-0.27471,0.00374,-0.26369
146.44,ETH-26JUN20,1578308341831,open,0.05,778.0,0.018,0.091,0.048222,101.31,0.032,0.0,ETH-26JUN20-360-C,142.0,99.44,0.045,419.0,0.051,300.0,102.87,0.2562,-0.0755,0.08535,0.0025,0.17199
143.99,ETH-27MAR20,1578308341832,open,0.16,1157.0,0.123,0.212,0.168416,83.79,0.163,0.0,ETH-27MAR20-140-C,142.0,81.36,0.164,790.0,0.172,50.0,85.77,0.26083,-0.13512,0.13956,0.00678,0.60583
146.44,ETH-26JUN20,1578308341834,open,0.65,0.0,0.539,0.704,0.619215,91.57,None,0.0,ETH-26JUN20-220-P,142.0,0.0,0.502,50.0,0.0,0.0,0.0,0.3792,-0.10101,-0.86188,0.0041,-0.63065
143.99,ETH-27MAR20,1578308341834,open,0.0,5912.0,0.001,0.012,0.002058,120.0,0.005,0.0,ETH-27MAR20-600-C,142.0,125.42,0.003,384.0,0.004,249.0,129.99,0.0218,-0.01617,0.0033,0.0004,0.01241
146.44,ETH-26JUN20,1578308341834,open,0.02,295.0,0.006,0.055,0.02331,112.04,0.017,0.0,ETH-26JUN20-560-C,142.0,109.85,0.021,383.0,0.025,612.0,113.57,0.15897,-0.05182,0.04385,0.00141,0.0869
146.44,ETH-26JUN20,1578308341835,open,0.03,752.0,0.011,0.072,0.034377,106.1,0.03,0.0,ETH-26JUN20-440-C,142.0,104.39,0.032,364.0,0.037,655.0,107.92,0.20766,-0.06409,0.06297,0.00194,0.12569
148.64,SYN.ETH-25SEP20,1578308341831,open,0.05,51.0,0.018,0.099,0.050469,106.02,0.047,0.0,ETH-25SEP20-560-C,142.0,105.28,0.049,366.0,0.051,3.0,106.29,0.29781,-0.06006,0.10959,0.00177,0.15284
142.62,SYN.ETH-31JAN20,1578308341831,open,0.07,1950.0,0.049,0.114,0.079283,67.65,0.077,0.0,ETH-31JAN20-140-C,142.0,64.44,0.076,164.0,0.081,903.0,69.33,0.14579,-0.19824,0.04834,0.01555,0.57662
142.62,SYN.ETH-31JAN20,1578308341830,open,0.02,1540.0,0.005,0.039,0.018204,74.4,0.026,0.0,ETH-31JAN20-120-P,142.0,72.5,0.017,217.0,0.02,484.0,77.17,0.09134,-0.1366,-0.01752,0.00886,-0.16203
142.62,SYN.ETH-31JAN20,1578308341833,open,0.07,555.0,0.033,0.097,0.060988,67.72,0.085,0.0,ETH-31JAN20-140-P,142.0,65.77,0.059,164.0,0.064,240.0,70.66,0.14579,-0.19843,-0.04708,0.01553,-0.42339
148.64,SYN.ETH-25SEP20,1578308341846,open,0.57,0.0,0.461,0.632,0.545249,89.73,None,0.0,ETH-25SEP20-200-P,142.0,0.0,0.0,0.0,0.58,1.0,100.0,0.50322,-0.08589,-1.1228,0.00352,-0.50358
144.0,ETH-27MAR20,1578308341850,open,0.51,0.0,0.503,0.545,0.523102,101.16,None,0.0,ETH-27MAR20-70-C,142.0,53.7,0.514,49.0,0.531,48.0,117.8,0.05818,-0.03639,0.13946,0.00125,0.96019
7639.88,SYN.BTC-28FEB20,1578308341887,open,0.23,0.3,0.211,0.262,0.23491098,66.51,0.1885,0.0,BTC-28FEB20-6000-C,7557.1,54.96,0.226,15.0,0.238,15.0,70.07,6.4667,-4.06689,6.9201,0.00011,0.86017
7639.88,SYN.BTC-28FEB20,1578308341887,open,0.35,0.0,0.335,0.373,0.35246167,74.93,None,0.0,BTC-28FEB20-5000-C,7557.1,0.0,0.3455,11.2,0.3655,11.0,99.45,3.07744,-2.18058,6.59502,5e-05,0.94835
7639.88,SYN.BTC-28FEB20,1578308341887,open,0.29,0.0,0.2715,0.3155,0.29183285,69.96,None,0.0,BTC-28FEB20-5500-C,7557.1,37.13,0.2805,10.0,0.309,10.0,93.68,4.55493,-3.01321,6.88855,8e-05,0.91424
7639.88,SYN.BTC-28FEB20,1578308341892,open,0.34,0.0,0.2965,0.374,0.33171863,68.08,None,0.0,BTC-28FEB20-10000-P,7557.1,0.0,0.0,0.0,0.0,0.0,0.0,7.67195,-4.9389,-12.72921,0.00013,-0.81842
7639.88,SYN.BTC-28FEB20,1578308341892,open,0.28,0.0,0.2375,0.3135,0.27237501,65.3,None,0.0,BTC-28FEB20-9500-P,7557.1,0.0,0.0,0.0,0.0,0.0,0.0,8.73987,-5.39649,-11.58228,0.00016,-0.77414
7639.88,SYN.BTC-28FEB20,1578308341892,open,0.22,0.0,0.183,0.259,0.21782857,64.31,None,0.0,BTC-28FEB20-9000-P,7557.1,39.02,0.189,1.4,0.2885,0.6,113.67,9.98871,-6.07437,-10.24447,0.00018,-0.70781
7574.3,SYN.BTC-17JAN20,1578308341896,open,0.02,113.2,0.0065,0.045,0.01628033,49.61,0.017,0.0,BTC-17JAN20-7250-P,7557.1,47.43,0.015,61.5,0.0175,40.5,51.66,4.47445,-10.20576,-0.69093,0.00053,-0.28986
7574.3,SYN.BTC-17JAN20,1578308341907,open,0.03,305.3,0.0245,0.0715,0.03808731,48.09,0.0355,0.0,BTC-17JAN20-7500-C,7557.1,45.76,0.0365,39.2,0.039,0.5,49.44,5.14942,-11.38526,1.18615,0.00063,0.56366
7574.3,SYN.BTC-17JAN20,1578308341910,open,0.03,45.8,0.0165,0.0625,0.02827845,48.11,0.0295,0.0,BTC-17JAN20-7500-P,7557.1,46.22,0.027,6.5,0.03,34.5,50.63,5.14944,-11.38857,-1.04862,0.00063,-0.43635
7574.3,SYN.BTC-17JAN20,1578308341912,open,0.02,151.3,0.013,0.055,0.02316768,48.09,0.0225,0.0,BTC-17JAN20-7750-C,7557.1,46.35,0.022,39.0,0.0225,8.9,47.1,5.07423,-11.21947,0.86674,0.00062,0.40721
7574.3,SYN.BTC-17JAN20,1578308341913,open,0.03,45.8,0.0165,0.0625,0.02827845,48.11,0.0295,0.0,BTC-17JAN20-7500-P,7557.1,46.22,0.027,0.5,0.03,34.5,50.63,5.14944,-11.38857,-1.04862,0.00063,-0.43635
7835.47,BTC-26JUN20,1578308341916,open,0.01,52.1,0.004,0.043,0.01508849,99.69,0.015,0.0,BTC-26JUN20-28000-C,7557.12,97.79,0.0135,34.0,0.0165,13.7,101.28,6.7609,-1.96072,1.81596,2e-05,0.06431
7835.47,BTC-26JUN20,1578308341916,open,0.06,591.8,0.029,0.103,0.05778715,82.13,0.056,0.0,BTC-26JUN20-14000-C,7557.12,81.26,0.056,21.4,0.059,0.1,82.71,16.21494,-3.87396,6.25099,7e-05,0.22721
7683.68,BTC-27MAR20,1578308341916,open,0.36,136.4,0.3095,0.404,0.35239294,73.9,0.447,0.0,BTC-27MAR20-10000-P,7557.12,69.8,0.346,14.0,0.374,13.1,87.0,12.17012,-5.55995,-18.2619,0.00013,-0.72024
7683.68,BTC-27MAR20,1578308341916,open,1.37,0.0,1.299,1.4125,1.3504148,95.94,1.23,0.0,BTC-27MAR20-18000-P,7557.12,0.0,0.0015,10.0,0.0,0.0,0.0,3.64252,-2.16041,-39.19022,3e-05,-0.95147
7835.47,BTC-26JUN20,1578308341916,open,0.4,0.0,0.377,0.4385,0.40457461,75.12,None,0.0,BTC-26JUN20-5000-C,7557.12,56.46,0.3805,14.0,0.4285,14.0,90.72,11.33859,-2.47787,17.19442,5e-05,0.87059
7835.47,BTC-26JUN20,1578308341916,open,0.02,490.9,0.008,0.039,0.01908608,78.52,0.022,0.0,BTC-26JUN20-4000-P,7557.12,78.42,0.019,0.5,0.0195,15.5,79.0,6.78514,-1.54991,-3.08784,3e-05,-0.0646
7835.47,BTC-26JUN20,1578308341916,open,0.02,18.5,0.006,0.0515,0.02009274,95.82,0.02,0.0,BTC-26JUN20-24000-C,7557.12,94.29,0.0185,15.0,0.0215,13.7,97.12,8.35083,-2.32784,2.38687,3e-05,0.08478
7683.68,BTC-27MAR20,1578308341916,open,1.11,1.2,1.045,1.151,1.09286889,90.59,1.4,0.0,BTC-27MAR20-16000-P,7557.12,0.0,0.6425,1.0,1.3325,0.1,249.47,4.63661,-2.59683,-34.50927,4e-05,-0.93407
7683.7,BTC-27MAR20,1578308341916,open,0.36,2.1,0.3445,0.39,0.36493493,75.56,0.3345,0.0,BTC-27MAR20-5000-C,7557.12,52.29,0.3525,17.0,0.377,17.0,90.46,5.52282,-2.57979,9.401,6e-05,0.91711
7683.7,BTC-27MAR20,1578308341916,open,2.15,0.0,2.063,2.2005,2.1270233,106.89,None,0.0,BTC-27MAR20-24000-P,7557.12,0.0,0.0015,10.0,0.0,0.0,0.0,1.9061,-1.2596,-52.86223,1e-05,-0.97789
7683.7,BTC-27MAR20,1578308341916,open,3.72,0.0,3.594,3.7835,3.68567284,109.73,None,0.0,BTC-27MAR20-36000-P,7557.12,0.0,0.0015,10.0,0.0,0.0,0.0,0.3458,-0.23459,-79.7215,0.0,-0.99685
7835.47,BTC-26JUN20,1578308341916,open,2.61,0.0,2.5085,2.6855,2.58860009,99.71,None,0.0,BTC-26JUN20-28000-P,7557.12,0.0,0.002,1.0,0.0,0.0,0.0,6.76571,-1.96253,-130.03239,2e-05,-0.93564
7835.47,BTC-26JUN20,1578308341916,open,1.6,0.1,1.514,1.6615,1.57966557,90.24,1.85,0.0,BTC-26JUN20-20000-P,7557.12,0.0,0.0005,5.0,1.88,0.1,216.24,10.39569,-2.72905,-90.96117,4e-05,-0.88563
7835.47,BTC-26JUN20,1578308341916,open,1.34,1.1,1.268,1.4095,1.33069871,87.54,1.35,0.0,BTC-26JUN20-18000-P,7557.12,0.0,0.9,0.1,2.1,0.1,437.35,11.91669,-3.03458,-80.86164,5e-05,-0.86087
7683.7,BTC-27MAR20,1578308341916,open,0.05,1196.6,0.0265,0.0865,0.05096709,73.92,0.0495,0.0,BTC-27MAR20-10000-C,7557.12,72.99,0.0495,19.3,0.052,3.0,74.57,12.17208,-5.56243,3.89682,0.00013,0.27985
7683.7,BTC-27MAR20,1578308341916,open,1.63,5.2,1.5535,1.674,1.60866162,99.91,2.035,0.0,BTC-27MAR20-20000-P,7557.12,0.0,0.0015,10.0,0.0,0.0,0.0,2.86055,-1.76684,-43.80029,2e-05,-0.96399
7683.7,BTC-27MAR20,1578308341916,open,0.25,102.3,0.2055,0.2965,0.24702294,71.92,0.335,0.0,BTC-27MAR20-9000-P,7557.12,69.95,0.2435,10.0,0.259,6.8,78.53,13.80321,-6.13698,-14.71177,0.00015,-0.61709
7835.47,BTC-26JUN20,1578308341916,open,0.62,8.2,0.5565,0.6855,0.61465023,79.95,0.8905,0.0,BTC-26JUN20-12000-P,7557.12,0.0,0.09,1.5,0.91,0.1,190.77,18.90577,-4.39739,-48.22424,8e-05,-0.69236
7835.47,BTC-26JUN20,1578308341916,open,0.41,136.4,0.345,0.4665,0.3999727,77.22,0.46,0.0,BTC-26JUN20-10000-P,7557.12,74.43,0.3925,8.3,0.4325,6.6,89.23,21.0449,-4.7275,-36.06365,9e-05,-0.57745
7835.47,BTC-26JUN20,1578308341916,open,0.01,165.3,0.0005,0.018,0.00694512,84.17,0.0095,0.0,BTC-26JUN20-3000-P,7557.12,83.06,0.0065,29.0,0.0075,13.0,85.5,3.19861,-0.78323,-1.19836,1e-05,-0.02553
7835.47,BTC-26JUN20,1578308341916,open,0.02,78.0,0.005,0.0455,0.0166075,97.1,0.014,0.0,BTC-26JUN20-26000-C,7557.12,95.89,0.0155,42.3,0.0175,2.0,98.04,7.31462,-2.06623,2.01444,3e-05,0.0712
7683.7,BTC-27MAR20,1578308341917,open,3.46,0.0,3.3385,3.519,3.42547839,108.21,None,0.0,BTC-27MAR20-34000-P,7557.12,0.0,0.0015,10.0,0.0,0.0,0.0,0.41373,-0.27677,-75.27975,0.0,-0.99615
7835.47,BTC-26JUN20,1578308341916,open,1.85,0.0,1.7615,1.9155,1.83039086,92.74,None,0.0,BTC-26JUN20-22000-P,7557.12,0.0,0.11,1.0,2.22,0.1,255.3,9.1651,-2.47254,-100.88613,3e-05,-0.9039
7835.47,BTC-26JUN20,1578308341916,open,0.12,383.3,0.0825,0.1765,0.12371856,77.22,0.123,0.0,BTC-26JUN20-10000-C,7557.12,76.2,0.121,12.6,0.1255,10.2,77.88,21.04481,-4.72733,11.02549,9e-05,0.42254
7835.49,BTC-26JUN20,1578308341917,open,0.22,163.7,0.169,0.273,0.21572931,74.95,0.2255,0.0,BTC-26JUN20-8000-P,7557.12,72.81,0.21,18.8,0.222,16.3,77.29,20.95248,-4.56823,-23.24238,0.0001,-0.4142
7835.49,BTC-26JUN20,1578308341917,open,0.25,136.2,0.2085,0.2985,0.24991692,74.94,0.2415,0.0,BTC-26JUN20-7000-C,7557.12,73.14,0.2455,8.2,0.2505,15.2,75.18,19.14948,-4.17495,15.98303,9e-05,0.6831
7835.49,BTC-26JUN20,1578308341917,open,0.03,275.0,0.013,0.0715,0.03344125,87.53,0.031,0.0,BTC-26JUN20-18000-C,7557.12,86.57,0.032,27.0,0.0345,0.1,88.22,11.91482,-3.03383,3.89821,5e-05,0.13909
7835.49,BTC-26JUN20,1578308341917,open,2.87,0.0,2.7575,2.942,2.84158812,100.83,None,0.0,BTC-26JUN20-30000-P,7557.12,0.0,0.002,1.0,0.0,0.0,0.0,6.01781,-1.76515,-139.69698,2e-05,-0.94457
7835.49,BTC-26JUN20,1578308341917,open,0.01,93.7,0.003,0.0385,0.01282569,100.79,0.013,0.0,BTC-26JUN20-30000-C,7557.12,99.69,0.012,42.3,0.0135,29.0,101.66,6.0095,-1.76205,1.56822,2e-05,0.05533
7835.49,BTC-26JUN20,1578308341917,open,1.1,5.0,1.0245,1.1615,1.08549783,85.15,1.22,0.0,BTC-26JUN20-16000-P,7557.12,0.0,0.56,1.0,2.0,0.1,500.0,13.92343,-3.44886,-70.44452,6e-05,-0.82374
7683.7,BTC-27MAR20,1578308341917,open,0.6,55.3,0.5445,0.6415,0.58815404,79.51,0.694,0.0,BTC-27MAR20-12000-P,7557.12,0.0,0.5565,6.0,0.628,6.0,108.64,8.71645,-4.28452,-24.35428,8e-05,-0.84232
7835.49,BTC-26JUN20,1578308341917,open,0.86,13.4,0.7855,0.918,0.84454295,82.13,1.1,0.0,BTC-26JUN20-14000-P,7557.12,0.0,0.5,1.0,1.35,0.1,281.34,16.21627,-3.87458,-59.67324,7e-05,-0.77276
7683.7,BTC-27MAR20,1578308341917,open,2.41,0.0,2.318,2.4645,2.38666891,109.96,None,0.0,BTC-27MAR20-26000-P,7557.12,0.0,0.0015,10.0,0.0,0.0,0.0,1.60314,-1.0898,-57.35225,1e-05,-0.98197
7835.49,BTC-26JUN20,1578308341917,open,0.03,968.5,0.0095,0.0625,0.02715728,90.23,0.0285,0.0,BTC-26JUN20-20000-C,7557.12,89.35,0.026,26.6,0.028,0.1,90.86,10.39323,-2.7281,3.21637,4e-05,0.11433
7835.49,BTC-26JUN20,1578308341917,open,0.51,0.5,0.4895,0.5335,0.50858613,78.52,0.589,0.0,BTC-26JUN20-4000-C,7557.12,57.43,0.4945,9.0,0.5115,9.0,81.79,6.78481,-1.54979,15.74808,3e-05,0.9354
7683.7,BTC-27MAR20,1578308341917,open,1.89,5.6,1.8085,1.937,1.86776503,103.98,1.545,0.0,BTC-27MAR20-22000-P,7557.12,0.0,0.0015,10.0,0.0,0.0,0.0,2.35316,-1.51271,-48.34071,2e-05,-0.97158
7683.7,BTC-27MAR20,1578308341917,open,4.24,1.0,4.104,4.3135,4.20592709,103.71,4.54,0.0,BTC-27MAR20-40000-P,7557.12,0.0,0.0015,10.0,0.0,0.0,0.0,0.10578,-0.06782,-88.61803,0.0,-0.99914
7835.49,BTC-26JUN20,1578308341917,open,2.1,0.0,2.0105,2.1725,2.08310269,95.84,None,0.0,BTC-26JUN20-24000-P,7557.12,0.0,0.002,1.0,0.0,0.0,0.0,8.35621,-2.32987,-110.62547,3e-05,-0.91514
7563.17,SYN.BTC-10JAN20,1578308341915,open,0.2,0.0,0.167,0.2185,0.19073681,83.63,None,0.0,BTC-10JAN20-9000-P,7557.12,0.0,0.0005,5.0,0.0,0.0,0.0,0.44199,-4.76869,-0.93689,9e-05,-0.97588
7952.64,SYN.BTC-25SEP20,1578308341915,open,0.35,2.3,0.282,0.409,0.33940567,75.77,0.395,0.0,BTC-25SEP20-9000-P,7557.12,74.46,0.335,1.0,0.344,8.0,77.14,26.70127,-3.84796,-45.13601,8e-05,-0.44865
7835.49,BTC-26JUN20,1578308341918,open,0.09,362.6,0.054,0.1265,0.08495471,74.95,0.082,0.0,BTC-26JUN20-6000-P,7557.12,73.98,0.083,15.8,0.0845,0.8,74.72,15.87218,-3.46055,-11.20902,7e-05,-0.21884
7835.49,BTC-26JUN20,1578308341918,open,0.32,25.9,0.283,0.3615,0.31920222,74.94,0.2975,0.0,BTC-26JUN20-6000-C,7557.12,71.62,0.3125,20.4,0.326,14.0,78.29,15.87206,-3.46039,17.04484,7e-05,0.78116
7835.49,BTC-26JUN20,1578308341917,open,0.31,105.4,0.254,0.3695,0.30622753,77.22,0.31,0.0,BTC-26JUN20-9000-P,7557.12,73.67,0.2965,12.8,0.3265,11.4,84.63,21.45035,-4.81861,-29.69619,0.0001,-0.49862
7639.88,SYN.BTC-28FEB20,1578308341915,open,0.46,0.0,0.418,0.497,0.4539605,72.27,None,0.0,BTC-28FEB20-11000-P,7557.12,0.0,0.0,0.0,0.0,0.0,0.0,5.73068,-3.91638,-14.79138,9e-05,-0.88251
7683.7,BTC-27MAR20,1578308341918,open,2.67,0.0,2.573,2.727,2.64601071,109.94,None,0.0,BTC-27MAR20-28000-P,7557.12,0.0,0.0015,10.0,0.0,0.0,0.0,1.17406,-0.79798,-61.86095,1e-05,-0.98745
7835.49,BTC-26JUN20,1578308341918,open,3.12,0.0,3.008,3.2035,3.09708719,104.71,None,0.0,BTC-26JUN20-32000-P,7557.12,0.0,0.002,1.0,0.0,0.0,0.0,5.9748,-1.82006,-149.14255,2e-05,-0.94508
7683.7,BTC-27MAR20,1578308341918,open,3.19,0.0,3.0835,3.2545,3.16547044,108.78,None,0.0,BTC-27MAR20-32000-P,7557.12,0.0,0.0015,10.0,0.0,0.0,0.0,0.58774,-0.39526,-70.82144,0.0,-0.9943
7835.49,BTC-26JUN20,1578308341918,open,2.36,0.0,2.259,2.4275,2.33486827,97.13,None,0.0,BTC-26JUN20-26000-P,7557.12,0.0,0.002,1.0,0.0,0.0,0.0,7.32105,-2.06862,-120.4155,3e-05,-0.92871
7952.64,SYN.BTC-25SEP20,1578308341915,open,0.44,0.0,0.4065,0.4785,0.43901267,75.55,None,0.0,BTC-25SEP20-5000-C,7557.12,61.61,0.413,8.0,0.4665,8.0,89.14,15.60607,-2.24245,23.64541,5e-05,0.85185
7835.49,BTC-26JUN20,1578308341918,open,0.01,186.9,0.0035,0.0395,0.01307393,104.67,0.0135,0.0,BTC-26JUN20-32000-C,7557.12,103.91,0.0125,1.0,0.0135,13.0,105.23,5.96613,-1.81671,1.54043,2e-05,0.05482
7683.7,BTC-27MAR20,1578308341919,open,2.93,0.0,2.8285,2.9905,2.90567928,109.91,None,0.0,BTC-27MAR20-30000-P,7557.12,0.0,0.0015,10.0,0.0,0.0,0.0,0.86172,-0.58554,-66.34571,1e-05,-0.9912
7574.13,SYN.BTC-17JAN20,1578308341916,open,0.14,0.0,0.104,0.159,0.1277085,54.99,None,0.0,BTC-17JAN20-8500-P,7557.12,0.0,0.0785,2.2,0.179,2.2,146.91,2.63851,-6.67076,-2.2708,0.00028,-0.87849
7952.64,SYN.BTC-25SEP20,1578308341915,open,0.08,5.3,0.0445,0.138,0.0818745,83.25,0.083,0.0,BTC-25SEP20-16000-C,7557.12,82.57,0.08,0.1,0.0835,9.6,83.83,21.99008,-3.48184,10.33305,6e-05,0.26228
7596.05,SYN.BTC-31JAN20,1578308341916,open,0.09,148.7,0.063,0.1195,0.08814179,54.02,0.1,0.0,BTC-31JAN20-8000-P,7557.12,51.86,0.086,30.4,0.091,14.4,56.88,7.57001,-8.21932,-3.64906,0.00036,-0.61673
7952.64,SYN.BTC-25SEP20,1578308341915,open,1.11,1.1,1.0225,1.1825,1.09375178,83.23,1.25,0.0,BTC-25SEP20-16000-P,7557.12,56.88,1.034,2.0,1.1425,2.0,99.7,21.98734,-3.4809,-104.90186,6e-05,-0.73778
7952.64,SYN.BTC-25SEP20,1578308341916,open,0.15,33.8,0.104,0.213,0.15178372,77.9,0.151,0.0,BTC-25SEP20-11000-C,7557.12,76.92,0.1485,20.9,0.154,0.2,78.56,26.58159,-3.93851,16.30055,7e-05,0.43638
7952.64,SYN.BTC-25SEP20,1578308341915,open,0.87,1.1,0.7935,0.948,0.86278961,81.23,0.99,0.0,BTC-25SEP20-14000-P,7557.12,60.06,0.805,2.0,0.912,2.0,96.83,24.04349,-3.71465,-88.52902,6e-05,-0.68288
7563.17,SYN.BTC-10JAN20,1578308341916,open,0.23,0.6,0.2245,0.257,0.23998387,109.64,0.186,0.0,BTC-10JAN20-5750-C,7557.12,0.0,0.2275,9.0,0.2485,9.0,207.36,0.14266,-2.01781,0.60512,2e-05,0.99348
7596.05,SYN.BTC-31JAN20,1578308341916,open,0.27,4.8,0.2295,0.291,0.25805095,63.12,0.3445,0.0,BTC-31JAN20-9500-P,7557.12,0.0,0.2085,1.0,0.309,1.0,130.78,3.50972,-4.45284,-5.98908,0.00014,-0.89883
7574.13,SYN.BTC-17JAN20,1578308341916,open,0.2,0.0,0.192,0.228,0.20928016,73.34,None,0.0,BTC-17JAN20-6000-C,7557.12,0.0,0.194,11.0,0.221,11.0,123.54,0.85218,-2.87352,1.72022,7e-05,0.97151
7952.64,SYN.BTC-25SEP20,1578308341915,open,0.65,1.0,0.5735,0.72,0.63963169,78.66,0.705,0.0,BTC-25SEP20-12000-P,7557.12,61.48,0.586,3.0,0.6905,3.0,94.0,25.87165,-3.87096,-71.64247,7e-05,-0.61121
7952.64,SYN.BTC-25SEP20,1578308341916,open,0.44,1.6,0.3715,0.506,0.43226735,76.28,0.459,0.0,BTC-25SEP20-10000-P,7557.12,71.32,0.4155,4.0,0.4495,4.0,81.37,26.9124,-3.90479,-54.0855,8e-05,-0.51204
7952.64,SYN.BTC-25SEP20,1578308341916,open,0.26,3.5,0.203,0.3195,0.25517122,75.54,0.248,0.0,BTC-25SEP20-8000-P,7557.12,72.55,0.2455,11.0,0.2595,9.0,76.88,25.6514,-3.68555,-36.25363,7e-05,-0.3778
7574.13,SYN.BTC-17JAN20,1578308341916,open,0.17,0.0,0.1585,0.197,0.17698619,67.36,0.116,0.0,BTC-17JAN20-6250-C,7557.12,0.0,0.1745,0.1,0.19,10.0,113.1,1.2074,-3.73923,1.75907,0.0001,0.95643
7952.64,SYN.BTC-25SEP20,1578308341916,open,0.21,35.2,0.1585,0.2675,0.20772471,75.77,0.204,0.0,BTC-25SEP20-9000-C,7557.12,75.11,0.2055,21.4,0.2135,8.4,77.49,26.70114,-3.84822,19.68244,8e-05,0.55137
7952.64,SYN.BTC-25SEP20,1578308341916,open,0.54,1.0,0.471,0.6125,0.53494935,77.89,0.59,0.0,BTC-25SEP20-11000-P,7557.12,61.72,0.482,3.0,0.5845,3.0,92.6,26.58128,-3.93812,-62.92258,7e-05,-0.56365
7596.05,SYN.BTC-31JAN20,1578308341916,open,0.33,0.0,0.2925,0.355,0.32156785,67.36,None,0.0,BTC-31JAN20-10000-P,7557.12,0.0,0.272,1.0,0.3725,1.0,141.99,2.66325,-3.60596,-6.47912,0.0001,-0.92998
7952.64,SYN.BTC-25SEP20,1578308341915,open,0.07,5.8,0.033,0.119,0.06604101,84.66,0.0665,0.0,BTC-25SEP20-18000-C,7557.12,83.84,0.064,9.0,0.0675,0.2,85.24,19.89858,-3.2043,8.7252,5e-05,0.21838
7952.64,SYN.BTC-25SEP20,1578308341915,open,0.03,53.6,0.017,0.0595,0.03349771,76.78,0.033,0.0,BTC-25SEP20-4000-P,7557.12,74.85,0.031,16.0,0.036,25.0,78.68,10.38401,-1.51655,-6.71423,3e-05,-0.08373
7563.17,SYN.BTC-10JAN20,1578308341916,open,0.13,0.0,0.102,0.1515,0.12517154,66.39,None,0.0,BTC-10JAN20-8500-P,7557.12,0.0,0.075,2.2,0.1755,2.2,234.03,0.76758,-6.57464,-0.8657,0.00019,-0.9528
7952.64,SYN.BTC-25SEP20,1578308341915,open,0.53,0.0,0.507,0.56,0.53052839,76.79,None,0.0,BTC-25SEP20-4000-C,7557.12,61.08,0.5125,8.0,0.5505,8.0,90.95,10.38488,-1.5168,22.09305,3e-05,0.91626
7596.05,SYN.BTC-31JAN20,1578308341918,open,0.1,380.1,0.0795,0.1295,0.10348977,55.73,0.101,0.0,BTC-31JAN20-7000-C,7557.12,52.78,0.101,17.9,0.1045,17.7,56.91,6.4689,-7.24579,3.28018,0.0003,0.73711
7574.13,SYN.BTC-17JAN20,1578308341916,open,0.1,0.0,0.0755,0.1315,0.09780192,52.07,None,0.0,BTC-17JAN20-8250-P,7557.12,0.0,0.0635,3.0,0.17,1.4,167.7,3.45995,-8.2827,-2.06576,0.00039,-0.81754
7596.05,SYN.BTC-31JAN20,1578308341916,open,0.27,20.2,0.2625,0.2985,0.27929493,74.65,0.2455,0.0,BTC-31JAN20-5500-C,7557.12,0.0,0.264,10.0,0.2915,10.0,109.34,1.6985,-2.54868,3.52548,6e-05,0.9603
7596.05,SYN.BTC-31JAN20,1578308341917,open,0.59,0.0,0.5495,0.619,0.58177605,85.05,None,0.0,BTC-31JAN20-12000-P,7557.12,0.0,0.0015,10.0,0.0,0.0,0.0,1.18496,-2.02558,-8.05581,4e-05,-0.97433
7596.05,SYN.BTC-31JAN20,1578308341918,open,0.34,18.4,0.329,0.36,0.34348353,82.47,0.295,0.0,BTC-31JAN20-5000-C,7557.12,0.0,0.3305,11.0,0.353,11.0,121.7,0.96757,-1.60391,3.29424,3e-05,0.97982
7596.05,SYN.BTC-31JAN20,1578308341918,open,0.46,0.0,0.4205,0.4865,0.45121438,77.0,None,0.0,BTC-31JAN20-11000-P,7557.12,0.0,0.002,0.1,0.0,0.0,0.0,1.73648,-2.68749,-7.30159,6e-05,-0.9592
7596.05,SYN.BTC-31JAN20,1578308341917,open,0.2,10.4,0.168,0.2285,0.1960874,58.68,0.272,0.0,BTC-31JAN20-9000-P,7557.12,0.0,0.147,1.0,0.2475,1.0,119.87,4.65197,-5.48679,-5.40833,0.0002,-0.84862
7952.64,SYN.BTC-25SEP20,1578308341916,open,0.1,63.2,0.0605,0.161,0.102397,81.24,0.101,0.0,BTC-25SEP20-14000-C,7557.12,80.44,0.1,0.1,0.104,9.6,81.77,24.04509,-3.71534,12.30118,6e-05,0.31717
7596.05,SYN.BTC-31JAN20,1578308341917,open,0.53,0.0,0.485,0.553,0.51646385,81.42,None,0.0,BTC-31JAN20-11500-P,7557.12,0.0,0.0015,10.0,0.0,0.0,0.0,1.44293,-2.36148,-7.68215,5e-05,-0.96746
7952.64,SYN.BTC-25SEP20,1578308341916,open,1.34,1.1,1.256,1.421,1.32940294,84.65,1.33,0.0,BTC-25SEP20-18000-P,7557.12,48.8,1.269,1.0,1.379,1.0,102.59,19.89447,-3.20307,-120.91446,5e-05,-0.7817
7563.17,SYN.BTC-10JAN20,1578308341916,open,0.17,0.0,0.157,0.1935,0.17432574,91.81,None,0.0,BTC-10JAN20-6250-C,7557.12,0.0,0.16,11.8,0.1845,10.4,168.67,0.37008,-4.38314,0.64739,7e-05,0.98045
7952.64,SYN.BTC-25SEP20,1578308341915,open,0.06,76.7,0.026,0.1075,0.05649329,86.93,0.054,0.0,BTC-25SEP20-20000-C,7557.12,86.28,0.055,1.0,0.0575,14.9,87.37,18.26113,-3.01939,7.5952,5e-05,0.1891
7563.17,SYN.BTC-10JAN20,1578308341916,open,0.0,174.2,0.0005,0.0105,0.00023094,108.75,0.0005,0.0,BTC-10JAN20-5750-P,7557.12,0.0,0.0,0.0,0.0005,0.1,119.94,0.13593,-1.74661,-0.00514,2e-05,-0.00618
7563.17,SYN.BTC-10JAN20,1578308341916,open,0.17,0.0,0.1345,0.185,0.15794955,75.98,None,0.0,BTC-10JAN20-8750-P,7557.12,0.0,0.1075,2.2,0.208,2.2,255.08,0.5906,-5.78912,-0.90248,0.00013,-0.96582
7563.17,SYN.BTC-10JAN20,1578308341916,open,0.2,1.8,0.1905,0.2245,0.20692795,94.23,0.197,0.0,BTC-10JAN20-6000-C,7557.12,0.0,0.1935,9.0,0.216,9.0,185.58,0.16117,-1.95926,0.63089,3e-05,0.99251
7596.05,SYN.BTC-31JAN20,1578308341916,open,0.21,52.3,0.197,0.238,0.21627872,66.46,0.1805,0.0,BTC-31JAN20-6000-C,7557.12,0.0,0.197,16.0,0.2315,16.0,97.27,2.78043,-3.71442,3.6738,0.00011,0.92593
7596.05,SYN.BTC-31JAN20,1578308341916,open,0.15,51.5,0.134,0.1805,0.156224,59.6,0.13,0.0,BTC-31JAN20-6500-C,7557.12,53.75,0.153,44.6,0.157,15.9,60.92,4.41838,-5.29272,3.64226,0.00019,0.85978
7952.64,SYN.BTC-25SEP20,1578308341916,open,0.36,2.0,0.323,0.411,0.36343994,75.55,0.361,0.0,BTC-25SEP20-6000-C,7557.12,66.43,0.3405,7.0,0.3695,7.0,77.93,20.17065,-2.89831,23.65124,6e-05,0.77638
7574.13,SYN.BTC-17JAN20,1578308341916,open,0.27,0.0,0.2595,0.2915,0.27457785,86.6,None,0.0,BTC-17JAN20-5500-C,7557.12,0.0,0.2615,15.0,0.284,15.0,145.18,0.44824,-1.78451,1.60699,3e-05,0.98664
7952.64,SYN.BTC-25SEP20,1578308341955,open,0.1,63.2,0.0605,0.161,0.10239322,81.24,0.101,0.0,BTC-25SEP20-14000-C,7557.12,80.44,0.1,0.1,0.104,0.2,81.77,24.04509,-3.71534,12.30118,6e-05,0.31717
143.3,SYN.ETH-28FEB20,1578308342127,open,0.09,91.0,0.061,0.136,0.097809,77.34,0.089,0.0,ETH-28FEB20-150-C,142.0,74.83,0.094,164.0,0.1,597.0,78.78,0.21759,-0.15913,0.08284,0.00946,0.49683
143.99,ETH-27MAR20,1578308342136,open,0.16,1157.0,0.123,0.212,0.168416,83.79,0.163,0.0,ETH-27MAR20-140-C,142.0,81.36,0.164,790.0,0.172,307.0,85.77,0.26083,-0.13512,0.13956,0.00678,0.60583
146.45,ETH-26JUN20,1578308342137,open,0.22,1311.0,0.15,0.268,0.207967,86.94,0.252,0.0,ETH-26JUN20-140-P,142.0,84.99,0.203,430.0,0.215,855.0,89.7,0.37387,-0.09455,-0.38774,0.00426,-0.35428
143.3,SYN.ETH-28FEB20,1578308342220,open,0.12,56.0,0.088,0.165,0.127127,77.05,0.094,0.0,ETH-28FEB20-140-C,142.0,74.26,0.123,164.0,0.129,575.0,78.32,0.2121,-0.15454,0.09598,0.00925,0.58947
143.3,SYN.ETH-28FEB20,1578308342223,open,0.12,56.0,0.088,0.165,0.127127,77.05,0.094,0.0,ETH-28FEB20-140-C,142.0,74.26,0.123,164.0,0.129,595.0,78.32,0.2121,-0.15454,0.09598,0.00925,0.58947
143.99,ETH-27MAR20,1578308342431,open,0.04,1620.0,0.015,0.063,0.035594,88.1,0.041,0.0,ETH-27MAR20-100-P,142.0,85.59,0.033,260.0,0.039,874.0,91.34,0.14986,-0.08163,-0.05559,0.0037,-0.13864
144.0,ETH-27MAR20,1578308342441,open,0.06,130.0,0.026,0.086,0.05275,85.83,0.085,0.0,ETH-27MAR20-110-P,142.0,83.67,0.05,212.0,0.056,305.0,88.33,0.18544,-0.0984,-0.07827,0.0047,-0.19252
143.99,ETH-27MAR20,1578308342443,open,0.08,1707.0,0.042,0.114,0.075517,84.27,0.089,0.0,ETH-27MAR20-120-P,142.0,81.94,0.072,1014.0,0.079,780.0,86.56,0.21779,-0.11346,-0.10556,0.00563,-0.25533
144.0,ETH-27MAR20,1578308342445,open,0.19,51.0,0.158,0.245,0.202307,83.8,0.175,0.0,ETH-27MAR20-130-C,142.0,80.69,0.197,632.0,0.205,50.0,85.41,0.24366,-0.12624,0.15115,0.00633,0.67599
144.0,ETH-27MAR20,1578308342447,open,0.12,23.0,0.065,0.149,0.105085,83.84,0.112,0.0,ETH-27MAR20-130-P,142.0,81.41,0.101,1013.0,0.109,767.0,86.14,0.24366,-0.1263,-0.13692,0.00633,-0.32402
143.99,ETH-27MAR20,1578308342449,open,0.16,1157.0,0.123,0.212,0.168446,83.79,0.163,0.0,ETH-27MAR20-140-C,142.0,81.36,0.164,794.0,0.172,307.0,85.77,0.26083,-0.13512,0.13956,0.00678,0.60583
143.99,ETH-27MAR20,1578308342451,open,0.15,605.0,0.095,0.19,0.140736,83.81,0.148,0.0,ETH-27MAR20-140-P,142.0,81.75,0.137,742.0,0.145,252.0,86.16,0.26083,-0.13514,-0.17066,0.00677,-0.39416
143.99,ETH-27MAR20,1578308342453,open,0.11,1562.0,0.074,0.161,0.117448,84.97,0.114,0.0,ETH-27MAR20-160-C,142.0,83.14,0.114,421.0,0.121,934.0,86.88,0.26985,-0.14176,0.11397,0.00691,0.47464
143.99,ETH-27MAR20,1578308342458,open,0.08,2827.0,0.046,0.126,0.084128,87.38,0.08,0.0,ETH-27MAR20-180-C,142.0,85.05,0.08,338.0,0.087,826.0,89.0,0.25547,-0.13802,0.09059,0.00636,0.36807
143.99,ETH-27MAR20,1578308342460,open,0.06,3343.0,0.029,0.101,0.061579,89.84,0.06,0.0,ETH-27MAR20-200-C,142.0,87.59,0.058,54.0,0.064,338.0,91.35,0.23045,-0.128,0.07156,0.00558,0.28587
143.99,ETH-27MAR20,1578308342462,open,0.04,1342.0,0.019,0.081,0.045784,92.03,0.042,0.0,ETH-27MAR20-220-C,142.0,90.02,0.043,579.0,0.048,344.0,93.59,0.20228,-0.11508,0.05656,0.00478,0.22305
143.99,ETH-27MAR20,1578308342464,open,0.02,2246.0,0.006,0.049,0.021988,98.97,0.022,0.0,ETH-27MAR20-280-C,142.0,97.89,0.021,545.0,0.022,2.0,98.99,0.13246,-0.08105,0.03003,0.00291,0.11611
143.99,ETH-27MAR20,1578308342466,open,0.01,1505.0,0.001,0.028,0.00969,114.35,0.011,0.0,ETH-27MAR20-400-C,142.0,110.76,0.008,828.0,0.011,1314.0,116.88,0.07174,-0.05072,0.01339,0.00137,0.05166
143.99,ETH-27MAR20,1578308342468,open,0.01,1747.0,0.001,0.02,0.00592,120.0,0.005,0.0,ETH-27MAR20-480-C,142.0,117.14,0.005,826.0,0.007,650.0,123.01,0.04892,-0.03629,0.00839,0.00089,0.03222
143.99,ETH-27MAR20,1578308342470,open,0.0,5912.0,0.001,0.012,0.002058,120.0,0.005,0.0,ETH-27MAR20-600-C,142.0,125.42,0.003,385.0,0.004,249.0,129.99,0.0218,-0.01617,0.0033,0.0004,0.01241
144.0,ETH-27MAR20,1578308342471,open,0.01,32.0,0.001,0.022,0.009244,101.24,0.009,0.0,ETH-27MAR20-70-P,142.0,98.04,0.008,240.0,0.011,321.0,105.38,0.05829,-0.03648,-0.01568,0.00125,-0.0399
143.99,ETH-27MAR20,1578308342485,open,0.02,1012.0,0.005,0.032,0.014882,95.71,0.015,0.0,ETH-27MAR20-80-P,142.0,92.39,0.013,240.0,0.017,640.0,99.24,0.08392,-0.04966,-0.02486,0.00191,-0.06304
144.0,ETH-27MAR20,1578308342495,open,0.03,0.0,0.009,0.045,0.023322,91.39,None,0.0,ETH-27MAR20-90-P,142.0,88.42,0.021,240.0,0.026,640.0,94.67,0.11501,-0.06498,-0.03792,0.00274,-0.0955
142.28,SYN.ETH-17JAN20,1578308342504,open,0.28,0.0,0.276,0.322,0.298508,102.98,None,0.0,ETH-17JAN20-100-C,142.0,0.0,0.297,1.0,0.312,7.0,174.25,0.01144,-0.05416,0.02893,0.00184,0.98089
142.28,SYN.ETH-17JAN20,1578308342518,open,0.14,0.0,0.133,0.191,0.162291,76.61,None,0.0,ETH-17JAN20-120-C,142.0,46.2,0.157,1.0,0.183,6.0,129.8,0.03919,-0.13802,0.03179,0.00848,0.9121
143.3,SYN.ETH-28FEB20,1578308342754,open,0.12,56.0,0.088,0.165,0.12716,77.05,0.094,0.0,ETH-28FEB20-140-C,142.0,74.26,0.123,164.0,0.129,815.0,78.32,0.2121,-0.15454,0.09598,0.00925,0.58947
146.44,ETH-26JUN20,1578308342805,open,0.39,1.0,0.354,0.439,0.397351,89.29,0.38,0.0,ETH-26JUN20-100-C,142.0,69.04,0.363,48.0,0.422,48.0,102.89,0.26042,-0.06765,0.29386,0.00289,0.82353
143.3,SYN.ETH-28FEB20,1578308342805,open,0.09,91.0,0.061,0.136,0.097837,77.34,0.089,0.0,ETH-28FEB20-150-C,142.0,74.83,0.094,164.0,0.099,220.0,78.12,0.21759,-0.15913,0.08284,0.00946,0.49683
7683.65,BTC-27MAR20,1578308342923,open,0.01,1598.1,0.001,0.0305,0.01058604,90.68,0.01,0.0,BTC-27MAR20-16000-C,7557.04,88.83,0.0095,58.2,0.0115,19.5,92.16,4.64958,-2.60661,0.94625,4e-05,0.06617
7683.65,BTC-27MAR20,1578308342923,open,0.01,572.0,0.005,0.0395,0.01587253,85.31,0.015,0.0,BTC-27MAR20-14000-C,7557.04,83.59,0.0145,24.0,0.017,33.9,86.67,6.25302,-3.29803,1.39774,6e-05,0.09797
7683.65,BTC-27MAR20,1578308342923,open,0.01,1364.4,0.0005,0.0165,0.00591433,84.37,0.006,0.0,BTC-27MAR20-4000-P,7557.04,83.14,0.0055,24.1,0.0065,1.1,86.03,2.64346,-1.37877,-0.6576,2e-05,-0.03271
7683.65,BTC-27MAR20,1578308342923,open,0.04,684.9,0.02,0.0675,0.0391858,71.07,0.041,0.0,BTC-27MAR20-6000-P,7557.04,69.71,0.0375,50.4,0.0405,14.9,72.13,9.56703,-4.20382,-3.77118,0.0001,-0.18232
7683.65,BTC-27MAR20,1578308342923,open,0.0,261.8,0.0005,0.018,0.00456846,104.01,0.0045,0.0,BTC-27MAR20-22000-C,7557.04,100.21,0.0035,90.0,0.0055,81.2,106.86,2.35562,-1.51465,0.40677,2e-05,0.02846
7683.65,BTC-27MAR20,1578308342924,open,0.03,1677.9,0.0105,0.0555,0.02641008,79.51,0.0245,0.0,BTC-27MAR20-12000-C,7557.04,78.26,0.025,19.3,0.0275,36.9,80.46,8.71684,-4.28493,2.23512,8e-05,0.15769
7574.14,SYN.BTC-17JAN20,1578308342923,open,0.01,145.5,0.0005,0.0205,0.00523038,56.09,0.005,0.0,BTC-17JAN20-6750-P,7557.04,55.36,0.005,0.1,0.006,32.7,58.42,2.42298,-6.24758,-0.25509,0.00025,-0.1078
7574.14,SYN.BTC-17JAN20,1578308342923,open,0.01,94.6,0.0005,0.031,0.00858762,52.11,0.0085,0.0,BTC-17JAN20-8250-C,7557.04,49.68,0.0075,50.9,0.009,0.1,53.01,3.46262,-8.29597,0.3929,0.00039,0.18268
7683.57,BTC-27MAR20,1578308342925,open,0.02,289.3,0.006,0.034,0.01565008,75.54,0.016,0.0,BTC-27MAR20-5000-P,7557.04,73.91,0.0145,49.0,0.0165,0.3,76.71,5.52096,-2.57822,-1.67701,6e-05,-0.08285
7683.57,BTC-27MAR20,1578308342925,open,0.0,169.6,0.0005,0.011,0.00132044,110.0,0.0015,0.0,BTC-27MAR20-30000-C,7557.04,111.52,0.0015,32.1,0.0025,33.3,118.18,0.86656,-0.58931,0.12825,1e-05,0.00885
7563.19,SYN.BTC-10JAN20,1578308342923,open,0.02,134.0,0.005,0.0435,0.01562828,47.69,0.016,0.0,BTC-10JAN20-7500-P,7557.04,44.89,0.0145,34.8,0.0165,1.0,49.85,3.05044,-18.76829,-0.35192,0.00105,-0.42259
7683.57,BTC-27MAR20,1578308342925,open,0.25,27.1,0.23,0.291,0.258312,71.08,0.2555,0.0,BTC-27MAR20-6000-C,7557.04,66.33,0.2525,23.0,0.2615,27.9,73.62,9.56781,-4.20468,9.52281,0.0001,0.81765
7563.19,SYN.BTC-10JAN20,1578308342923,open,0.0,86.7,0.0005,0.011,0.00105108,76.29,0.001,0.0,BTC-10JAN20-8750-C,7557.04,67.71,0.0005,69.9,0.0015,20.6,81.37,0.59889,-5.89401,0.02708,0.00013,0.03477
7639.88,SYN.BTC-28FEB20,1578308342923,open,0.13,3.1,0.09,0.1595,0.12161816,62.06,0.1325,0.0,BTC-28FEB20-8000-P,7557.04,60.33,0.119,30.2,0.125,14.4,64.3,11.5663,-6.78798,-7.21888,0.00022,-0.53064
7639.88,SYN.BTC-28FEB20,1578308342923,open,0.01,94.9,0.0045,0.034,0.01418259,72.32,0.013,0.0,BTC-28FEB20-11000-C,7557.04,70.71,0.013,24.0,0.015,33.8,73.39,5.73704,-3.92324,1.14542,9e-05,0.11768
7596.05,SYN.BTC-31JAN20,1578308342923,open,0.05,242.5,0.0295,0.078,0.04964661,53.91,0.0525,0.0,BTC-31JAN20-7500-P,7557.04,52.31,0.048,48.4,0.0515,22.3,55.71,7.80953,-8.46179,-2.51481,0.00037,-0.43613
7574.14,SYN.BTC-17JAN20,1578308342923,open,0.05,81.1,0.042,0.091,0.05908109,49.61,0.0415,0.0,BTC-17JAN20-7250-C,7557.04,46.91,0.0575,6.5,0.06,1.3,51.15,4.47478,-10.20506,1.46919,0.00053,0.71008
7683.57,BTC-27MAR20,1578308342929,open,0.0,78.2,0.0005,0.0115,0.00194245,110.0,0.002,0.0,BTC-27MAR20-28000-C,7557.04,110.37,0.002,23.3,0.003,50.4,115.88,1.17811,-0.80119,0.18138,1e-05,0.0126
7563.19,SYN.BTC-10JAN20,1578308342923,open,0.0,308.5,0.0005,0.0105,0.00078434,84.05,0.0005,0.0,BTC-10JAN20-9000-C,7557.04,78.59,0.0005,78.0,0.001,18.1,87.4,0.45117,-4.89236,0.01922,9e-05,0.02472
7574.14,SYN.BTC-17JAN20,1578308342923,open,0.0,60.9,0.0005,0.0125,0.00260372,61.85,0.0025,0.0,BTC-17JAN20-9000-C,7557.04,58.66,0.002,42.1,0.003,7.5,63.72,1.53932,-4.37685,0.12753,0.00015,0.05911
7639.88,SYN.BTC-28FEB20,1578308342923,open,0.18,11.6,0.1565,0.213,0.18291177,63.74,0.174,0.0,BTC-28FEB20-6500-C,7557.04,59.25,0.178,10.0,0.183,14.4,63.82,8.50868,-5.12822,6.65767,0.00016,0.78446
7639.88,SYN.BTC-28FEB20,1578308342923,open,0.05,358.8,0.0305,0.0845,0.05380741,62.68,0.0515,0.0,BTC-28FEB20-8500-C,7557.04,61.42,0.052,48.1,0.0545,1.5,63.16,10.99332,-6.51577,3.51594,0.00021,0.37149
7574.14,SYN.BTC-17JAN20,1578308342923,open,0.01,30.4,0.0005,0.0225,0.00548916,55.06,0.005,0.0,BTC-17JAN20-8500-C,7557.04,52.1,0.0045,53.4,0.006,0.4,56.49,2.64303,-6.68982,0.26251,0.00028,0.12181
7563.19,SYN.BTC-10JAN20,1578308342923,open,0.14,35.6,0.1235,0.161,0.1412988,75.86,0.1395,0.0,BTC-10JAN20-6500-C,7557.04,0.0,0.1405,18.6,0.1425,18.6,90.81,0.44043,-4.31027,0.67032,0.0001,0.97598
7596.05,SYN.BTC-31JAN20,1578308342926,open,0.0,779.5,0.0005,0.017,0.00512274,67.45,0.0045,0.0,BTC-31JAN20-10000-C,7557.04,65.61,0.0045,39.0,0.0055,0.1,68.5,2.67131,-3.62135,0.33741,0.0001,0.0703
7596.05,SYN.BTC-31JAN20,1578308342923,open,0.01,1139.7,0.0005,0.018,0.00614662,66.42,0.0055,0.0,BTC-31JAN20-6000-P,7557.04,64.6,0.0055,39.3,0.0065,24.0,67.37,2.77689,-3.70715,-0.41463,0.00011,-0.07395
7563.19,SYN.BTC-10JAN20,1578308342923,open,0.0,217.2,0.0005,0.0105,0.00022941,93.42,0.0005,0.0,BTC-10JAN20-6000-P,7557.04,0.0,0.0,0.0,0.0005,30.1,103.4,0.15335,-1.73508,-0.00587,3e-05,-0.00708
7563.19,SYN.BTC-10JAN20,1578308342923,open,0.0,236.0,0.0005,0.0135,0.00240268,60.41,0.0025,0.0,BTC-10JAN20-8250-C,7557.04,57.81,0.002,33.5,0.0025,8.3,61.01,1.22446,-9.54295,0.06722,0.00033,0.0861
7574.14,SYN.BTC-17JAN20,1578308342923,open,0.0,147.8,0.0005,0.016,0.00344227,57.41,0.0035,0.0,BTC-17JAN20-8750-C,7557.04,55.62,0.003,45.0,0.004,7.5,59.5,1.93894,-5.11721,0.17219,0.0002,0.07974
7563.19,SYN.BTC-10JAN20,1578308342923,open,0.0,116.7,0.0005,0.0105,0.00068171,91.45,0.0005,0.0,BTC-10JAN20-6250-P,7557.04,87.3,0.0005,28.0,0.001,31.8,97.28,0.36424,-4.29729,-0.01595,7e-05,-0.01918
7596.05,SYN.BTC-31JAN20,1578308342924,open,0.0,230.7,0.0005,0.0145,0.0039055,72.33,0.003,0.0,BTC-31JAN20-10500-C,7557.04,70.84,0.0035,24.0,0.0045,62.0,74.37,2.12956,-3.09606,0.25212,7e-05,0.05261
7574.14,SYN.BTC-17JAN20,1578308342923,open,0.0,313.6,0.0005,0.014,0.00353531,62.56,0.0035,0.0,BTC-17JAN20-6500-P,7557.04,60.18,0.003,24.0,0.004,32.5,64.49,1.76987,-5.09037,-0.16765,0.00017,-0.07075
7596.05,SYN.BTC-31JAN20,1578308342923,open,0.02,806.4,0.007,0.039,0.0192571,55.59,0.0195,0.0,BTC-31JAN20-8500-C,7557.04,54.65,0.0185,34.3,0.0195,2.0,55.89,6.18236,-6.90762,1.14931,0.00028,0.24126
7639.88,SYN.BTC-28FEB20,1578308342923,open,0.04,87.6,0.02,0.0685,0.03982399,64.33,0.039,0.0,BTC-28FEB20-9000-C,7557.04,62.93,0.038,31.4,0.041,15.0,65.23,9.98993,-6.07685,2.79396,0.00018,0.29227
7574.14,SYN.BTC-17JAN20,1578308342923,open,0.0,144.0,0.0005,0.0105,0.00095599,79.04,0.001,0.0,BTC-17JAN20-5750-P,7557.04,71.93,0.0005,44.0,0.0015,30.0,85.07,0.58999,-2.14394,-0.04371,4e-05,-0.01841
7574.14,SYN.BTC-17JAN20,1578308342923,open,0.01,183.1,0.0005,0.031,0.00957449,53.24,0.0105,0.0,BTC-17JAN20-7000-P,7557.04,53.08,0.0095,39.9,0.01,24.0,54.16,3.46716,-8.48632,-0.43476,0.00038,-0.18307
7596.05,SYN.BTC-31JAN20,1578308342926,open,0.0,393.3,0.0005,0.013,0.00312555,77.14,0.0035,0.0,BTC-31JAN20-11000-C,7557.04,74.24,0.0025,24.0,0.0035,24.0,78.72,1.74748,-2.70958,0.19668,6e-05,0.04112
7574.14,SYN.BTC-17JAN20,1578308342923,open,0.08,0.0,0.051,0.1055,0.07021092,49.72,None,0.0,BTC-17JAN20-8000-P,7557.04,46.71,0.0685,0.5,0.072,6.5,52.78,4.37102,-9.99085,-1.79218,0.00051,-0.72391
7563.19,SYN.BTC-10JAN20,1578308342925,open,0.07,258.4,0.057,0.1,0.07794331,62.58,0.076,0.0,BTC-10JAN20-7000-C,7557.04,50.69,0.076,29.8,0.078,18.7,62.87,1.45519,-11.74817,0.65301,0.00038,0.89107
7574.14,SYN.BTC-17JAN20,1578308342924,open,0.0,80.9,0.0005,0.011,0.00143377,73.19,0.0015,0.0,BTC-17JAN20-6000-P,7557.04,68.89,0.001,68.6,0.002,30.0,77.77,0.84626,-2.84772,-0.06699,7e-05,-0.02825
7639.88,SYN.BTC-28FEB20,1578308342923,open,0.04,289.5,0.0165,0.059,0.03371016,63.74,0.034,0.0,BTC-28FEB20-6500-P,7557.04,62.65,0.0325,30.8,0.035,19.3,64.89,8.50865,-5.12815,-2.75853,0.00016,-0.21554
7596.05,SYN.BTC-31JAN20,1578308342923,open,0.0,407.8,0.0005,0.012,0.00204325,85.28,0.002,0.0,BTC-31JAN20-12000-C,7557.04,81.49,0.0015,33.0,0.0025,64.0,87.99,1.19871,-2.05469,0.12416,4e-05,0.02603
7639.88,SYN.BTC-28FEB20,1578308342923,open,0.07,89.0,0.048,0.107,0.07448168,62.06,0.071,0.0,BTC-28FEB20-8000-C,7557.04,60.42,0.072,43.2,0.075,2.0,62.41,11.56631,-6.78804,4.37032,0.00022,0.46936
7563.19,SYN.BTC-10JAN20,1578308342923,open,0.0,138.6,0.0005,0.011,0.00132701,66.62,0.002,0.0,BTC-10JAN20-8500-C,7557.04,63.17,0.001,30.0,0.0015,2.5,68.25,0.77523,-6.66279,0.03731,0.00019,0.04779
7563.19,SYN.BTC-10JAN20,1578308342923,open,0.0,388.3,0.0005,0.022,0.00473633,54.2,0.0045,0.0,BTC-10JAN20-8000-C,7557.04,51.23,0.004,27.2,0.005,0.5,55.23,1.92842,-13.48438,0.12805,0.00059,0.16419
7596.05,SYN.BTC-31JAN20,1578308342924,open,0.01,239.7,0.0005,0.021,0.00742731,63.18,0.006,0.0,BTC-31JAN20-9500-C,7557.04,61.11,0.0065,46.0,0.008,16.1,64.39,3.51571,-4.46455,0.4865,0.00014,0.1014
7596.05,SYN.BTC-31JAN20,1578308342924,open,0.0,761.4,0.0005,0.013,0.00333982,74.58,0.003,0.0,BTC-31JAN20-5500-P,7557.04,73.01,0.003,27.0,0.0035,24.0,75.29,1.69403,-2.53952,-0.22216,6e-05,-0.03957
7596.05,SYN.BTC-31JAN20,1578308342928,open,0.0,135.2,0.0005,0.0125,0.00255307,81.6,0.002,0.0,BTC-31JAN20-11500-C,7557.04,78.5,0.002,24.0,0.003,60.1,83.82,1.45523,-2.38694,0.15696,5e-05,0.03287
7639.88,SYN.BTC-28FEB20,1578308342923,open,0.03,44.4,0.0125,0.0545,0.02892763,65.32,0.029,0.0,BTC-28FEB20-9500-C,7557.04,64.51,0.028,32.2,0.0295,1.0,65.82,8.74225,-5.39994,2.1808,0.00016,0.22597
7563.19,SYN.BTC-10JAN20,1578308342923,open,0.04,502.3,0.028,0.074,0.04781836,51.94,0.046,0.0,BTC-10JAN20-7250-C,7557.04,47.33,0.0465,7.0,0.0485,18.4,54.23,2.22716,-14.92505,0.59844,0.00071,0.79299
7639.88,SYN.BTC-28FEB20,1578308342923,open,0.01,53.1,0.002,0.0275,0.01172296,69.93,0.0125,0.0,BTC-28FEB20-5500-P,7557.04,68.7,0.011,15.0,0.0125,24.0,71.22,4.55226,-3.01027,-1.0781,8e-05,-0.08569
7563.19,SYN.BTC-10JAN20,1578308342923,open,0.0,341.4,0.0005,0.011,0.00138597,67.33,0.0015,0.0,BTC-10JAN20-6750-P,7557.04,63.16,0.001,107.8,0.002,30.0,72.8,0.76545,-6.6484,-0.03889,0.00019,-0.04704
7639.88,SYN.BTC-28FEB20,1578308342923,open,0.01,83.8,0.0005,0.019,0.00690648,74.89,0.008,0.0,BTC-28FEB20-5000-P,7557.04,73.87,0.0065,15.0,0.0075,24.0,76.34,3.07399,-2.17701,-0.64724,5e-05,-0.05158
7596.05,SYN.BTC-31JAN20,1578308342928,open,0.0,465.9,0.0005,0.0115,0.00170582,82.35,0.002,0.0,BTC-31JAN20-5000-P,7557.04,80.66,0.0015,39.0,0.002,24.0,84.56,0.96238,-1.59305,-0.11265,3e-05,-0.02005
7574.14,SYN.BTC-17JAN20,1578308342923,open,0.0,108.5,0.0005,0.0105,0.00071834,86.33,0.001,0.0,BTC-17JAN20-5500-P,7557.04,82.13,0.0005,39.0,0.001,30.0,90.65,0.44189,-1.75377,-0.03129,3e-05,-0.01315
146.44,ETH-26JUN20,1578308343109,open,0.39,1.0,0.354,0.439,0.397351,89.29,0.38,0.0,ETH-26JUN20-100-C,142.0,69.04,0.363,48.0,0.423,48.0,103.43,0.26042,-0.06765,0.29386,0.00289,0.82353
142.61,SYN.ETH-31JAN20,1578308343162,open,0.36,0.0,0.351,0.394,0.371821,98.09,None,0.0,ETH-31JAN20-90-C,142.0,0.0,0.368,1.0,0.38,38.0,130.97,0.02326,-0.04586,0.05842,0.00171,0.97292
142.61,SYN.ETH-31JAN20,1578308343162,open,0.12,192.0,0.067,0.142,0.101015,67.65,0.176,0.0,ETH-31JAN20-150-P,142.0,65.68,0.099,164.0,0.104,240.0,70.57,0.14565,-0.19806,-0.06603,0.01553,-0.57835
143.3,SYN.ETH-28FEB20,1578308343179,open,0.12,1.0,0.065,0.146,0.1041,77.07,0.17,0.0,ETH-28FEB20-140-P,142.0,75.65,0.102,625.0,0.108,400.0,79.7,0.2121,-0.15457,-0.10684,0.00925,-0.41056
143.3,SYN.ETH-28FEB20,1578308343179,open,0.08,463.0,0.04,0.109,0.071874,77.85,0.108,0.0,ETH-28FEB20-130-P,142.0,75.73,0.069,619.0,0.075,456.0,80.16,0.1942,-0.14297,-0.08067,0.00839,-0.31672
143.3,SYN.ETH-28FEB20,1578308343182,open,0.04,464.0,0.02,0.077,0.045212,80.52,0.035,0.0,ETH-28FEB20-180-C,142.0,77.98,0.042,862.0,0.048,1212.0,82.69,0.18275,-0.13914,0.04819,0.00763,0.27733
7563.19,SYN.BTC-10JAN20,1578308343302,open,0.07,19.0,0.0405,0.0905,0.06249189,54.21,0.065,0.0,BTC-10JAN20-8000-P,7557.04,47.96,0.061,1.0,0.0635,1.0,58.03,1.92878,-13.48933,-0.72138,0.00059,-0.83577
148.63,SYN.ETH-25SEP20,1578308343488,open,0.12,188.0,0.071,0.16,0.113457,88.92,0.116,0.0,ETH-25SEP20-100-P,142.0,86.49,0.108,367.0,0.12,448.0,91.82,0.33488,-0.05664,-0.31777,0.00237,-0.1834
148.63,SYN.ETH-25SEP20,1578308343488,open,0.07,316.0,0.035,0.099,0.064373,90.66,0.062,0.0,ETH-25SEP20-80-P,142.0,87.41,0.059,467.0,0.07,463.0,94.0,0.24794,-0.04275,-0.19422,0.00172,-0.11706
148.63,SYN.ETH-25SEP20,1578308343488,open,0.03,812.0,0.014,0.054,0.030999,94.34,0.03,0.0,ETH-25SEP20-60-P,142.0,90.41,0.027,468.0,0.035,470.0,98.08,0.15531,-0.02787,-0.10019,0.00103,-0.06259
148.63,SYN.ETH-25SEP20,1578308343490,open,0.19,509.0,0.124,0.236,0.178685,88.62,0.181,0.0,ETH-25SEP20-120-P,142.0,85.8,0.171,384.0,0.181,260.0,89.48,0.40458,-0.0682,-0.46365,0.00287,-0.25445
148.63,SYN.ETH-25SEP20,1578308343490,open,0.19,28.0,0.137,0.263,0.199723,89.74,0.2,0.0,ETH-25SEP20-200-C,142.0,88.93,0.197,702.0,0.208,276.0,92.18,0.50319,-0.08589,0.31758,0.00352,0.4964
143.29,SYN.ETH-28FEB20,1578308343635,open,0.03,31.0,0.01,0.056,0.02859,83.85,0.022,0.0,ETH-28FEB20-200-C,142.0,82.28,0.027,547.0,0.03,398.0,85.21,0.14705,-0.11659,0.0331,0.0059,0.18803
146.44,ETH-26JUN20,1578308344320,open,0.48,0.0,0.461,0.525,0.492658,90.48,None,0.0,ETH-26JUN20-80-C,142.0,65.26,0.467,50.0,0.513,50.0,106.38,0.17576,-0.04626,0.28119,0.00192,0.90047
7563.1,SYN.BTC-10JAN20,1578308344407,open,0.01,826.4,0.0005,0.035,0.01029947,48.81,0.01,0.0,BTC-10JAN20-7750-C,7557.04,46.63,0.0095,54.0,0.011,41.5,50.69,2.79667,-17.60892,0.25086,0.00094,0.32267
142.61,SYN.ETH-31JAN20,1578308329345,open,0.04,689.0,0.025,0.081,0.049243,67.7,0.048,0.0,ETH-31JAN20-150-C,142.0,65.48,0.047,144.0,0.05,160.0,68.42,0.14566,-0.19822,0.0362,0.01552,0.42176
142.62,SYN.ETH-31JAN20,1578308301264,open,0.03,2089.0,0.011,0.057,0.029375,68.11,0.025,0.0,ETH-31JAN20-160-C,142.0,66.58,0.028,217.0,0.029,10.0,67.71,0.12713,-0.17405,0.02519,0.01346,0.28848
142.28,SYN.ETH-17JAN20,1578308327229,open,0.02,465.0,0.005,0.046,0.02197,62.04,0.016,0.0,ETH-17JAN20-150-C,142.0,58.9,0.02,240.0,0.023,10.0,63.71,0.08893,-0.25365,0.01306,0.02377,0.32993
142.09,SYN.ETH-10JAN20,1578308344610,open,0.0,1669.0,0.001,0.011,0.001373,92.96,0.003,0.0,ETH-10JAN20-120-P,142.0,87.84,0.001,982.0,0.002,2.0,100.01,0.01131,-0.13562,-0.00055,0.00567,-0.03498
142.09,SYN.ETH-10JAN20,1578308344610,open,0.0,390.0,0.001,0.011,6.8e-05,119.98,0.001,0.0,ETH-10JAN20-100-P,142.0,0.0,0.0,0.0,0.001,51.0,164.77,0.00086,-0.00973,-3e-05,0.00034,-0.00184
142.09,SYN.ETH-10JAN20,1578308344610,open,0.0,416.0,0.001,0.011,0.000724,119.09,0.001,0.0,ETH-10JAN20-110-P,142.0,0.0,0.0,0.0,0.001,16.0,125.14,0.00582,-0.08944,-0.00025,0.00228,-0.01587
142.09,SYN.ETH-10JAN20,1578308344610,open,0.01,416.0,0.001,0.019,0.004173,72.96,0.005,0.0,ETH-10JAN20-130-P,142.0,72.07,0.004,21.0,0.006,1294.0,81.65,0.02772,-0.26095,-0.00174,0.01772,-0.11107
142.09,SYN.ETH-10JAN20,1578308344610,open,0.28,1.0,0.275,0.317,0.296363,126.55,0.235,0.0,ETH-10JAN20-100-C,142.0,0.0,0.286,54.0,0.307,54.0,265.62,0.0013,-0.02118,0.01057,0.00048,0.9971
142.09,SYN.ETH-10JAN20,1578308344610,open,0.14,176.0,0.13,0.184,0.156926,93.7,0.114,0.0,ETH-10JAN20-120-C,142.0,0.0,0.142,50.0,0.17,50.0,170.86,0.01159,-0.14007,0.01218,0.00577,0.96397
142.09,SYN.ETH-10JAN20,1578308344610,open,0.21,1.0,0.203,0.251,0.226648,120.39,0.194,0.0,ETH-10JAN20-110-C,142.0,0.0,0.214,52.0,0.238,52.0,216.13,0.0061,-0.09474,0.01142,0.00236,0.98324
142.09,SYN.ETH-10JAN20,1578308344610,open,0.0,791.0,0.001,0.011,3e-06,119.98,0.001,0.0,ETH-10JAN20-90-P,142.0,0.0,0.0,0.0,0.001,51.0,207.74,5e-05,-0.00037,0.0,2e-05,-9e-05
142.09,SYN.ETH-10JAN20,1578308344610,open,0.08,1.0,0.03,0.097,0.062686,61.33,0.15,0.0,ETH-10JAN20-150-P,142.0,47.32,0.059,60.0,0.065,60.0,68.93,0.04156,-0.32884,-0.01295,0.03161,-0.79534
142.09,SYN.ETH-10JAN20,1578308344610,open,0.35,1.0,0.348,0.385,0.366668,148.0,0.311,0.0,ETH-10JAN20-90-C,142.0,0.0,0.358,37.0,0.375,37.0,307.65,0.00052,-0.01,0.00954,0.00017,0.99893
142.09,SYN.ETH-10JAN20,1578308344614,open,0.15,0.0,0.094,0.165,0.127789,71.58,None,0.0,ETH-10JAN20-160-P,142.0,0.0,0.124,60.0,0.131,60.0,91.63,0.01698,-0.15678,-0.01614,0.01106,-0.94203
142.27,SYN.ETH-17JAN20,1578308344619,open,0.08,2.0,0.068,0.13,0.099864,66.76,0.038,0.0,ETH-17JAN20-130-C,142.0,60.66,0.097,730.0,0.102,650.0,71.09,0.06884,-0.21129,0.02966,0.0171,0.79956
142.27,SYN.ETH-17JAN20,1578308344619,open,0.0,51.0,0.001,0.012,0.002576,88.68,0.003,0.0,ETH-17JAN20-110-P,142.0,84.48,0.002,950.0,0.003,1.0,91.44,0.02093,-0.08534,-0.00178,0.00391,-0.03947
142.27,SYN.ETH-17JAN20,1578308344619,open,0.0,686.0,0.001,0.011,0.001366,103.55,0.001,0.0,ETH-17JAN20-100-P,142.0,98.66,0.001,649.0,0.002,53.0,110.37,0.0117,-0.0557,-0.00089,0.00187,-0.01962
142.27,SYN.ETH-17JAN20,1578308344622,open,0.01,215.0,0.001,0.027,0.009405,65.84,0.007,0.0,ETH-17JAN20-160-C,142.0,62.46,0.008,915.0,0.011,1194.0,69.47,0.0608,-0.18403,0.00657,0.01531,0.16433
142.27,SYN.ETH-17JAN20,1578308344622,open,0.02,174.0,0.002,0.034,0.013579,66.63,0.015,0.0,ETH-17JAN20-130-P,142.0,65.42,0.013,5.0,0.016,1250.0,71.53,0.06876,-0.21062,-0.00906,0.01711,-0.20004
148.63,SYN.ETH-25SEP20,1578308344761,open,1.31,0.0,1.156,1.375,1.261087,96.83,None,0.0,ETH-25SEP20-320-P,142.0,0.0,0.0,0.0,0.0,0.0,0.0,0.43903,-0.08085,-2.09849,0.00285,-0.6993
148.63,SYN.ETH-25SEP20,1578308344761,open,2.1,0.0,1.909,2.167,2.030987,102.21,None,0.0,ETH-25SEP20-440-P,142.0,0.0,0.0,0.0,0.0,0.0,0.0,0.36025,-0.07003,-3.02314,0.00222,-0.7932
148.63,SYN.ETH-25SEP20,1578308344761,open,1.83,0.0,1.654,1.898,1.770036,100.02,None,0.0,ETH-25SEP20-400-P,142.0,0.0,0.0,0.0,0.0,0.0,0.0,0.38213,-0.0727,-2.71998,0.0024,-0.77094
148.63,SYN.ETH-25SEP20,1578308344761,open,1.05,0.0,0.914,1.12,1.013481,94.84,None,0.0,ETH-25SEP20-280-P,142.0,0.0,0.0,0.0,1.03,1.0,100.03,0.46736,-0.08431,-1.78032,0.0031,-0.64967
148.63,SYN.ETH-25SEP20,1578308344761,open,0.13,1.0,0.074,0.192,0.129744,94.88,0.097,0.0,ETH-25SEP20-280-C,142.0,93.05,0.124,395.0,0.134,287.0,96.23,0.46746,-0.08436,0.23633,0.0031,0.35052
148.63,SYN.ETH-25SEP20,1578308344763,open,2.36,0.0,2.165,2.435,2.292369,103.71,None,0.0,ETH-25SEP20-480-P,142.0,0.0,0.0,0.0,0.0,0.0,0.0,0.33809,-0.0667,-3.32495,0.00205,-0.81376
148.63,SYN.ETH-25SEP20,1578308344763,open,1.57,0.0,1.404,1.636,1.514406,98.76,None,0.0,ETH-25SEP20-360-P,142.0,0.0,0.0,0.0,0.0,0.0,0.0,0.41095,-0.07719,-2.41083,0.00262,-0.73776
148.63,SYN.ETH-25SEP20,1578308344763,open,0.16,2.0,0.099,0.223,0.159401,92.71,0.122,0.0,ETH-25SEP20-240-C,142.0,90.77,0.153,696.0,0.164,282.0,94.1,0.49165,-0.0867,0.27323,0.00333,0.41465
7639.74,SYN.BTC-28FEB20,1578308344892,open,0.02,140.0,0.009,0.047,0.02282777,68.11,0.0215,0.0,BTC-28FEB20-10000-C,7557.04,67.28,0.022,2.9,0.0235,25.0,68.78,7.6752,-4.94336,1.75834,0.00013,0.1817
7639.74,SYN.BTC-28FEB20,1578308344892,open,0.1,36.7,0.0745,0.1355,0.10257096,62.05,0.099,0.0,BTC-28FEB20-7500-C,7557.04,59.99,0.0995,42.4,0.104,30.8,63.01,11.37907,-6.67691,5.25943,0.00022,0.57779
7639.74,SYN.BTC-28FEB20,1578308344892,open,0.17,2.0,0.133,0.206,0.16638995,62.67,0.212,0.0,BTC-28FEB20-8500-P,7557.04,46.59,0.144,2.2,0.206,1.6,89.48,10.9925,-6.51418,-8.79813,0.00021,-0.62858
7574.05,SYN.BTC-17JAN20,1578308344913,open,0.01,183.1,0.0005,0.031,0.00957652,53.23,0.0105,0.0,BTC-17JAN20-7000-P,7557.04,53.07,0.0095,39.9,0.01,39.0,54.16,3.46726,-8.48568,-0.43478,0.00038,-0.18308
7574.05,SYN.BTC-17JAN20,1578308344916,open,0.02,113.2,0.0065,0.045,0.01628997,49.6,0.017,0.0,BTC-17JAN20-7250-P,7557.04,47.41,0.015,46.5,0.0175,40.5,51.65,4.47497,-10.20469,-0.69112,0.00053,-0.28995
7574.05,SYN.BTC-17JAN20,1578308344918,open,0.03,305.3,0.0245,0.0715,0.03807045,48.11,0.0355,0.0,BTC-17JAN20-7500-C,7557.04,45.79,0.0365,24.5,0.039,0.5,49.47,5.14959,-11.38941,1.18577,0.00063,0.5635
7574.05,SYN.BTC-17JAN20,1578308344922,open,0.02,151.3,0.013,0.055,0.02315531,48.11,0.0225,0.0,BTC-17JAN20-7750-C,7557.04,46.37,0.022,24.0,0.0225,8.9,47.12,5.07371,-11.22103,0.86646,0.00062,0.40709
7683.5,BTC-27MAR20,1578308344937,open,0.09,372.8,0.056,0.124,0.0854808,70.0,0.086,0.0,BTC-27MAR20-7000-P,7556.92,68.84,0.0835,20.2,0.0875,11.3,71.19,13.05414,-5.64949,-7.02686,0.00014,-0.32726
7683.5,BTC-27MAR20,1578308344938,open,0.17,578.9,0.141,0.213,0.17445026,70.01,0.172,0.0,BTC-27MAR20-7000-C,7556.92,67.39,0.17,31.0,0.177,27.4,71.51,13.05421,-5.65012,8.48325,0.00014,0.67274
7835.39,BTC-26JUN20,1578308344939,open,0.19,246.7,0.1515,0.2465,0.19472657,74.95,0.194,0.0,BTC-26JUN20-8000-C,7556.92,73.74,0.1915,17.5,0.1975,1.4,75.98,20.95234,-4.56814,14.42868,0.0001,0.58579
7683.5,BTC-27MAR20,1578308344939,open,0.01,516.9,0.0005,0.021,0.00580861,100.07,0.006,0.0,BTC-27MAR20-20000-C,7556.92,97.81,0.005,10.8,0.0065,30.2,101.85,2.87912,-1.78119,0.51902,2e-05,0.03629
7952.69,SYN.BTC-25SEP20,1578308344957,open,0.1,63.2,0.0605,0.161,0.10239305,81.23,0.101,0.0,BTC-25SEP20-14000-C,7556.92,80.44,0.1,0.1,0.104,9.6,81.77,24.04505,-3.71525,12.30115,6e-05,0.31716
143.3,SYN.ETH-28FEB20,1578308344977,open,0.12,56.0,0.088,0.165,0.127148,77.08,0.094,0.0,ETH-28FEB20-140-C,142.0,74.27,0.123,164.0,0.129,595.0,78.33,0.2121,-0.1546,0.09597,0.00925,0.58945
143.3,SYN.ETH-28FEB20,1578308344995,open,0.09,91.0,0.061,0.136,0.097827,77.36,0.089,0.0,ETH-28FEB20-150-C,142.0,74.84,0.094,164.0,0.1,597.0,78.79,0.21758,-0.15918,0.08283,0.00945,0.49683
143.99,ETH-27MAR20,1578308345059,open,0.08,1707.0,0.042,0.114,0.075517,84.27,0.089,0.0,ETH-27MAR20-120-P,142.0,81.94,0.072,999.0,0.079,780.0,86.56,0.21779,-0.11346,-0.10556,0.00563,-0.25533
143.98,ETH-27MAR20,1578308345061,open,0.19,51.0,0.158,0.245,0.202241,83.86,0.175,0.0,ETH-27MAR20-130-C,142.0,80.72,0.197,627.0,0.205,50.0,85.45,0.24367,-0.12633,0.15107,0.00633,0.67585
143.98,ETH-27MAR20,1578308345063,open,0.12,23.0,0.065,0.149,0.105144,83.79,0.112,0.0,ETH-27MAR20-130-P,142.0,81.37,0.101,996.0,0.109,767.0,86.1,0.24366,-0.12622,-0.13693,0.00633,-0.32413
143.99,ETH-27MAR20,1578308345066,open,0.16,1157.0,0.123,0.212,0.168446,83.79,0.163,0.0,ETH-27MAR20-140-C,142.0,81.36,0.164,790.0,0.172,307.0,85.77,0.26083,-0.13512,0.13956,0.00678,0.60583
143.99,ETH-27MAR20,1578308345068,open,0.15,605.0,0.095,0.19,0.140735,83.81,0.148,0.0,ETH-27MAR20-140-P,142.0,81.75,0.137,252.0,0.145,252.0,86.16,0.26083,-0.13514,-0.17066,0.00677,-0.39416
143.99,ETH-27MAR20,1578308345077,open,0.04,1342.0,0.019,0.081,0.045784,92.03,0.042,0.0,ETH-27MAR20-220-C,142.0,90.02,0.043,578.0,0.048,344.0,93.59,0.20228,-0.11508,0.05656,0.00478,0.22305
143.99,ETH-27MAR20,1578308345079,open,0.02,2246.0,0.006,0.049,0.021988,98.97,0.022,0.0,ETH-27MAR20-280-C,142.0,97.89,0.021,544.0,0.022,2.0,98.99,0.13246,-0.08105,0.03003,0.00291,0.11611
143.99,ETH-27MAR20,1578308345081,open,0.01,1505.0,0.001,0.028,0.00969,114.35,0.011,0.0,ETH-27MAR20-400-C,142.0,110.76,0.008,827.0,0.011,1314.0,116.88,0.07174,-0.05072,0.01339,0.00137,0.05166
143.99,ETH-27MAR20,1578308345083,open,0.01,1747.0,0.001,0.02,0.00592,120.0,0.005,0.0,ETH-27MAR20-480-C,142.0,117.14,0.005,825.0,0.007,650.0,123.01,0.04892,-0.03629,0.00839,0.00089,0.03222
143.99,ETH-27MAR20,1578308345085,open,0.0,5912.0,0.001,0.012,0.002058,120.0,0.005,0.0,ETH-27MAR20-600-C,142.0,125.42,0.003,384.0,0.004,249.0,129.99,0.0218,-0.01617,0.0033,0.0004,0.01241
143.98,ETH-27MAR20,1578308345091,open,0.03,7115.0,0.012,0.065,0.033253,92.91,0.033,0.0,ETH-27MAR20-240-C,142.0,91.85,0.032,1161.0,0.033,280.0,92.7,0.17223,-0.09893,0.04399,0.00404,0.17113
146.44,ETH-26JUN20,1578308345091,open,0.2,203.0,0.146,0.257,0.202048,87.07,0.183,0.0,ETH-26JUN20-160-C,142.0,85.57,0.198,760.0,0.211,873.0,90.38,0.39638,-0.1004,0.24671,0.00451,0.55982
142.61,SYN.ETH-31JAN20,1578308345095,open,0.01,1871.0,0.003,0.03,0.012315,74.54,0.01,0.0,ETH-31JAN20-180-C,142.0,72.18,0.011,265.0,0.014,540.0,77.43,0.08118,-0.12163,0.01201,0.00786,0.13584
143.98,ETH-27MAR20,1578308345099,open,0.25,4565.0,0.174,0.285,0.228636,84.96,0.284,0.0,ETH-27MAR20-160-P,142.0,81.41,0.222,164.0,0.233,1.0,87.28,0.26983,-0.14172,-0.24058,0.00691,-0.52546
146.44,ETH-26JUN20,1578308345104,open,0.24,829.0,0.197,0.305,0.251982,86.94,0.255,0.0,ETH-26JUN20-140-C,142.0,84.99,0.247,435.0,0.255,47.0,88.12,0.37386,-0.09455,0.27148,0.00426,0.64568
148.63,SYN.ETH-25SEP20,1578308345143,open,2.9,0.0,2.679,2.975,2.817949,105.9,None,0.0,ETH-25SEP20-560-P,142.0,0.0,0.0,0.0,0.0,0.0,0.0,0.29709,-0.05984,-3.92388,0.00176,-0.8477
143.98,ETH-27MAR20,1578308345145,open,2.41,0.0,2.238,2.453,2.339485,119.31,None,0.0,ETH-27MAR20-480-P,142.0,0.0,0.004,50.0,0.0,0.0,0.0,0.04767,-0.03516,-1.05542,0.00087,-0.96878
143.98,ETH-27MAR20,1578308345156,open,0.45,20.0,0.434,0.485,0.459288,95.77,0.613,0.0,ETH-27MAR20-80-C,142.0,0.0,0.444,46.0,0.468,45.0,109.25,0.08402,-0.04975,0.15236,0.00191,0.93686
143.98,ETH-27MAR20,1578308345156,open,1.01,161.0,0.897,1.045,0.966567,98.83,1.397,0.0,ETH-27MAR20-280-P,142.0,0.0,0.002,50.0,0.0,0.0,0.0,0.13207,-0.0807,-0.59049,0.00291,-0.88436
142.61,SYN.ETH-31JAN20,1578308345156,open,0.17,1.0,0.113,0.195,0.151245,68.06,0.148,0.0,ETH-31JAN20-160-P,142.0,66.66,0.15,68.0,0.156,240.0,73.32,0.12706,-0.17383,-0.08388,0.01347,-0.71183
142.61,SYN.ETH-31JAN20,1578308345156,open,0.0,1797.0,0.001,0.012,0.002106,107.0,0.001,0.0,ETH-31JAN20-260-C,142.0,96.93,0.001,650.0,0.003,975.0,112.75,0.01968,-0.04233,0.00195,0.00133,0.02219
142.61,SYN.ETH-31JAN20,1578308345155,open,0.72,0.0,0.635,0.742,0.685465,97.95,None,0.0,ETH-31JAN20-240-P,142.0,0.0,0.011,3.0,0.0,0.0,0.0,0.02407,-0.04738,-0.16107,0.00177,-0.97179
143.98,ETH-27MAR20,1578308345158,open,1.57,7.0,1.431,1.604,1.511952,108.84,1.702,0.0,ETH-27MAR20-360-P,142.0,0.0,0.01,30.0,0.0,0.0,0.0,0.08356,-0.05622,-0.78138,0.00167,-0.9373
146.44,ETH-26JUN20,1578308345162,open,0.17,3221.0,0.109,0.218,0.163085,87.42,0.136,0.0,ETH-26JUN20-180-C,142.0,86.29,0.16,758.0,0.173,692.0,91.04,0.40051,-0.10185,0.22022,0.00454,0.48244
143.98,ETH-27MAR20,1578308345162,open,0.6,30.0,0.509,0.644,0.573668,91.96,0.306,0.0,ETH-27MAR20-220-P,142.0,0.0,0.001,9.0,0.0,0.0,0.0,0.2021,-0.1149,-0.43098,0.00478,-0.77726
146.44,ETH-26JUN20,1578308345162,open,3.49,0.0,3.249,3.548,3.389364,115.39,None,0.0,ETH-26JUN20-640-P,142.0,0.0,0.01,50.0,0.0,0.0,0.0,0.13674,-0.0459,-2.97768,0.00117,-0.92877
143.98,ETH-27MAR20,1578308345162,open,0.02,1664.0,0.004,0.04,0.016341,105.29,0.016,0.0,ETH-27MAR20-320-C,142.0,102.0,0.014,890.0,0.018,1210.0,107.47,0.10671,-0.06946,0.02233,0.00221,0.08635
143.98,ETH-27MAR20,1578308345162,open,0.0,2350.0,0.001,0.016,0.004114,120.01,0.004,0.0,ETH-27MAR20-520-C,142.0,119.56,0.004,890.0,0.006,950.0,126.4,0.03727,-0.02765,0.0061,0.00068,0.02325
146.44,ETH-26JUN20,1578308345162,open,2.93,0.0,2.721,2.991,2.847397,112.04,None,0.0,ETH-26JUN20-560-P,142.0,0.0,0.01,50.0,0.0,0.0,0.0,0.15896,-0.05181,-2.59316,0.0014,-0.91312
143.98,ETH-27MAR20,1578308345162,open,2.13,0.0,1.969,2.17,2.063375,117.11,None,0.0,ETH-27MAR20-440-P,142.0,0.0,0.003,50.0,0.0,0.0,0.0,0.05839,-0.04227,-0.96454,0.00109,-0.96001
142.61,SYN.ETH-31JAN20,1578308345162,open,0.01,1615.0,0.001,0.019,0.00623,82.22,0.006,0.0,ETH-31JAN20-200-C,142.0,78.55,0.005,650.0,0.007,240.0,84.33,0.05054,-0.08353,0.0063,0.00443,0.07101
143.98,ETH-27MAR20,1578308345164,open,0.33,1100.0,0.306,0.375,0.341102,88.14,0.303,0.0,ETH-27MAR20-100-C,142.0,65.12,0.32,63.0,0.352,20.0,98.22,0.14992,-0.0817,0.16594,0.0037,0.86126
146.44,ETH-26JUN20,1578308345164,open,2.66,0.0,2.457,2.713,2.576864,109.96,None,0.0,ETH-26JUN20-520-P,142.0,0.0,0.01,50.0,0.0,0.0,0.0,0.17173,-0.05493,-2.40001,0.00155,-0.90356
146.44,ETH-26JUN20,1578308345164,open,0.77,4.0,0.656,0.827,0.73889,93.09,0.934,0.0,ETH-26JUN20-240-P,142.0,0.0,0.01,50.0,0.0,0.0,0.0,0.36165,-0.09794,-0.97503,0.00385,-0.67507
143.98,ETH-27MAR20,1578308345168,open,0.23,118.0,0.2,0.283,0.242126,84.29,0.19,0.0,ETH-27MAR20-120-C,142.0,78.89,0.234,57.0,0.253,20.0,91.43,0.21781,-0.11351,0.1603,0.00563,0.74459
146.44,ETH-26JUN20,1578308345168,open,2.38,0.0,2.194,2.437,2.307697,108.3,None,0.0,ETH-26JUN20-480-P,142.0,0.0,0.01,50.0,0.0,0.0,0.0,0.18912,-0.05958,-2.20496,0.00173,-0.88987
142.61,SYN.ETH-31JAN20,1578308345168,open,0.44,0.0,0.364,0.458,0.408567,81.94,None,0.0,ETH-31JAN20-200-P,142.0,0.0,0.011,3.0,0.0,0.0,0.0,0.05012,-0.08255,-0.13007,0.00441,-0.92976
146.44,ETH-26JUN20,1578308345170,open,1.56,1.0,1.409,1.616,1.506558,101.3,1.827,0.0,ETH-26JUN20-360-P,142.0,0.0,0.015,2.0,0.0,0.0,0.0,0.25618,-0.07549,-1.60987,0.0025,-0.82803
146.44,ETH-26JUN20,1578308345170,open,0.14,3221.0,0.086,0.194,0.138756,90.16,0.125,0.0,ETH-26JUN20-200-C,142.0,87.64,0.132,768.0,0.144,279.0,92.11,0.39339,-0.10318,0.19596,0.00432,0.42292
142.61,SYN.ETH-31JAN20,1578308345170,open,0.01,4144.0,0.001,0.016,0.005413,89.32,0.006,0.0,ETH-31JAN20-100-P,142.0,87.77,0.005,650.0,0.006,5.0,91.42,0.03878,-0.06963,-0.00545,0.00313,-0.05063
143.98,ETH-27MAR20,1578308345172,open,1.29,10.0,1.163,1.324,1.238718,105.08,1.59,0.0,ETH-27MAR20-320-P,142.0,0.0,0.011,5.0,0.0,0.0,0.0,0.10617,-0.06897,-0.68685,0.0022,-0.91423
142.61,SYN.ETH-31JAN20,1578308345172,open,0.03,2089.0,0.011,0.057,0.029375,68.15,0.025,0.0,ETH-31JAN20-160-C,142.0,66.6,0.028,217.0,0.029,10.0,67.73,0.12713,-0.17414,0.02518,0.01346,0.28849
143.98,ETH-27MAR20,1578308345177,open,2.98,0.0,2.777,3.02,2.892052,118.59,None,0.0,ETH-27MAR20-560-P,142.0,0.0,0.02,50.0,0.0,0.0,0.0,0.02657,-0.01948,-1.23669,0.00049,-0.98438
146.44,ETH-26JUN20,1578308345177,open,1.83,0.0,1.67,1.888,1.772097,103.99,None,0.0,ETH-26JUN20-400-P,142.0,0.0,0.01,50.0,0.0,0.0,0.0,0.23068,-0.06978,-1.81051,0.0022,-0.85345
143.98,ETH-27MAR20,1578308345177,open,2.69,0.0,2.507,2.736,2.615476,119.02,None,0.0,ETH-27MAR20-520-P,142.0,0.0,0.006,50.0,0.0,0.0,0.0,0.03572,-0.02628,-1.14638,0.00065,-0.97789
143.98,ETH-27MAR20,1578308345232,open,0.74,118.0,0.635,0.772,0.700035,92.81,0.978,0.0,ETH-27MAR20-240-P,142.0,0.0,0.005,10.0,0.0,0.0,0.0,0.172,-0.09869,-0.48788,0.00403,-0.82924
143.98,ETH-27MAR20,1578308345232,open,0.0,2781.0,0.001,0.011,0.001479,120.0,0.002,0.0,ETH-27MAR20-640-C,142.0,124.0,0.002,890.0,0.004,950.0,134.62,0.01676,-0.01243,0.00246,0.0003,0.00918
146.44,ETH-26JUN20,1578308345232,open,1.03,0.0,0.9,1.083,0.987673,96.0,None,0.0,ETH-26JUN20-280-P,142.0,0.0,0.011,3.0,0.0,0.0,0.0,0.32361,-0.09038,-1.19384,0.00334,-0.7436
142.61,SYN.ETH-31JAN20,1578308345232,open,0.58,1.0,0.499,0.599,0.546295,89.65,0.739,0.0,ETH-31JAN20-220-P,142.0,0.0,0.011,3.0,0.0,0.0,0.0,0.03296,-0.05939,-0.14627,0.00265,-0.95865
142.61,SYN.ETH-31JAN20,1578308345232,open,0.0,825.0,0.001,0.012,0.00266,98.64,0.001,0.0,ETH-31JAN20-240-C,142.0,94.49,0.002,652.0,0.003,265.0,100.52,0.02477,-0.04911,0.00258,0.00181,0.0292
143.98,ETH-27MAR20,1578308345234,open,0.01,1572.0,0.002,0.032,0.011778,109.14,0.01,0.0,ETH-27MAR20-360-C,142.0,105.96,0.01,1190.0,0.013,649.0,111.17,0.08427,-0.05686,0.01646,0.00168,0.06339
146.44,ETH-26JUN20,1578308345234,open,1.29,0.0,1.152,1.347,1.244528,98.69,1.06,0.0,ETH-26JUN20-320-P,142.0,0.0,0.015,2.0,0.0,0.0,0.0,0.28744,-0.08252,-1.40479,0.00288,-0.79266
142.61,SYN.ETH-31JAN20,1578308345234,open,0.3,25.0,0.232,0.321,0.274418,74.39,0.35,0.0,ETH-31JAN20-180-P,142.0,0.0,0.012,5.0,0.0,0.0,0.0,0.08093,-0.12101,-0.11072,0.00785,-0.86475
146.44,ETH-26JUN20,1578308345236,open,0.53,245.0,0.428,0.584,0.504503,90.16,0.71,0.0,ETH-26JUN20-200-P,142.0,17.88,0.366,1.0,0.532,1.0,100.33,0.39339,-0.10318,-0.74583,0.00432,-0.57708
143.98,ETH-27MAR20,1578308345236,open,1.85,5.0,1.7,1.887,1.787661,113.97,2.004,0.0,ETH-27MAR20-400-P,142.0,0.0,0.046,50.0,0.0,0.0,0.0,0.07087,-0.04994,-0.87311,0.00135,-0.94912
143.98,ETH-27MAR20,1578308345238,open,0.36,1550.0,0.274,0.397,0.334214,87.35,0.407,0.0,ETH-27MAR20-180-P,142.0,64.79,0.296,30.0,0.0,0.0,0.0,0.25541,-0.13792,-0.30829,0.00637,-0.63212
143.98,ETH-27MAR20,1578308345238,open,0.0,1809.0,0.001,0.012,0.002893,120.0,0.003,0.0,ETH-27MAR20-560-C,142.0,120.54,0.003,890.0,0.005,650.0,128.74,0.02845,-0.02111,0.00447,0.00052,0.01692
142.61,SYN.ETH-31JAN20,1578308345238,open,0.0,2026.0,0.001,0.014,0.003723,90.12,0.004,0.0,ETH-31JAN20-220-C,142.0,86.84,0.003,650.0,0.005,1215.0,95.08,0.03354,-0.06075,0.00374,0.00269,0.04225
142.61,SYN.ETH-31JAN20,1578308345238,open,0.87,0.0,0.771,0.886,0.825144,106.05,None,0.0,ETH-31JAN20-260-P,142.0,0.0,0.011,3.0,0.0,0.0,0.0,0.01889,-0.04026,-0.17533,0.00129,-0.97886
143.98,ETH-27MAR20,1578308345240,open,3.26,0.0,3.046,3.303,3.169014,117.99,None,0.0,ETH-27MAR20-600-P,142.0,0.0,0.03,50.0,0.0,0.0,0.0,0.01955,-0.01426,-1.32653,0.00036,-0.98905
146.44,ETH-26JUN20,1578308345240,open,0.32,705.0,0.229,0.362,0.294646,87.07,0.316,0.0,ETH-26JUN20-160-P,142.0,74.69,0.261,33.0,0.328,212.0,99.46,0.39638,-0.1004,-0.50672,0.00451,-0.44018
142.61,SYN.ETH-31JAN20,1578308345240,open,0.29,1.0,0.279,0.329,0.304244,89.5,0.245,0.0,ETH-31JAN20-100-C,142.0,0.0,0.298,3.0,0.313,36.0,114.3,0.03896,-0.07009,0.06267,0.00314,0.94907
143.98,ETH-27MAR20,1578308345243,open,3.54,0.0,3.316,3.588,3.446232,117.12,None,0.0,ETH-27MAR20-640-P,142.0,0.0,0.01,50.0,0.0,0.0,0.0,0.01411,-0.01022,-1.41606,0.00026,-0.99246
146.44,ETH-26JUN20,1578308345245,open,2.11,0.0,1.931,2.162,2.039014,106.1,None,0.0,ETH-26JUN20-440-P,142.0,0.0,0.01,50.0,0.0,0.0,0.0,0.20764,-0.06409,-2.00897,0.00194,-0.87433
146.44,ETH-26JUN20,1578308345245,open,3.21,0.0,2.985,3.27,3.118193,113.78,None,0.0,ETH-26JUN20-600-P,142.0,0.0,0.01,50.0,0.0,0.0,0.0,0.14713,-0.0487,-2.78574,0.00128,-0.9216
142.61,SYN.ETH-31JAN20,1578308345245,open,0.16,350.0,0.145,0.208,0.17679,74.46,0.125,0.0,ETH-31JAN20-120-C,142.0,0.0,0.152,56.0,0.199,56.0,105.35,0.09142,-0.13681,0.06424,0.00886,0.83774
143.98,ETH-27MAR20,1578308345247,open,0.01,1189.0,0.001,0.024,0.007607,117.63,0.006,0.0,ETH-27MAR20-440-C,142.0,113.44,0.006,890.0,0.009,1304.0,120.83,0.05943,-0.04322,0.01061,0.0011,0.04087
7574.05,SYN.BTC-17JAN20,1578308345457,open,0.03,45.8,0.0165,0.0625,0.02829327,48.1,0.0295,0.0,BTC-17JAN20-7500-P,7556.92,46.2,0.027,18.5,0.03,34.5,50.61,5.14958,-11.38716,-1.04894,0.00063,-0.4365
7563.1,SYN.BTC-10JAN20,1578308345458,open,0.02,1115.7,0.01,0.052,0.0239757,47.7,0.022,0.0,BTC-10JAN20-7500-C,7556.92,46.51,0.0235,14.0,0.025,2.0,50.23,3.05056,-18.77422,0.44436,0.00105,0.57731
7563.1,SYN.BTC-10JAN20,1578308345460,open,0.04,14.6,0.0175,0.065,0.03500784,48.77,0.0405,0.0,BTC-10JAN20-7750-P,7556.92,46.05,0.034,0.3,0.036,1.1,51.46,2.79625,-17.59514,-0.57215,0.00094,-0.67745
7595.95,SYN.BTC-31JAN20,1578308345467,open,0.0,230.7,0.0005,0.0145,0.00390502,72.33,0.003,0.0,BTC-31JAN20-10500-C,7556.92,68.86,0.003,39.0,0.0045,62.0,74.37,2.12953,-3.09614,0.25211,7e-05,0.05261
7574.05,SYN.BTC-17JAN20,1578308345480,open,0.08,145.9,0.0655,0.1135,0.08536839,53.24,0.085,0.0,BTC-17JAN20-7000-C,7556.92,47.85,0.083,6.0,0.0865,20.0,55.67,3.46757,-8.48743,1.6509,0.00038,0.81689
7574.05,SYN.BTC-17JAN20,1578308345483,open,0.08,145.9,0.0655,0.1135,0.08536839,53.24,0.085,0.0,BTC-17JAN20-7000-C,7556.92,47.85,0.083,6.0,0.0865,24.8,55.67,3.46757,-8.48743,1.6509,0.00038,0.81689
7639.74,SYN.BTC-28FEB20,1578308345483,open,0.1,36.7,0.0745,0.1355,0.10256228,62.05,0.099,0.0,BTC-28FEB20-7500-C,7556.92,59.99,0.0995,28.0,0.104,30.8,63.01,11.37907,-6.67691,5.25943,0.00022,0.57779
7563.1,SYN.BTC-10JAN20,1578308345484,open,0.01,826.4,0.0005,0.035,0.01029596,48.81,0.01,0.0,BTC-10JAN20-7750-C,7556.92,46.63,0.0095,30.0,0.011,41.5,50.69,2.79667,-17.60892,0.25086,0.00094,0.32267
7639.74,SYN.BTC-28FEB20,1578308345494,open,0.1,36.7,0.0745,0.1355,0.10256228,62.05,0.099,0.0,BTC-28FEB20-7500-C,7556.92,59.99,0.0995,28.0,0.104,30.7,63.01,11.37907,-6.67691,5.25943,0.00022,0.57779
7563.1,SYN.BTC-10JAN20,1578308345504,open,0.01,826.4,0.0005,0.035,0.01029596,48.81,0.01,0.0,BTC-10JAN20-7750-C,7556.92,46.63,0.0095,30.0,0.011,41.4,50.69,2.79667,-17.60892,0.25086,0.00094,0.32267
7835.53,BTC-26JUN20,1578308345944,open,0.04,162.5,0.019,0.085,0.04348999,85.14,0.045,0.0,BTC-26JUN20-16000-C,7557.02,84.58,0.0425,16.8,0.044,0.1,85.42,13.92135,-3.44794,4.8973,6e-05,0.17622
7835.53,BTC-26JUN20,1578308345944,open,0.08,461.9,0.048,0.133,0.08317097,79.96,0.0825,0.0,BTC-26JUN20-12000-C,7557.02,78.85,0.0805,22.2,0.086,30.8,81.13,18.90688,-4.39802,8.28357,8e-05,0.30768
7835.53,BTC-26JUN20,1578308345944,open,0.62,17.8,0.612,0.64,0.62406721,84.16,0.612,0.0,BTC-26JUN20-3000-C,7557.02,60.33,0.618,11.0,0.627,11.1,90.68,3.19698,-0.78269,12.92922,1e-05,0.97448
7835.53,BTC-26JUN20,1578308345944,open,0.04,323.1,0.023,0.073,0.04270323,75.13,0.0455,0.0,BTC-26JUN20-5000-P,7557.02,74.29,0.0415,15.5,0.0445,21.1,76.36,11.33893,-2.47808,-6.35057,5e-05,-0.12941
7835.53,BTC-26JUN20,1578308345944,open,0.15,190.2,0.114,0.211,0.15759863,77.22,0.152,0.0,BTC-26JUN20-9000-C,7557.02,74.99,0.1515,17.7,0.156,12.6,76.63,21.45046,-4.81839,12.68427,0.0001,0.50137
7574.05,SYN.BTC-17JAN20,1578308345944,open,0.24,0.0,0.2255,0.2595,0.2417851,79.05,None,0.0,BTC-17JAN20-5750-C,7557.02,0.0,0.228,15.0,0.252,9.0,133.01,0.59027,-2.14509,1.66956,4e-05,0.98158
7683.46,BTC-27MAR20,1578308345945,open,0.48,7.4,0.471,0.503,0.4853194,84.37,0.4255,0.0,BTC-27MAR20-4000-C,7557.02,48.36,0.4795,15.8,0.4955,18.0,106.6,2.64441,-1.37941,8.20518,2e-05,0.96727
7683.46,BTC-27MAR20,1578308345946,open,0.85,59.0,0.793,0.8935,0.83795669,85.3,0.877,0.0,BTC-27MAR20-14000-P,7557.02,0.0,0.4,0.5,1.0775,0.1,235.07,6.25048,-3.29624,-29.62378,6e-05,-0.90208
7563.1,SYN.BTC-10JAN20,1578308345944,open,0.1,0.0,0.07,0.119,0.09322402,60.41,None,0.0,BTC-10JAN20-8250-P,7557.02,0.0,0.043,2.2,0.1435,2.2,212.22,1.22408,-9.53975,-0.80883,0.00033,-0.91394
7639.72,SYN.BTC-28FEB20,1578308345944,open,0.09,53.1,0.0565,0.119,0.08427136,62.05,0.0885,0.0,BTC-28FEB20-7500-P,7557.02,61.53,0.0835,15.0,0.0865,19.8,63.54,11.37908,-6.67619,-5.6054,0.00022,-0.42221
7952.72,SYN.BTC-25SEP20,1578308345944,open,0.25,32.7,0.201,0.307,0.24922955,75.54,0.25,0.0,BTC-25SEP20-8000-C,7557.02,74.39,0.2455,9.2,0.259,8.0,78.58,25.65143,-3.6857,21.36303,7e-05,0.62221
7595.94,SYN.BTC-31JAN20,1578308345944,open,0.4,0.0,0.3565,0.421,0.38622138,72.33,None,0.0,BTC-31JAN20-10500-P,7557.02,0.0,0.336,1.0,0.4365,1.0,152.34,2.12881,-3.09475,-6.90401,7e-05,-0.94742
7952.72,SYN.BTC-25SEP20,1578308345944,open,0.18,62.1,0.1355,0.238,0.18098881,75.54,0.182,0.0,BTC-25SEP20-7000-P,7557.02,73.18,0.174,0.1,0.1805,12.8,75.38,23.52507,-3.38022,-27.6451,7e-05,-0.30168
7595.94,SYN.BTC-31JAN20,1578308345945,open,0.01,953.8,0.002,0.028,0.01191804,59.57,0.012,0.0,BTC-31JAN20-6500-P,7557.02,58.84,0.0115,20.5,0.0125,4.3,60.56,4.41666,-5.28813,-0.78717,0.00019,-0.14014
7952.72,SYN.BTC-25SEP20,1578308345944,open,0.18,52.2,0.1265,0.235,0.1748424,76.29,0.177,0.0,BTC-25SEP20-10000-C,7557.02,76.19,0.1745,23.0,0.1775,1.0,77.07,26.91272,-3.90508,17.93564,8e-05,0.48799
7574.05,SYN.BTC-17JAN20,1578308345944,open,0.17,0.0,0.134,0.188,0.15870204,57.4,None,0.0,BTC-17JAN20-8750-P,7557.02,0.0,0.109,2.2,0.2095,2.2,156.62,1.93847,-5.11585,-2.43505,0.0002,-0.92028
7574.05,SYN.BTC-17JAN20,1578308345944,open,0.2,0.0,0.166,0.2195,0.19087087,61.84,None,0.0,BTC-17JAN20-9000-P,7557.02,0.0,0.141,2.2,0.2415,2.2,167.62,1.53881,-4.37514,-2.5542,0.00015,-0.94091
7574.05,SYN.BTC-17JAN20,1578308345944,open,0.11,97.5,0.094,0.1385,0.11403105,56.09,0.0795,0.0,BTC-17JAN20-6750-C,7557.02,49.08,0.112,21.6,0.115,19.5,59.01,2.42346,-6.24905,1.75609,0.00025,0.89217
7952.72,SYN.BTC-25SEP20,1578308345944,open,0.3,3.9,0.255,0.3545,0.30078351,75.54,0.295,0.0,BTC-25SEP20-7000-C,7557.02,73.93,0.296,16.1,0.3085,8.0,78.15,23.52509,-3.38018,22.76957,7e-05,0.69832
7595.94,SYN.BTC-31JAN20,1578308345945,open,0.15,15.2,0.1105,0.17,0.13827177,55.59,0.2965,0.0,BTC-31JAN20-8500-P,7557.02,0.0,0.1155,2.8,0.1855,6.5,105.97,6.1817,-6.90669,-4.64386,0.00028,-0.75878
7563.1,SYN.BTC-10JAN20,1578308345944,open,0.1,74.5,0.0895,0.1295,0.10889558,67.33,0.085,0.0,BTC-10JAN20-6750-C,7557.02,55.84,0.108,20.0,0.1225,8.0,133.91,0.76572,-6.65097,0.67783,0.00019,0.95294
7574.05,SYN.BTC-17JAN20,1578308345944,open,0.14,0.1,0.1255,0.1665,0.14534253,62.56,0.113,0.0,BTC-17JAN20-6500-C,7557.02,53.22,0.1435,18.0,0.146,17.1,65.26,1.7702,-5.09141,1.76908,0.00017,0.92923
142.27,SYN.ETH-17JAN20,1578308346015,open,0.23,0.0,0.162,0.24,0.199346,71.17,None,0.0,ETH-17JAN20-170-P,142.0,0.0,0.0,0.0,0.0,0.0,0.0,0.03737,-0.12229,-0.04734,0.00871,-0.91748
142.27,SYN.ETH-17JAN20,1578308346015,open,0.0,16.0,0.001,0.017,0.004415,71.21,0.003,0.0,ETH-17JAN20-170-C,142.0,69.6,0.004,650.0,0.005,301.0,73.37,0.03742,-0.12251,0.00332,0.00871,0.08266
142.09,SYN.ETH-10JAN20,1578308346017,open,0.22,0.0,0.162,0.235,0.196969,82.48,None,0.0,ETH-10JAN20-170-P,142.0,0.0,0.0,0.0,0.0,0.0,0.0,0.0069,-0.07339,-0.01777,0.0039,-0.98064
142.27,SYN.ETH-17JAN20,1578308346017,open,0.0,0.229,0.308,0.266719,71.32,None,0.0,ETH-17JAN20-180-P,142.0,0.0,0.0,0.0,0.0,0.0,0.0,0.01772,-0.05811,-0.05233,0.00412,-0.96779
142.27,SYN.ETH-17JAN20,1578308346017,open,0.0,0.001,0.011,0.001498,71.42,None,0.0,ETH-17JAN20-180-C,142.0,66.94,0.001,300.0,0.003,300.0,81.03,0.01781,-0.05847,0.00131,0.00413,0.0324
142.09,SYN.ETH-10JAN20,1578308346017,open,0.0,208.0,0.001,0.011,0.000589,82.57,0.002,0.0,ETH-10JAN20-170-C,142.0,0.0,0.0,0.0,0.001,1.0,89.61,0.00693,-0.0738,0.00028,0.00391,0.01947
142.61,SYN.ETH-31JAN20,1578308346162,open,0.02,473.0,0.005,0.04,0.019043,71.68,0.011,0.0,ETH-31JAN20-170-C,142.0,68.82,0.017,217.0,0.02,297.0,72.98,0.1039,-0.14969,0.01749,0.01046,0.19895
142.61,SYN.ETH-31JAN20,1578308346162,open,0.01,1195.0,0.001,0.024,0.009637,80.61,0.012,0.0,ETH-31JAN20-110-P,142.0,76.61,0.008,890.0,0.011,565.0,83.73,0.06061,-0.09821,-0.00971,0.00542,-0.0903
142.61,SYN.ETH-31JAN20,1578308346162,open,0.04,689.0,0.025,0.081,0.049243,67.69,0.048,0.0,ETH-31JAN20-150-C,142.0,65.49,0.047,144.0,0.05,160.0,68.43,0.14565,-0.19818,0.0362,0.01552,0.42169
142.61,SYN.ETH-31JAN20,1578308346162,open,0.11,152.0,0.089,0.155,0.122663,70.18,0.08,0.0,ETH-31JAN20-130-C,142.0,65.95,0.119,68.0,0.124,647.0,71.71,0.12429,-0.17534,0.05851,0.01278,0.7247
142.61,SYN.ETH-31JAN20,1578308346162,open,0.22,0.0,0.21,0.266,0.238314,80.65,None,0.0,ETH-31JAN20-110-C,142.0,0.0,0.228,56.0,0.248,55.0,100.25,0.06065,-0.09833,0.06524,0.00543,0.90961
142.61,SYN.ETH-31JAN20,1578308346162,open,0.0,134.0,0.001,0.012,0.002875,97.91,0.003,0.0,ETH-31JAN20-90-P,142.0,91.93,0.002,890.0,0.004,590.0,104.2,0.02313,-0.04551,-0.00289,0.0017,-0.02689
142.61,SYN.ETH-31JAN20,1578308346164,open,0.24,0.0,0.169,0.255,0.211088,71.64,None,0.0,ETH-31JAN20-170-P,142.0,0.0,0.001,30.0,1.217,6.0,500.0,0.10385,-0.14955,-0.09839,0.01046,-0.80119
142.61,SYN.ETH-31JAN20,1578308346164,open,0.04,203.0,0.014,0.061,0.034227,70.16,0.04,0.0,ETH-31JAN20-130-P,142.0,67.6,0.032,212.0,0.036,273.0,72.19,0.12428,-0.17527,-0.03008,0.01278,-0.27526
143.29,SYN.ETH-28FEB20,1578308346176,open,0.03,35.0,0.012,0.054,0.029591,81.55,0.045,0.0,ETH-28FEB20-110-P,142.0,79.8,0.028,192.0,0.032,504.0,84.16,0.13104,-0.10105,-0.03872,0.0054,-0.15695
143.29,SYN.ETH-28FEB20,1578308346176,open,0.01,779.0,0.002,0.026,0.011126,90.67,0.011,0.0,ETH-28FEB20-90-P,142.0,88.26,0.01,240.0,0.013,561.0,94.45,0.06851,-0.05874,-0.01564,0.00254,-0.06423
143.29,SYN.ETH-28FEB20,1578308346176,open,0.05,86.0,0.022,0.078,0.0471,79.19,0.06,0.0,ETH-28FEB20-120-P,142.0,77.36,0.045,20.0,0.049,492.0,80.83,0.16555,-0.12396,-0.05749,0.00703,-0.22985
143.29,SYN.ETH-28FEB20,1578308346176,open,0.07,18.0,0.041,0.111,0.074728,77.79,0.069,0.0,ETH-28FEB20-160-C,142.0,75.27,0.071,438.0,0.078,1124.0,80.0,0.21217,-0.15608,0.06985,0.00917,0.41123
143.29,SYN.ETH-28FEB20,1578308346176,open,0.02,336.0,0.006,0.037,0.01811,85.23,0.031,0.0,ETH-28FEB20-100-P,142.0,83.57,0.017,240.0,0.02,561.0,87.97,0.09699,-0.07817,-0.0249,0.00383,-0.10183
143.29,SYN.ETH-28FEB20,1578308346179,open,0.31,21.0,0.291,0.35,0.320278,85.27,0.267,0.0,ETH-28FEB20-100-C,142.0,0.0,0.299,39.0,0.329,39.0,97.23,0.09706,-0.07826,0.11994,0.00383,0.89807
143.29,SYN.ETH-28FEB20,1578308346179,open,0.05,3.0,0.028,0.092,0.058027,79.17,0.059,0.0,ETH-28FEB20-170-C,142.0,76.99,0.055,212.0,0.061,1233.0,81.3,0.19951,-0.14936,0.05823,0.00847,0.33853
143.29,SYN.ETH-28FEB20,1578308346179,open,0.37,20.0,0.358,0.409,0.383077,90.73,0.328,0.0,ETH-28FEB20-90-C,142.0,42.59,0.372,42.0,0.39,41.0,103.65,0.06859,-0.05885,0.11471,0.00254,0.93568
143.29,SYN.ETH-28FEB20,1578308346179,open,0.25,5.0,0.228,0.295,0.261976,81.59,0.229,0.0,ETH-28FEB20-110-C,142.0,44.2,0.236,59.0,0.27,59.0,90.08,0.13108,-0.10113,0.12061,0.0054,0.84297
143.29,SYN.ETH-28FEB20,1578308346179,open,0.16,0.0,0.101,0.191,0.144574,77.34,None,0.0,ETH-28FEB20-150-P,142.0,74.98,0.141,144.0,0.149,144.0,80.25,0.21757,-0.15911,-0.13448,0.00946,-0.50327
143.29,SYN.ETH-28FEB20,1578308346179,open,0.21,0.0,0.144,0.241,0.191258,77.76,None,0.0,ETH-28FEB20-160-P,142.0,75.55,0.188,144.0,0.197,144.0,81.63,0.21216,-0.156,-0.16194,0.00917,-0.58886
143.29,SYN.ETH-28FEB20,1578308346182,open,0.27,0.0,0.194,0.297,0.244341,79.13,None,0.0,ETH-28FEB20-170-P,142.0,0.0,0.001,5.0,0.0,0.0,0.0,0.19948,-0.14926,-0.18806,0.00847,-0.6616
143.29,SYN.ETH-28FEB20,1578308346182,open,0.39,0.0,0.309,0.418,0.361624,82.1,None,0.0,ETH-28FEB20-190-P,142.0,0.0,0.001,5.0,0.0,0.0,0.0,0.16466,-0.12784,-0.23539,0.00674,-0.77234
143.29,SYN.ETH-28FEB20,1578308346182,open,0.32,0.0,0.25,0.356,0.301303,80.48,None,0.0,ETH-28FEB20-180-P,142.0,0.0,0.001,5.0,0.0,0.0,0.0,0.18267,-0.13901,-0.2126,0.00763,-0.72287
143.29,SYN.ETH-28FEB20,1578308346182,open,0.03,202.0,0.014,0.065,0.035744,82.15,0.03,0.0,ETH-28FEB20-190-C,142.0,79.74,0.033,862.0,0.038,686.0,84.1,0.16474,-0.12798,0.03988,0.00674,0.22786
142.27,SYN.ETH-17JAN20,1578308346396,open,0.21,0.0,0.204,0.255,0.229381,89.05,None,0.0,ETH-17JAN20-110-C,142.0,0.0,0.226,1.0,0.247,6.0,152.95,0.02118,-0.0867,0.03097,0.00394,0.95997
7563.1,SYN.BTC-10JAN20,1578308346404,open,0.02,1115.7,0.01,0.052,0.02397578,47.69,0.022,0.0,BTC-10JAN20-7500-C,7557.02,46.51,0.0235,14.0,0.025,16.5,50.23,3.05054,-18.76823,0.44438,0.00105,0.57733
7563.1,SYN.BTC-10JAN20,1578308346407,open,0.02,1115.7,0.01,0.052,0.02397578,47.69,0.022,0.0,BTC-10JAN20-7500-C,7557.02,46.51,0.0235,14.0,0.025,24.9,50.23,3.05054,-18.76823,0.44438,0.00105,0.57733
7563.1,SYN.BTC-10JAN20,1578308346430,open,0.01,826.4,0.0005,0.035,0.01029593,48.8,0.01,0.0,BTC-10JAN20-7750-C,7557.02,46.63,0.0095,30.0,0.011,56.4,50.69,2.79653,-17.60472,0.25083,0.00094,0.32263
148.63,SYN.ETH-25SEP20,1578308346433,open,0.69,0.0,0.57,0.752,0.659455,91.75,None,0.0,ETH-25SEP20-220-P,142.0,0.0,0.0,0.0,0.687,1.0,99.91,0.49993,-0.08725,-1.28985,0.00342,-0.5455
148.63,SYN.ETH-25SEP20,1578308346433,open,0.18,8.0,0.117,0.243,0.179275,91.75,0.155,0.0,ETH-25SEP20-220-C,142.0,89.88,0.173,673.0,0.184,279.0,93.16,0.49993,-0.08725,0.29461,0.00342,0.4545
148.63,SYN.ETH-25SEP20,1578308346488,open,0.43,0.0,0.393,0.487,0.440669,88.93,None,0.0,ETH-25SEP20-100-C,142.0,74.19,0.408,52.0,0.462,52.0,98.34,0.33489,-0.05664,0.40241,0.00237,0.81659
148.63,SYN.ETH-25SEP20,1578308346488,open,0.31,22.0,0.254,0.372,0.31454,88.64,0.324,0.0,ETH-25SEP20-140-C,142.0,87.48,0.311,386.0,0.324,160.0,91.74,0.45359,-0.07647,0.38657,0.00322,0.67567
148.63,SYN.ETH-25SEP20,1578308346488,open,0.46,0.0,0.36,0.521,0.43955,88.64,0.58,0.0,ETH-25SEP20-180-P,142.0,0.0,0.0,0.0,0.511,1.0,110.16,0.49951,-0.08421,-0.95397,0.00354,-0.45164
148.63,SYN.ETH-25SEP20,1578308346488,open,0.22,20.0,0.165,0.291,0.228493,88.64,0.254,0.0,ETH-25SEP20-180-C,142.0,88.49,0.228,385.0,0.238,272.0,91.47,0.49951,-0.08421,0.34241,0.00354,0.54836
148.63,SYN.ETH-25SEP20,1578308346488,open,0.26,21.0,0.204,0.328,0.267518,88.64,0.256,0.0,ETH-25SEP20-160-C,142.0,87.86,0.265,404.0,0.278,120.0,91.86,0.48412,-0.08162,0.36611,0.00343,0.60954
148.63,SYN.ETH-25SEP20,1578308346488,open,0.36,0.0,0.271,0.419,0.344012,88.64,None,0.0,ETH-25SEP20-160-P,142.0,19.7,0.114,1.0,0.381,1.0,100.09,0.48412,-0.08162,-0.78622,0.00343,-0.39046
148.63,SYN.ETH-25SEP20,1578308346488,open,0.27,154.0,0.192,0.323,0.256473,88.64,0.261,0.0,ETH-25SEP20-140-P,142.0,85.87,0.248,378.0,0.261,382.0,90.12,0.45359,-0.07647,-0.62172,0.00322,-0.32433
148.63,SYN.ETH-25SEP20,1578308346490,open,0.36,4.0,0.315,0.424,0.371345,88.64,0.354,0.0,ETH-25SEP20-120-C,142.0,74.59,0.333,52.0,0.385,160.0,93.66,0.40457,-0.06821,0.40057,0.00287,0.74555
148.63,SYN.ETH-25SEP20,1578308346490,open,0.62,0.0,0.601,0.654,0.62732,94.34,None,0.0,ETH-25SEP20-60-C,142.0,72.42,0.608,57.0,0.635,57.0,101.41,0.15532,-0.02787,0.33193,0.00103,0.9374
148.63,SYN.ETH-25SEP20,1578308346490,open,0.52,0.0,0.488,0.563,0.526138,90.67,None,0.0,ETH-25SEP20-80-C,142.0,73.35,0.499,53.0,0.539,53.0,98.23,0.24795,-0.04276,0.38193,0.00172,0.88293
143.29,SYN.ETH-28FEB20,1578308346634,open,0.44,0.0,0.427,0.471,0.448804,98.35,None,0.0,ETH-28FEB20-80-C,142.0,0.0,0.441,1.0,0.455,43.0,114.13,0.04752,-0.0442,0.106,0.00162,0.95945
143.29,SYN.ETH-28FEB20,1578308346635,open,0.01,653.0,0.001,0.018,0.007094,98.35,0.007,0.0,ETH-28FEB20-80-P,142.0,94.9,0.006,240.0,0.008,320.0,100.99,0.04752,-0.0442,-0.00989,0.00162,-0.04055
143.29,SYN.ETH-28FEB20,1578308346635,open,0.45,0.0,0.371,0.482,0.424306,83.84,None,0.0,ETH-28FEB20-200-P,142.0,0.0,0.001,5.0,0.0,0.0,0.0,0.14703,-0.11656,-0.25664,0.0059,-0.81201
143.98,ETH-27MAR20,1578308346865,open,0.39,0.0,0.368,0.428,0.398252,91.38,None,0.0,ETH-27MAR20-90-C,142.02,61.72,0.38,43.0,0.41,43.0,105.03,0.11503,-0.06499,0.16149,0.00274,0.90446
