underlying_price,underlying_index,timestamp,state,settlement_price,open_interest,min_price,max_price,mark_price,mark_iv,last_price,interest_rate,instrument_name,index_price,bid_iv,best_bid_price,best_bid_amount,best_ask_price,best_ask_amount,ask_iv,vega,theta,rho,gamma,delta
143.42,SYN.ETH-24JAN20,1578740339997,open,0.01,125.0,0.001,0.021,0.006745,70.39,0.007,0.0,ETH-24JAN20-170-C,143.0,65.17,0.005,600.0,0.009,600.0,76.34,0.05106,-0.13956,0.00529,0.01,0.11124
143.64,SYN.ETH-31JAN20,1578740340010,open,0.04,715.0,0.021,0.076,0.04294,65.83,0.048,0.0,ETH-31JAN20-150-C,143.0,62.63,0.04,683.0,0.046,503.0,69.21,0.13094,-0.21684,0.0294,0.0177,0.41874
143.65,SYN.ETH-31JAN20,1578740340012,open,0.02,2318.0,0.008,0.051,0.024936,68.25,0.027,0.0,ETH-31JAN20-160-C,143.0,64.44,0.022,762.0,0.028,522.0,72.15,0.11188,-0.19208,0.01957,0.01459,0.27517
143.64,SYN.ETH-31JAN20,1578740340013,open,0.01,566.0,0.003,0.033,0.014078,70.26,0.013,0.0,ETH-31JAN20-170-C,143.0,68.44,0.013,480.0,0.016,296.0,73.43,0.08552,-0.15115,0.01237,0.01083,0.17218
145.48,ETH-27MAR20,1578740340015,open,0.09,36.0,0.055,0.134,0.092375,81.35,0.094,0.0,ETH-27MAR20-130-P,143.0,79.26,0.089,587.0,0.097,267.0,84.21,0.23482,-0.12588,-0.12244,0.00656,-0.3125
145.48,ETH-27MAR20,1578740340027,open,0.06,3227.0,0.026,0.093,0.056223,87.78,0.061,0.0,ETH-27MAR20-200-C,143.0,85.65,0.053,597.0,0.061,478.0,90.89,0.22168,-0.12823,0.06643,0.00574,0.27589
145.48,ETH-27MAR20,1578740340038,open,0.04,1694.0,0.016,0.074,0.040866,90.0,0.034,0.0,ETH-27MAR20-220-C,143.0,87.8,0.038,679.0,0.043,593.0,91.61,0.19174,-0.11372,0.05147,0.00484,0.21107
148.17,ETH-26JUN20,1578740340042,open,0.21,174.0,0.152,0.263,0.207961,89.01,0.203,0.0,ETH-26JUN20-160-C,143.0,87.13,0.203,449.0,0.212,266.0,90.52,0.39373,-0.105,0.24442,0.00441,0.56879
148.17,ETH-26JUN20,1578740340044,open,0.08,611.0,0.036,0.127,0.076885,97.03,0.073,0.0,ETH-26JUN20-280-C,143.0,95.24,0.073,431.0,0.081,431.0,98.89,0.32525,-0.09456,0.12434,0.00334,0.26043
143.65,SYN.ETH-31JAN20,1578740340162,open,0.24,0.0,0.213,0.266,0.239891,80.18,None,0.0,ETH-31JAN20-110-C,143.0,0.0,0.234,1.0,0.254,34.0,115.19,0.04212,-0.08495,0.05443,0.00468,0.93576
143.65,SYN.ETH-31JAN20,1578740340164,open,0.37,0.0,0.355,0.394,0.374478,93.71,None,0.0,ETH-31JAN20-90-C,143.0,0.0,0.373,1.0,0.385,38.0,149.88,0.0107,-0.02522,0.04797,0.00102,0.9877
144.56,SYN.ETH-28FEB20,1578740340176,open,0.21,60.0,0.171,0.241,0.206612,75.63,0.177,0.0,ETH-28FEB20-120-C,143.0,65.0,0.196,240.0,0.212,1.0,80.76,0.14962,-0.11817,0.11119,0.00722,0.793
144.56,SYN.ETH-28FEB20,1578740340176,open,0.04,92.0,0.016,0.064,0.036711,75.65,0.044,0.0,ETH-28FEB20-120-P,143.0,73.01,0.034,432.0,0.039,480.0,77.85,0.14963,-0.11822,-0.04622,0.00722,-0.20704
144.56,SYN.ETH-28FEB20,1578740340179,open,0.39,20.0,0.362,0.41,0.385619,89.72,0.328,0.0,ETH-28FEB20-90-C,143.0,0.0,0.377,3.0,0.398,40.0,114.9,0.05615,-0.05261,0.10654,0.00228,0.94748
8058.03,SYN.BTC-17JAN20,1578740340205,open,0.02,1425.1,0.0055,0.042,0.01700573,53.25,0.0175,0.0,BTC-17JAN20-8250-C,8046.71,53.26,0.017,5.0,0.018,2.4,55.33,3.88165,-17.58936,0.46633,0.0007,0.37649
8058.03,SYN.BTC-17JAN20,1578740340210,open,0.02,1425.1,0.0055,0.042,0.01700573,53.25,0.0175,0.0,BTC-17JAN20-8250-C,8046.71,53.26,0.017,5.0,0.018,2.9,55.33,3.88165,-17.58936,0.46633,0.0007,0.37649
8141.15,SYN.BTC-28FEB20,1578740340414,open,0.06,219.8,0.031,0.085,0.05418087,64.64,0.0555,0.0,BTC-28FEB20-9000-C,8046.71,63.79,0.053,26.0,0.056,19.3,65.97,11.20623,-7.56552,3.45559,0.0002,0.37778
8196.93,BTC-27MAR20,1578740340423,open,0.11,364.7,0.079,0.153,0.11199926,69.1,0.115,0.0,BTC-27MAR20-8000-P,8046.71,67.96,0.11,14.4,0.114,10.3,70.22,14.50451,-6.60482,-8.84763,0.00015,-0.40721
150.39,SYN.ETH-25SEP20,1578740340488,open,0.33,0.0,0.257,0.401,0.328404,87.29,None,0.0,ETH-25SEP20-160-P,143.0,19.78,0.105,1.0,0.369,1.0,100.02,0.48457,-0.08202,-0.76204,0.00347,-0.38881
150.39,SYN.ETH-25SEP20,1578740340490,open,0.53,0.0,0.447,0.617,0.530887,89.93,None,0.0,ETH-25SEP20-200-P,143.0,0.0,0.0,0.0,0.565,1.0,100.12,0.50429,-0.08794,-1.09497,0.00351,-0.49968
145.48,ETH-27MAR20,1578740340560,open,0.0,1809.0,0.001,0.012,0.002333,120.0,0.003,0.0,ETH-27MAR20-560-C,143.0,109.37,0.001,438.0,0.004,300.0,128.27,0.02405,-0.01902,0.00361,0.00046,0.01426
145.48,ETH-27MAR20,1578740340567,open,0.0,1809.0,0.001,0.012,0.002333,120.0,0.003,0.0,ETH-27MAR20-560-C,143.0,109.37,0.001,658.0,0.004,300.0,128.27,0.02405,-0.01902,0.00361,0.00046,0.01426
8358.32,BTC-26JUN20,1578740340597,open,0.03,27.1,0.0095,0.063,0.02726902,93.7,0.03,0.0,BTC-26JUN20-22000-C,8046.71,92.31,0.0255,15.0,0.0295,15.0,95.39,10.83205,-3.04092,3.27541,4e-05,0.11298
144.56,SYN.ETH-28FEB20,1578740340635,open,0.0,688.0,0.001,0.014,0.004597,95.76,0.008,0.0,ETH-28FEB20-80-P,143.0,88.51,0.003,800.0,0.006,301.0,101.03,0.03571,-0.03572,-0.00658,0.00136,-0.03009
144.56,SYN.ETH-28FEB20,1578740340635,open,0.02,153.0,0.008,0.048,0.023611,81.44,0.022,0.0,ETH-28FEB20-200-C,143.0,79.66,0.022,180.0,0.026,489.0,83.99,0.13263,-0.1128,0.02781,0.00594,0.17028
8085.73,SYN.BTC-31JAN20,1578740340760,open,0.04,252.0,0.025,0.0725,0.04557208,54.8,0.041,0.0,BTC-31JAN20-8000-P,8046.71,53.08,0.044,33.0,0.0455,15.0,54.71,7.44617,-10.2651,-2.14441,0.00038,-0.44145
8058.03,SYN.BTC-17JAN20,1578740340800,open,0.01,327.4,0.0005,0.0295,0.00933486,55.45,0.009,0.0,BTC-17JAN20-8500-C,8046.71,53.3,0.0085,29.5,0.0095,26.3,55.89,3.13884,-14.81162,0.29222,0.00054,0.2346
148.17,ETH-26JUN20,1578740340813,open,0.61,3.0,0.59,0.632,0.610224,96.54,0.588,0.0,ETH-26JUN20-60-C,143.0,64.71,0.597,54.0,0.622,54.0,113.07,0.09243,-0.02673,0.23457,0.00095,0.95649
8071.88,SYN.BTC-24JAN20,1578740340927,open,0.01,69.8,0.004,0.037,0.01366436,54.51,0.0135,0.0,BTC-24JAN20-7500-P,8046.71,53.3,0.013,24.0,0.0145,0.1,55.99,4.50015,-9.52571,-0.6681,0.00036,-0.22096
8058.34,SYN.BTC-17JAN20,1578740340929,open,0.02,270.5,0.009,0.051,0.02286346,52.21,0.0205,0.0,BTC-17JAN20-8000-P,8046.71,50.48,0.022,0.1,0.0235,1.1,53.48,4.03747,-17.93722,-0.60461,0.00074,-0.44322
8085.73,SYN.BTC-31JAN20,1578740340930,open,0.02,529.3,0.0085,0.0435,0.02223699,56.24,0.02,0.0,BTC-31JAN20-7500-P,8046.71,54.59,0.021,24.0,0.0235,29.9,57.88,6.1388,-8.68493,-1.24948,0.00031,-0.26153
8358.32,BTC-26JUN20,1578740341115,open,0.05,192.7,0.0235,0.094,0.05029318,85.13,0.0525,0.0,BTC-26JUN20-16000-C,8046.71,84.44,0.049,12.4,0.052,9.0,86.03,15.83969,-4.04007,5.73517,6e-05,0.20037
8141.15,SYN.BTC-28FEB20,1578740341118,open,0.05,193.8,0.032,0.085,0.05457073,63.89,0.0505,0.0,BTC-28FEB20-7500-P,8046.71,62.67,0.053,25.0,0.0565,19.3,65.38,10.53179,-7.02782,-3.99048,0.00019,-0.31911
8141.15,SYN.BTC-28FEB20,1578740341119,open,0.02,340.7,0.0085,0.0415,0.02071859,67.15,0.02,0.0,BTC-28FEB20-6500-P,8046.71,65.67,0.0195,39.0,0.022,34.0,68.67,6.79753,-4.76737,-1.79626,0.00012,-0.14749
148.17,ETH-26JUN20,1578740341247,open,0.32,321.0,0.269,0.367,0.318819,87.72,0.314,0.0,ETH-26JUN20-120-C,143.0,70.7,0.282,49.0,0.331,180.0,93.29,0.32314,-0.08493,0.28721,0.00367,0.74283
148.17,ETH-26JUN20,1578740341249,open,0.5,0.0,0.464,0.526,0.494527,89.24,None,0.0,ETH-26JUN20-80-C,143.0,65.47,0.472,50.0,0.517,50.0,107.7,0.16656,-0.04454,0.27949,0.00186,0.9071
150.39,SYN.ETH-25SEP20,1578740341262,open,0.53,0.0,0.491,0.564,0.527569,89.85,None,0.0,ETH-25SEP20-80-C,143.0,75.66,0.506,54.0,0.552,54.0,104.5,0.24154,-0.04208,0.3824,0.00168,0.8875
148.17,ETH-26JUN20,1578740341265,open,0.5,0.0,0.464,0.526,0.494527,89.24,None,0.0,ETH-26JUN20-80-C,143.0,65.47,0.472,50.0,0.518,50.0,108.47,0.16656,-0.04454,0.27949,0.00186,0.9071
145.48,ETH-27MAR20,1578740341346,open,0.4,0.0,0.372,0.429,0.400684,90.5,None,0.0,ETH-27MAR20-90-C,143.0,0.0,0.381,44.0,0.418,43.0,111.95,0.10351,-0.06173,0.15544,0.0026,0.91468
145.48,ETH-27MAR20,1578740341346,open,0.01,35.0,0.001,0.018,0.00713,99.98,0.009,0.0,ETH-27MAR20-70-P,143.0,93.1,0.005,540.0,0.009,300.0,105.16,0.04935,-0.03252,-0.01226,0.00112,-0.03343
145.48,ETH-27MAR20,1578740341346,open,0.29,20.0,0.251,0.325,0.288694,84.06,0.272,0.0,ETH-27MAR20-110-C,143.0,61.3,0.264,42.0,0.313,42.0,103.57,0.17314,-0.0959,0.16113,0.00468,0.82149
145.48,ETH-27MAR20,1578740341346,open,0.53,0.0,0.507,0.547,0.525964,99.98,None,0.0,ETH-27MAR20-70-C,143.0,58.38,0.519,47.0,0.537,47.0,125.08,0.04935,-0.03252,0.13325,0.00112,0.96657
145.48,ETH-27MAR20,1578740341346,open,0.2,111.0,0.156,0.24,0.198782,81.35,0.181,0.0,ETH-27MAR20-130-C,143.0,77.14,0.192,144.0,0.208,144.0,87.05,0.23482,-0.12589,0.1478,0.00656,0.6875
143.65,SYN.ETH-31JAN20,1578740341383,open,0.0,2097.0,0.001,0.012,0.002417,92.5,0.004,0.0,ETH-31JAN20-220-C,143.0,81.3,0.001,302.0,0.004,600.0,100.76,0.02341,-0.05448,0.00223,0.00225,0.03096
150.39,SYN.ETH-25SEP20,1578740341386,open,0.53,0.0,0.491,0.564,0.527569,89.85,None,0.0,ETH-25SEP20-80-C,143.0,74.95,0.505,54.0,0.552,54.0,104.5,0.24154,-0.04208,0.3824,0.00168,0.8875
148.17,ETH-26JUN20,1578740341388,open,0.4,1.0,0.357,0.44,0.399416,88.89,0.38,0.0,ETH-26JUN20-100-C,143.0,70.24,0.369,48.0,0.428,48.0,105.2,0.2534,-0.06749,0.29178,0.00284,0.83013
150.39,SYN.ETH-25SEP20,1578740341390,open,0.44,0.0,0.396,0.488,0.44277,88.75,None,0.0,ETH-25SEP20-100-C,143.0,76.36,0.416,52.0,0.476,52.0,103.73,0.33029,-0.05683,0.40206,0.00233,0.82121
143.65,SYN.ETH-31JAN20,1578740341393,open,0.0,2097.0,0.001,0.012,0.002417,92.5,0.004,0.0,ETH-31JAN20-220-C,143.0,81.3,0.001,522.0,0.004,600.0,100.76,0.02341,-0.05448,0.00223,0.00225,0.03096
143.19,SYN.ETH-17JAN20,1578740341618,open,0.23,1.0,0.209,0.256,0.232327,94.82,0.235,0.0,ETH-17JAN20-110-C,143.0,0.0,0.222,32.0,0.245,32.0,184.09,0.00574,-0.0463,0.01742,0.00183,0.98784
143.19,SYN.ETH-17JAN20,1578740341618,open,0.16,2.0,0.137,0.19,0.163551,80.49,0.169,0.0,ETH-17JAN20-120-C,143.0,0.0,0.152,30.0,0.179,30.0,151.59,0.01483,-0.10162,0.01842,0.00558,0.96256
143.19,SYN.ETH-17JAN20,1578740341618,open,0.0,692.0,0.001,0.011,0.000392,120.0,0.001,0.0,ETH-17JAN20-100-P,143.0,0.0,0.0,0.0,0.001,46.0,136.39,0.00375,-0.03825,-0.00018,0.00095,-0.00746
143.19,SYN.ETH-17JAN20,1578740341618,open,0.0,114.0,0.001,0.011,0.000526,94.82,0.001,0.0,ETH-17JAN20-110-P,143.0,0.0,0.0,0.0,0.001,103.0,104.26,0.00574,-0.0463,-0.00029,0.00183,-0.01216
143.19,SYN.ETH-17JAN20,1578740341620,open,0.12,96.0,0.086,0.157,0.120312,61.78,0.129,0.0,ETH-17JAN20-160-P,143.0,0.0,0.115,60.0,0.123,60.0,73.43,0.0281,-0.14771,-0.02388,0.01378,-0.9157
143.19,SYN.ETH-17JAN20,1578740341620,open,0.04,1194.0,0.015,0.071,0.041658,58.29,0.048,0.0,ETH-17JAN20-140-C,143.0,52.69,0.039,180.0,0.047,180.0,69.4,0.06837,-0.3391,0.01365,0.03554,0.63376
143.19,SYN.ETH-17JAN20,1578740341622,open,0.0,789.0,0.001,0.019,0.004765,65.41,0.006,0.0,ETH-17JAN20-130-P,143.0,57.5,0.003,608.0,0.006,493.0,70.23,0.03502,-0.19492,-0.00273,0.01622,-0.11388
143.19,SYN.ETH-17JAN20,1578740341622,open,0.06,268.0,0.029,0.095,0.061082,61.43,0.059,0.0,ETH-17JAN20-150-P,143.0,46.59,0.055,60.0,0.063,60.0,65.8,0.06206,-0.32443,-0.0178,0.03061,-0.71124
143.19,SYN.ETH-17JAN20,1578740341622,open,0.0,1257.0,0.001,0.014,0.002932,61.78,0.003,0.0,ETH-17JAN20-160-C,143.0,56.58,0.002,605.0,0.005,749.0,71.01,0.0281,-0.14771,0.00188,0.01378,0.0843
150.39,SYN.ETH-25SEP20,1578740341761,open,1.0,0.0,0.896,1.103,0.996615,96.56,None,0.0,ETH-25SEP20-280-P,143.0,0.0,0.0,0.0,1.008,1.0,100.16,0.47264,-0.08849,-1.73952,0.00306,-0.64059
150.39,SYN.ETH-25SEP20,1578740341761,open,0.07,45.0,0.031,0.128,0.072482,103.29,0.057,0.0,ETH-25SEP20-440-C,143.0,101.43,0.068,297.0,0.076,100.0,104.73,0.36548,-0.0732,0.14734,0.00221,0.21116
150.39,SYN.ETH-25SEP20,1578740341761,open,2.25,0.0,2.129,2.398,2.255836,104.59,None,0.0,ETH-25SEP20-480-P,143.0,0.0,0.0,0.0,0.0,0.0,0.0,0.3422,-0.0694,-3.25821,0.00205,-0.81074
150.39,SYN.ETH-25SEP20,1578740341761,open,0.11,61.0,0.059,0.174,0.112301,98.41,0.12,0.0,ETH-25SEP20-320-C,143.0,96.61,0.107,289.0,0.117,389.0,99.99,0.44519,-0.08495,0.20877,0.00283,0.3088
150.39,SYN.ETH-25SEP20,1578740341761,open,1.24,0.0,1.134,1.354,1.240153,98.41,None,0.0,ETH-25SEP20-320-P,143.0,0.0,0.0,0.0,0.0,0.0,0.0,0.44519,-0.08495,-2.05205,0.00283,-0.6912
150.39,SYN.ETH-25SEP20,1578740341761,open,0.17,3.0,0.104,0.23,0.165594,94.57,0.165,0.0,ETH-25SEP20-240-C,143.0,92.87,0.16,281.0,0.171,391.0,96.21,0.49521,-0.09081,0.27502,0.00328,0.42444
150.39,SYN.ETH-25SEP20,1578740341761,open,0.13,1.0,0.077,0.198,0.134745,96.56,0.097,0.0,ETH-25SEP20-280-C,143.0,95.05,0.13,285.0,0.14,395.0,98.23,0.47264,-0.08849,0.23871,0.00306,0.35941
150.39,SYN.ETH-25SEP20,1578740341761,open,0.06,67.0,0.026,0.117,0.064059,104.59,0.055,0.0,ETH-25SEP20-480-C,143.0,102.78,0.06,298.0,0.068,100.0,106.3,0.3422,-0.0694,0.13303,0.00205,0.18926
150.39,SYN.ETH-25SEP20,1578740341761,open,0.08,106.0,0.038,0.14,0.082782,101.84,0.085,0.0,ETH-25SEP20-400-C,143.0,99.97,0.078,295.0,0.087,395.0,103.45,0.39057,-0.07712,0.16422,0.0024,0.23734
150.39,SYN.ETH-25SEP20,1578740341763,open,1.49,0.0,1.378,1.611,1.489267,100.12,None,0.0,ETH-25SEP20-360-P,143.0,0.0,0.0,0.0,0.0,0.0,0.0,0.41701,-0.08095,-2.35925,0.00261,-0.73121
148.17,ETH-26JUN20,1578740341768,open,0.4,1.0,0.357,0.44,0.399416,88.89,0.38,0.0,ETH-26JUN20-100-C,143.0,69.59,0.368,48.0,0.428,48.0,105.2,0.2534,-0.06749,0.29178,0.00284,0.83013
150.39,SYN.ETH-25SEP20,1578740341770,open,0.44,0.0,0.396,0.488,0.44277,88.75,None,0.0,ETH-25SEP20-100-C,143.0,75.89,0.415,52.0,0.476,52.0,103.73,0.33029,-0.05683,0.40206,0.00233,0.82121
148.17,ETH-26JUN20,1578740341772,open,0.4,1.0,0.357,0.44,0.399416,88.89,0.38,0.0,ETH-26JUN20-100-C,143.0,69.59,0.368,48.0,0.426,48.0,104.08,0.2534,-0.06749,0.29178,0.00284,0.83013
143.42,SYN.ETH-24JAN20,1578740341892,open,0.0,145.0,0.001,0.012,0.002085,80.31,0.003,0.0,ETH-24JAN20-110-P,143.0,70.8,0.001,320.0,0.003,25.0,86.21,0.01998,-0.06231,-0.00179,0.00343,-0.0333
143.42,SYN.ETH-24JAN20,1578740341892,open,0.0,36.0,0.001,0.014,0.003333,74.02,0.003,0.0,ETH-24JAN20-180-C,143.0,67.1,0.002,600.0,0.005,700.0,80.78,0.0316,-0.09084,0.00281,0.00588,0.05884
143.42,SYN.ETH-24JAN20,1578740341892,open,0.04,11.0,0.013,0.064,0.035453,62.72,0.038,0.0,ETH-24JAN20-140-P,143.0,56.55,0.031,240.0,0.037,267.0,64.86,0.10379,-0.25279,-0.02183,0.0228,-0.39596
143.42,SYN.ETH-24JAN20,1578740341892,open,0.23,0.0,0.21,0.26,0.235112,80.31,None,0.0,ETH-24JAN20-110-C,143.0,0.0,0.0,0.0,0.0,0.0,0.0,0.01998,-0.06231,0.03701,0.00343,0.9667
143.42,SYN.ETH-24JAN20,1578740341892,open,0.19,0.0,0.154,0.233,0.192068,70.4,None,0.0,ETH-24JAN20-170-P,143.0,0.0,0.0,0.0,0.0,0.0,0.0,0.05108,-0.13965,-0.05468,0.01,-0.8887
143.42,SYN.ETH-24JAN20,1578740341892,open,0.01,56.0,0.001,0.018,0.005214,71.33,0.005,0.0,ETH-24JAN20-120-P,143.0,66.76,0.004,600.0,0.006,40.0,74.02,0.04045,-0.11204,-0.00437,0.00782,-0.08107
143.42,SYN.ETH-24JAN20,1578740341894,open,0.11,0.0,0.076,0.137,0.107293,64.76,None,0.0,ETH-24JAN20-130-C,143.0,62.21,0.106,60.0,0.113,60.0,75.37,0.0737,-0.18533,0.03542,0.01568,0.80746
143.42,SYN.ETH-24JAN20,1578740341895,open,0.26,0.0,0.22,0.301,0.258381,74.02,None,0.0,ETH-24JAN20-180-P,143.0,0.0,0.0,0.0,0.0,0.0,0.0,0.0316,-0.09084,-0.06069,0.00588,-0.94116
143.42,SYN.ETH-24JAN20,1578740341894,open,0.17,0.0,0.14,0.196,0.168515,71.33,None,0.0,ETH-24JAN20-120-C,143.0,0.0,0.0,0.0,0.0,0.0,0.0,0.04045,-0.11204,0.03797,0.00782,0.91893
143.42,SYN.ETH-24JAN20,1578740341895,open,0.01,327.0,0.002,0.033,0.013564,66.0,0.015,0.0,ETH-24JAN20-160-C,143.0,63.03,0.012,240.0,0.016,529.0,70.45,0.07675,-0.19673,0.00974,0.01603,0.20599
143.42,SYN.ETH-24JAN20,1578740341897,open,0.13,0.0,0.092,0.168,0.129162,66.0,None,0.0,ETH-24JAN20-160-P,143.0,55.65,0.124,60.0,0.131,60.0,69.37,0.07675,-0.19673,-0.04671,0.01603,-0.79401
143.42,SYN.ETH-24JAN20,1578740341897,open,0.06,13.0,0.03,0.089,0.059305,62.72,0.056,0.0,ETH-24JAN20-140-C,143.0,59.53,0.057,180.0,0.065,180.0,70.57,0.10379,-0.25279,0.02756,0.0228,0.60404
143.42,SYN.ETH-24JAN20,1578740341897,open,0.01,33.0,0.003,0.034,0.013716,64.76,0.013,0.0,ETH-24JAN20-130-P,143.0,61.36,0.012,240.0,0.015,305.0,67.23,0.0737,-0.18533,-0.01044,0.01568,-0.19254
143.42,SYN.ETH-24JAN20,1578740341897,open,0.03,54.0,0.009,0.055,0.029126,63.54,0.028,0.0,ETH-24JAN20-150-C,143.0,60.54,0.027,10.0,0.033,612.0,68.94,0.10222,-0.25221,0.01755,0.02217,0.37593
143.42,SYN.ETH-24JAN20,1578740341899,open,0.08,0.0,0.042,0.111,0.074999,63.54,None,0.0,ETH-24JAN20-150-P,143.0,56.46,0.07,180.0,0.078,180.0,67.73,0.10222,-0.25221,-0.03537,0.02217,-0.62407
148.17,ETH-26JUN20,1578740342042,open,0.4,1.0,0.357,0.44,0.399416,88.89,0.38,0.0,ETH-26JUN20-100-C,143.0,69.59,0.368,48.0,0.427,48.0,104.64,0.2534,-0.06749,0.29178,0.00284,0.83013
148.17,ETH-26JUN20,1578740342091,open,0.03,752.0,0.011,0.071,0.033706,106.43,0.03,0.0,ETH-26JUN20-440-C,143.0,104.44,0.031,120.0,0.037,420.0,108.75,0.20569,-0.06559,0.06152,0.00193,0.12453
148.17,ETH-26JUN20,1578740342095,open,0.02,295.0,0.006,0.055,0.023247,112.95,0.017,0.0,ETH-26JUN20-560-C,143.0,109.79,0.02,420.0,0.025,120.0,114.56,0.15874,-0.05372,0.04324,0.0014,0.08707
143.65,SYN.ETH-31JAN20,1578740342095,open,0.01,2223.0,0.001,0.024,0.008695,74.08,0.007,0.0,ETH-31JAN20-180-C,143.0,72.48,0.008,220.0,0.01,6.0,76.93,0.06365,-0.11862,0.00804,0.00765,0.11152
145.48,ETH-27MAR20,1578740342099,open,0.21,4565.0,0.16,0.267,0.212501,83.08,0.209,0.0,ETH-27MAR20-160-P,143.0,77.84,0.203,144.0,0.212,20.0,82.8,0.26411,-0.14459,-0.22292,0.00723,-0.52462
148.17,ETH-26JUN20,1578740342104,open,0.25,819.0,0.201,0.308,0.255313,87.71,0.261,0.0,ETH-26JUN20-140-C,143.0,81.59,0.24,180.0,0.271,180.0,94.01,0.37011,-0.09726,0.26908,0.0042,0.65253
150.39,SYN.ETH-25SEP20,1578740342143,open,0.05,54.0,0.017,0.095,0.047999,105.18,0.059,0.0,ETH-25SEP20-560-C,143.0,102.54,0.043,300.0,0.054,2.0,108.19,0.29211,-0.05957,0.10626,0.00174,0.14801
145.48,ETH-27MAR20,1578740342145,open,0.0,7522.0,0.001,0.011,0.001629,120.0,0.002,0.0,ETH-27MAR20-600-C,143.0,114.02,0.001,4297.0,0.003,100.0,128.73,0.0181,-0.01431,0.00261,0.00034,0.01028
145.48,ETH-27MAR20,1578740342156,open,0.46,20.0,0.439,0.487,0.462305,95.24,0.613,0.0,ETH-27MAR20-80-C,143.0,0.0,0.45,45.0,0.476,44.0,117.68,0.07424,-0.04659,0.14585,0.00177,0.94457
145.48,ETH-27MAR20,1578740342156,open,0.01,1012.0,0.003,0.027,0.012208,95.24,0.015,0.0,ETH-27MAR20-80-P,143.0,90.71,0.01,620.0,0.014,620.0,98.64,0.07424,-0.04659,-0.02046,0.00177,-0.05543
145.48,ETH-27MAR20,1578740342156,open,0.94,161.0,0.876,1.02,0.94379,97.79,1.397,0.0,ETH-27MAR20-280-P,143.0,0.0,0.002,50.0,0.0,0.0,0.0,0.12183,-0.07851,-0.55565,0.00283,-0.89353
143.65,SYN.ETH-31JAN20,1578740342156,open,0.05,809.0,0.025,0.085,0.048251,65.46,0.061,0.0,ETH-31JAN20-140-P,143.0,60.75,0.044,503.0,0.051,503.0,68.5,0.12978,-0.21371,-0.03532,0.01764,-0.40329
143.65,SYN.ETH-31JAN20,1578740342156,open,0.14,742.0,0.101,0.181,0.138758,68.26,0.158,0.0,ETH-31JAN20-160-P,143.0,59.29,0.132,300.0,0.141,60.0,71.11,0.1119,-0.19215,-0.06755,0.01459,-0.72477
143.65,SYN.ETH-31JAN20,1578740342156,open,0.67,0.0,0.623,0.728,0.672664,103.98,None,0.0,ETH-31JAN20-240-P,143.0,0.0,0.011,3.0,0.0,0.0,0.0,0.01831,-0.0479,-0.12904,0.00157,-0.97693
143.65,SYN.ETH-31JAN20,1578740342156,open,0.0,1800.0,0.001,0.011,0.001455,112.62,0.001,0.0,ETH-31JAN20-260-C,143.0,107.33,0.001,198.0,0.002,397.0,117.65,0.01395,-0.03952,0.0012,0.0011,0.01674
148.17,ETH-26JUN20,1578740342161,open,0.18,3185.0,0.119,0.232,0.175746,92.02,0.162,0.0,ETH-26JUN20-180-C,143.0,89.51,0.169,10.0,0.181,272.0,93.96,0.39969,-0.11019,0.2192,0.00433,0.49933
145.48,ETH-27MAR20,1578740342161,open,0.55,30.0,0.491,0.621,0.553101,90.0,0.554,0.0,ETH-27MAR20-220-P,143.0,0.0,0.508,18.0,0.586,18.0,112.64,0.19174,-0.11372,-0.40586,0.00484,-0.78893
148.17,ETH-26JUN20,1578740342161,open,3.33,0.0,3.199,3.495,3.337668,115.71,None,0.0,ETH-26JUN20-640-P,143.0,0.0,0.01,50.0,0.0,0.0,0.0,0.13389,-0.04642,-2.89131,0.00115,-0.93043
145.48,ETH-27MAR20,1578740342161,open,0.16,680.0,0.12,0.206,0.163929,81.34,0.145,0.0,ETH-27MAR20-140-C,143.0,77.37,0.157,166.0,0.173,144.0,86.54,0.2538,-0.13603,0.13602,0.00709,0.61369
148.17,ETH-26JUN20,1578740342161,open,0.1,562.0,0.055,0.155,0.102052,94.23,0.102,0.0,ETH-26JUN20-240-C,143.0,92.57,0.098,497.0,0.106,425.0,95.83,0.36307,-0.10251,0.15479,0.00384,0.33056
143.65,SYN.ETH-31JAN20,1578740342161,open,0.0,1626.0,0.001,0.015,0.00435,84.05,0.003,0.0,ETH-31JAN20-200-C,143.0,78.38,0.003,820.0,0.006,605.0,89.77,0.03783,-0.07998,0.00404,0.00401,0.05601
145.48,ETH-27MAR20,1578740342163,open,0.08,2732.0,0.042,0.119,0.078536,85.25,0.084,0.0,ETH-27MAR20-180-C,143.0,83.17,0.075,577.0,0.084,469.0,88.43,0.24859,-0.13966,0.08569,0.00663,0.36188
145.48,ETH-27MAR20,1578740342163,open,0.0,2448.0,0.001,0.013,0.003381,120.0,0.005,0.0,ETH-27MAR20-520-C,143.0,112.56,0.002,2556.0,0.005,397.0,126.4,0.03206,-0.02535,0.00501,0.00061,0.01996
148.17,ETH-26JUN20,1578740342163,open,0.02,635.0,0.004,0.047,0.018305,115.71,0.022,0.0,ETH-26JUN20-640-C,143.0,113.05,0.016,120.0,0.02,120.0,117.53,0.13389,-0.04642,0.03473,0.00115,0.06957
148.17,ETH-26JUN20,1578740342163,open,0.72,4.0,0.639,0.81,0.721814,94.23,0.934,0.0,ETH-26JUN20-240-P,143.0,0.0,0.01,50.0,0.0,0.0,0.0,0.36307,-0.10251,-0.94247,0.00384,-0.66944
148.17,ETH-26JUN20,1578740342163,open,0.12,780.0,0.069,0.174,0.11965,92.84,0.116,0.0,ETH-26JUN20-220-C,143.0,91.02,0.115,421.0,0.124,421.0,94.53,0.38025,-0.10577,0.17371,0.00408,0.37608
145.48,ETH-27MAR20,1578740342168,open,0.24,158.0,0.2,0.28,0.240475,82.22,0.211,0.0,ETH-27MAR20-120-C,143.0,61.38,0.212,43.0,0.268,43.0,101.18,0.20696,-0.11213,0.15662,0.00572,0.75837
143.65,SYN.ETH-31JAN20,1578740342168,open,0.4,0.0,0.353,0.445,0.396626,84.05,None,0.0,ETH-31JAN20-200-P,143.0,0.0,0.011,3.0,0.0,0.0,0.0,0.03783,-0.07998,-0.10487,0.00401,-0.94399
148.17,ETH-26JUN20,1578740342168,open,0.04,4069.0,0.013,0.078,0.038766,103.54,0.043,0.0,ETH-26JUN20-400-C,143.0,103.04,0.038,120.0,0.042,25.0,105.62,0.22585,-0.07007,0.07038,0.00217,0.14265
148.17,ETH-26JUN20,1578740342169,open,0.14,2767.0,0.09,0.199,0.143471,92.02,0.142,0.0,ETH-26JUN20-200-C,143.0,89.58,0.137,417.0,0.147,277.0,93.34,0.39388,-0.10859,0.19552,0.00426,0.4321
148.17,ETH-26JUN20,1578740342169,open,0.05,777.0,0.018,0.091,0.048094,101.89,0.055,0.0,ETH-26JUN20-360-C,143.0,100.08,0.045,140.0,0.052,439.0,104.12,0.25597,-0.07815,0.08433,0.0025,0.17258
148.17,ETH-26JUN20,1578740342169,open,1.48,1.0,1.382,1.586,1.477736,101.89,1.827,0.0,ETH-26JUN20-360-P,143.0,0.0,0.015,2.0,0.0,0.0,0.0,0.25597,-0.07815,-1.56157,0.0025,-0.82742
143.65,SYN.ETH-31JAN20,1578740342170,open,0.0,4174.0,0.001,0.013,0.003094,90.51,0.006,0.0,ETH-31JAN20-100-P,143.0,83.57,0.002,10.0,0.004,600.0,95.25,0.0255,-0.05806,-0.00293,0.00251,-0.03434
145.48,ETH-27MAR20,1578740342172,open,1.21,10.0,1.14,1.295,1.212906,103.23,1.59,0.0,ETH-27MAR20-320-P,143.0,0.0,0.011,5.0,0.0,0.0,0.0,0.09389,-0.06387,-0.64655,0.00207,-0.925
148.17,ETH-26JUN20,1578740342175,open,0.03,379.0,0.009,0.064,0.029234,108.64,0.032,0.0,ETH-26JUN20-480-C,143.0,106.83,0.027,120.0,0.032,420.0,110.78,0.18694,-0.06085,0.05392,0.00171,0.10882
148.17,ETH-26JUN20,1578740342175,open,0.13,2035.0,0.083,0.178,0.1287,87.71,0.18,0.0,ETH-26JUN20-120-P,143.0,82.33,0.117,269.0,0.133,449.0,89.68,0.32314,-0.08492,-0.2614,0.00367,-0.25717
148.17,ETH-26JUN20,1578740342175,open,0.02,315.0,0.005,0.049,0.019824,113.64,0.023,0.0,ETH-26JUN20-600-C,143.0,111.69,0.018,120.0,0.022,120.0,115.83,0.14254,-0.04853,0.03771,0.00125,0.0755
145.48,ETH-27MAR20,1578740342175,open,0.03,1621.0,0.012,0.055,0.02999,86.97,0.034,0.0,ETH-27MAR20-100-P,143.0,83.76,0.027,320.0,0.032,299.0,89.07,0.1376,-0.07886,-0.04729,0.0036,-0.12638
148.17,ETH-26JUN20,1578740342177,open,1.74,0.0,1.638,1.852,1.738367,103.54,None,0.0,ETH-26JUN20-400-P,143.0,0.0,0.01,50.0,0.0,0.0,0.0,0.22585,-0.07007,-1.7584,0.00217,-0.85735
145.48,ETH-27MAR20,1578740342177,open,2.85,0.0,2.738,2.976,2.85166,120.0,None,0.0,ETH-27MAR20-560-P,143.0,0.0,0.02,50.0,0.0,0.0,0.0,0.02405,-0.01902,-1.16051,0.00046,-0.98574
148.17,ETH-26JUN20,1578740342179,open,0.39,426.0,0.318,0.466,0.390567,92.02,0.47,0.0,ETH-26JUN20-180-P,143.0,82.16,0.364,180.0,0.418,200.0,102.19,0.39969,-0.11019,-0.60375,0.00433,-0.50067
148.17,ETH-26JUN20,1578740342232,open,0.97,0.0,0.879,1.062,0.966594,97.02,None,0.0,ETH-26JUN20-280-P,143.0,0.0,0.011,3.0,0.0,0.0,0.0,0.32523,-0.09455,-1.15581,0.00334,-0.7396
145.48,ETH-27MAR20,1578740342232,open,0.68,118.0,0.617,0.75,0.680185,92.26,0.978,0.0,ETH-27MAR20-240-P,143.0,0.0,0.005,10.0,0.0,0.0,0.0,0.16374,-0.09955,-0.45865,0.00403,-0.83641
145.48,ETH-27MAR20,1578740342232,open,0.0,3001.0,0.001,0.011,0.001149,120.0,0.002,0.0,ETH-27MAR20-640-C,143.0,118.33,0.001,146.0,0.003,300.0,133.41,0.01368,-0.01082,0.00191,0.00026,0.00746
148.17,ETH-26JUN20,1578740342232,open,0.01,1447.0,0.005,0.031,0.015164,96.54,0.014,0.0,ETH-26JUN20-60-P,143.0,91.19,0.012,300.0,0.018,300.0,100.91,0.09242,-0.02673,-0.03975,0.00095,-0.04351
143.65,SYN.ETH-31JAN20,1578740342232,open,0.53,1.0,0.488,0.585,0.533921,92.51,0.739,0.0,ETH-31JAN20-220-P,143.0,0.0,0.011,3.0,0.0,0.0,0.0,0.02342,-0.05451,-0.11756,0.00225,-0.96902
143.65,SYN.ETH-31JAN20,1578740342232,open,0.0,827.0,0.001,0.011,0.001933,103.98,0.002,0.0,ETH-31JAN20-240-C,143.0,95.02,0.001,220.0,0.003,600.0,111.2,0.01831,-0.0479,0.00165,0.00157,0.02307
148.17,ETH-26JUN20,1578740342234,open,0.06,396.0,0.025,0.105,0.059496,99.34,0.072,0.0,ETH-26JUN20-320-C,143.0,97.52,0.056,435.0,0.063,435.0,101.12,0.2878,-0.08566,0.10117,0.00289,0.20884
145.48,ETH-27MAR20,1578740342234,open,0.01,1521.0,0.001,0.023,0.007379,112.0,0.006,0.0,ETH-27MAR20-400-C,143.0,108.42,0.006,260.0,0.009,560.0,115.71,0.05973,-0.04408,0.01054,0.00121,0.04223
145.48,ETH-27MAR20,1578740342234,open,0.13,606.0,0.083,0.173,0.126261,81.34,0.119,0.0,ETH-27MAR20-140-P,143.0,78.32,0.121,253.0,0.131,573.0,84.05,0.2538,-0.13603,-0.15501,0.00709,-0.38631
148.17,ETH-26JUN20,1578740342234,open,1.22,0.0,1.128,1.321,1.219178,99.34,1.06,0.0,ETH-26JUN20-320-P,143.0,0.0,0.015,2.0,0.0,0.0,0.0,0.2878,-0.08566,-1.36185,0.00289,-0.79116
145.48,ETH-27MAR20,1578740342234,open,0.01,1572.0,0.001,0.026,0.008855,106.17,0.01,0.0,ETH-27MAR20-360-C,143.0,102.05,0.007,800.0,0.011,260.0,110.34,0.07014,-0.04907,0.01292,0.0015,0.05159
143.65,SYN.ETH-31JAN20,1578740342234,open,0.26,25.0,0.221,0.306,0.261744,74.08,0.35,0.0,ETH-31JAN20-180-P,143.0,0.0,0.012,5.0,0.0,0.0,0.0,0.06365,-0.11862,-0.08997,0.00765,-0.88848
145.48,ETH-27MAR20,1578740342236,open,0.11,2647.0,0.071,0.155,0.112694,83.08,0.11,0.0,ETH-27MAR20-160-C,143.0,80.49,0.108,566.0,0.119,341.0,86.55,0.26411,-0.14459,0.10968,0.00723,0.47538
148.17,ETH-26JUN20,1578740342236,open,0.08,643.0,0.041,0.113,0.074317,88.89,0.093,0.0,ETH-26JUN20-100-P,143.0,85.76,0.069,487.0,0.079,287.0,91.62,0.2534,-0.06749,-0.16542,0.00284,-0.16987
148.17,ETH-26JUN20,1578740342236,open,0.49,245.0,0.417,0.573,0.493272,92.02,0.71,0.0,ETH-26JUN20-200-P,143.0,17.09,0.35,1.0,0.515,1.0,100.15,0.39388,-0.10859,-0.71886,0.00426,-0.5679
145.48,ETH-27MAR20,1578740342236,open,1.76,5.0,1.671,1.853,1.756897,112.0,2.004,0.0,ETH-27MAR20-400-P,143.0,0.0,0.046,50.0,0.0,0.0,0.0,0.05973,-0.04408,-0.82097,0.00121,-0.95777
148.17,ETH-26JUN20,1578740342238,open,0.03,1009.0,0.015,0.06,0.034447,89.24,0.036,0.0,ETH-26JUN20-80-P,143.0,85.2,0.03,300.0,0.04,500.0,94.06,0.16657,-0.04454,-0.08627,0.00186,-0.0929
145.48,ETH-27MAR20,1578740342238,open,0.07,1697.0,0.035,0.101,0.065331,82.22,0.064,0.0,ETH-27MAR20-120-P,143.0,80.58,0.063,320.0,0.069,280.0,84.79,0.20696,-0.11213,-0.09283,0.00572,-0.24163
145.48,ETH-27MAR20,1578740342238,open,0.32,1550.0,0.258,0.376,0.315819,85.25,0.407,0.0,ETH-27MAR20-180-P,143.0,66.51,0.285,300.0,0.0,0.0,0.0,0.24859,-0.13966,-0.28849,0.00663,-0.63812
145.48,ETH-27MAR20,1578740342238,open,0.0,1737.0,0.001,0.016,0.004426,118.11,0.005,0.0,ETH-27MAR20-480-C,143.0,112.19,0.003,520.0,0.006,300.0,123.31,0.03972,-0.03092,0.00645,0.00076,0.02574
143.65,SYN.ETH-31JAN20,1578740342238,open,0.01,1589.0,0.002,0.028,0.011085,71.89,0.017,0.0,ETH-31JAN20-120-P,143.0,67.35,0.009,600.0,0.013,860.0,75.79,0.06854,-0.12396,-0.01055,0.00849,-0.1238
143.65,SYN.ETH-31JAN20,1578740342238,open,0.81,0.0,0.758,0.871,0.811414,112.62,None,0.0,ETH-31JAN20-260-P,143.0,0.0,0.011,3.0,0.0,0.0,0.0,0.01395,-0.03952,-0.14038,0.0011,-0.98326
148.17,ETH-26JUN20,1578740342240,open,0.29,708.0,0.222,0.355,0.287802,89.0,0.355,0.0,ETH-26JUN20-160-P,143.0,82.32,0.27,180.0,0.307,180.0,96.25,0.39373,-0.10499,-0.48709,0.00441,-0.43123
145.48,ETH-27MAR20,1578740342240,open,3.13,0.0,3.005,3.258,3.125907,120.0,None,0.0,ETH-27MAR20-600-P,143.0,0.0,0.03,50.0,0.0,0.0,0.0,0.0181,-0.01431,-1.24466,0.00034,-0.98972
145.48,ETH-27MAR20,1578740342240,open,0.02,2252.0,0.005,0.044,0.019127,97.79,0.025,0.0,ETH-27MAR20-280-C,143.0,95.18,0.017,560.0,0.021,560.0,99.98,0.12183,-0.07851,0.02641,0.00283,0.10647
148.17,ETH-26JUN20,1578740342240,open,0.03,195.0,0.007,0.058,0.025257,110.3,0.026,0.0,ETH-26JUN20-520-C,143.0,107.34,0.022,420.0,0.028,420.0,112.63,0.16936,-0.05597,0.04726,0.00153,0.09502
143.65,SYN.ETH-31JAN20,1578740342240,open,0.31,1.0,0.284,0.331,0.306956,90.51,0.245,0.0,ETH-31JAN20-100-C,143.0,0.0,0.303,3.0,0.319,35.0,132.29,0.0255,-0.05806,0.05153,0.00251,0.96566
148.17,ETH-26JUN20,1578740342243,open,0.2,1311.0,0.144,0.259,0.200174,87.71,0.216,0.0,ETH-26JUN20-140-P,143.0,85.24,0.194,423.0,0.207,423.0,90.44,0.37011,-0.09726,-0.37099,0.0042,-0.34747
145.48,ETH-27MAR20,1578740342243,open,3.4,0.0,3.272,3.539,3.40038,120.0,None,0.0,ETH-27MAR20-640-P,143.0,0.0,0.01,50.0,0.0,0.0,0.0,0.01368,-0.01082,-1.32851,0.00026,-0.99254
148.17,ETH-26JUN20,1578740342245,open,2.0,0.0,1.897,2.124,2.003268,106.43,None,0.0,ETH-26JUN20-440-P,143.0,0.0,0.01,50.0,0.0,0.0,0.0,0.20569,-0.06559,-1.95013,0.00193,-0.87547
145.48,ETH-27MAR20,1578740342247,open,0.01,1189.0,0.001,0.019,0.00541,114.51,0.006,0.0,ETH-27MAR20-440-C,143.0,109.71,0.004,560.0,0.007,560.0,119.03,0.04703,-0.03549,0.0079,0.00093,0.03153
8197.04,BTC-27MAR20,1578740342610,open,0.06,420.0,0.0335,0.0905,0.05752071,69.37,0.056,0.0,BTC-27MAR20-7000-P,8046.71,68.33,0.056,19.3,0.059,13.1,70.38,12.01333,-5.49148,-5.3339,0.00012,-0.2555
8086.08,SYN.BTC-31JAN20,1578740342614,open,0.01,1342.7,0.0005,0.025,0.00998992,59.53,0.008,0.0,BTC-31JAN20-7000-P,8046.71,57.53,0.009,45.0,0.011,45.0,61.5,4.07561,-6.10332,-0.63394,0.00019,-0.13398
8197.04,BTC-27MAR20,1578740342616,open,3.86,1.0,3.784,3.9825,3.88010672,112.24,4.54,0.0,BTC-27MAR20-40000-P,8046.71,0.0,0.0005,2.0,0.0,0.0,0.0,0.26316,-0.19465,-83.11824,0.0,-0.99775
8197.04,BTC-27MAR20,1578740342616,open,2.89,0.0,2.8275,2.9895,2.90487238,110.59,None,0.0,BTC-27MAR20-32000-P,8046.71,0.0,0.001,1.0,0.0,0.0,0.0,0.7431,-0.54153,-66.41658,0.0,-0.99284
145.48,ETH-27MAR20,1578740342752,open,0.0,1809.0,0.001,0.012,0.002333,120.0,0.003,0.0,ETH-27MAR20-560-C,143.0,109.37,0.001,438.0,0.004,300.0,128.27,0.02405,-0.01902,0.00361,0.00046,0.01426
145.48,ETH-27MAR20,1578740342786,open,0.0,1809.0,0.001,0.012,0.002333,120.0,0.003,0.0,ETH-27MAR20-560-C,143.0,109.37,0.001,658.0,0.004,300.0,128.27,0.02405,-0.01902,0.00361,0.00046,0.01426
143.42,SYN.ETH-24JAN20,1578740343015,open,0.3,0.0,0.282,0.326,0.303791,93.03,None,0.0,ETH-24JAN20-100-C,143.0,0.0,0.0,0.0,0.0,0.0,0.0,0.01063,-0.03839,0.03443,0.00157,0.98427
143.42,SYN.ETH-24JAN20,1578740343015,open,0.0,24.0,0.001,0.011,0.001039,93.03,0.001,0.0,ETH-24JAN20-100-P,143.0,0.0,0.0,0.0,0.002,325.0,103.43,0.01063,-0.03839,-0.00085,0.00157,-0.01573
143.19,SYN.ETH-17JAN20,1578740343015,open,0.0,669.0,0.001,0.011,0.001388,74.27,0.002,0.0,ETH-17JAN20-170-C,143.0,70.2,0.001,44.0,0.002,2.0,79.49,0.01503,-0.09497,0.00084,0.00613,0.03803
143.19,SYN.ETH-17JAN20,1578740343015,open,0.19,0.0,0.153,0.227,0.188605,74.27,None,0.0,ETH-17JAN20-170-P,143.0,0.0,0.0,0.0,0.0,0.0,0.0,0.01503,-0.09497,-0.02652,0.00613,-0.96197
143.19,SYN.ETH-17JAN20,1578740343017,open,0.26,0.0,0.221,0.298,0.257511,79.59,None,0.0,ETH-17JAN20-180-P,143.0,0.0,0.0,0.0,0.0,0.0,0.0,0.00624,-0.04223,-0.02868,0.00237,-0.98662
143.19,SYN.ETH-17JAN20,1578740343017,open,0.0,640.0,0.001,0.011,0.000458,79.59,0.001,0.0,ETH-17JAN20-180-C,143.0,0.0,0.0,0.0,0.001,100.0,88.98,0.00624,-0.04223,0.0003,0.00237,0.01338
143.65,SYN.ETH-31JAN20,1578740343162,open,0.0,787.0,0.001,0.011,0.001034,94.13,0.002,0.0,ETH-31JAN20-90-P,143.0,0.0,0.0,0.0,0.002,301.0,104.26,0.01092,-0.02585,-0.00107,0.00103,-0.01259
143.65,SYN.ETH-31JAN20,1578740343162,open,0.12,153.0,0.087,0.152,0.117425,65.46,0.124,0.0,ETH-31JAN20-130-C,143.0,63.45,0.116,60.0,0.124,60.0,74.45,0.10245,-0.1687,0.05084,0.01393,0.76731
143.65,SYN.ETH-31JAN20,1578740343164,open,0.2,1.0,0.157,0.24,0.197522,70.28,0.244,0.0,ETH-31JAN20-170-P,143.0,0.0,0.183,240.0,0.21,240.0,89.02,0.08557,-0.15129,-0.08019,0.01084,-0.82765
143.65,SYN.ETH-31JAN20,1578740343164,open,0.02,274.0,0.008,0.05,0.022405,65.46,0.03,0.0,ETH-31JAN20-130-P,143.0,63.48,0.021,527.0,0.023,30.0,66.29,0.10245,-0.1687,-0.01995,0.01393,-0.23269
143.65,SYN.ETH-31JAN20,1578740343164,open,0.01,1296.0,0.001,0.017,0.005679,80.3,0.004,0.0,ETH-31JAN20-110-P,143.0,74.09,0.004,860.0,0.007,648.0,84.56,0.04225,-0.08534,-0.00549,0.00468,-0.0645
144.56,SYN.ETH-28FEB20,1578740343176,open,0.01,779.0,0.001,0.021,0.008191,89.76,0.012,0.0,ETH-28FEB20-90-P,143.0,83.68,0.006,800.0,0.01,541.0,94.19,0.0562,-0.05268,-0.01152,0.00228,-0.05257
144.56,SYN.ETH-28FEB20,1578740343176,open,0.07,134.0,0.037,0.102,0.06807,74.91,0.056,0.0,ETH-28FEB20-160-C,143.0,72.72,0.065,144.0,0.07,270.0,76.28,0.20303,-0.15883,0.06404,0.00989,0.40582
144.56,SYN.ETH-28FEB20,1578740343176,open,0.01,432.0,0.004,0.03,0.013317,83.22,0.017,0.0,ETH-28FEB20-100-P,143.0,80.83,0.012,260.0,0.015,540.0,86.14,0.08133,-0.07069,-0.01861,0.00356,-0.0848
144.56,SYN.ETH-28FEB20,1578740343176,open,0.02,153.0,0.008,0.044,0.02246,78.96,0.024,0.0,ETH-28FEB20-110-P,143.0,75.79,0.02,500.0,0.024,298.0,80.89,0.11425,-0.09421,-0.03005,0.00528,-0.13599
144.56,SYN.ETH-28FEB20,1578740343179,open,0.18,0.0,0.13,0.222,0.17484,74.91,None,0.0,ETH-28FEB20-160-P,143.0,70.73,0.169,144.0,0.179,144.0,77.86,0.20303,-0.15883,-0.14582,0.00989,-0.59418
144.56,SYN.ETH-28FEB20,1578740343179,open,0.09,14.0,0.054,0.129,0.089562,73.78,0.12,0.0,ETH-28FEB20-140-P,143.0,70.52,0.085,192.0,0.093,448.0,76.23,0.20226,-0.15584,-0.09281,0.01,-0.39987
144.56,SYN.ETH-28FEB20,1578740343179,open,0.06,480.0,0.03,0.092,0.058511,73.89,0.07,0.0,ETH-28FEB20-130-P,143.0,71.09,0.055,192.0,0.062,466.0,76.67,0.18145,-0.14003,-0.06757,0.00896,-0.29784
144.56,SYN.ETH-28FEB20,1578740343179,open,0.16,30.0,0.122,0.195,0.15926,73.89,0.154,0.0,ETH-28FEB20-130-C,143.0,71.29,0.156,144.0,0.165,220.0,78.45,0.18145,-0.14003,0.10294,0.00896,0.70216
144.56,SYN.ETH-28FEB20,1578740343179,open,0.12,74.0,0.084,0.158,0.121139,73.78,0.119,0.0,ETH-28FEB20-140-C,143.0,70.82,0.117,144.0,0.126,220.0,77.25,0.20226,-0.15584,0.09083,0.01,0.60013
144.56,SYN.ETH-28FEB20,1578740343179,open,0.05,22.0,0.024,0.083,0.051393,76.29,0.041,0.0,ETH-28FEB20-170-C,143.0,73.68,0.048,372.0,0.054,279.0,78.28,0.1889,-0.15051,0.05225,0.00903,0.32694
144.56,SYN.ETH-28FEB20,1578740343179,open,0.26,5.0,0.23,0.293,0.261556,78.96,0.229,0.0,ETH-28FEB20-110-C,143.0,53.21,0.245,39.0,0.283,38.0,103.37,0.11425,-0.09421,0.11424,0.00528,0.86401
144.56,SYN.ETH-28FEB20,1578740343179,open,0.32,21.0,0.294,0.349,0.321586,83.22,0.267,0.0,ETH-28FEB20-100-C,143.0,46.73,0.309,40.0,0.338,39.0,107.83,0.08133,-0.07069,0.11256,0.00356,0.9152
144.56,SYN.ETH-28FEB20,1578740343179,open,0.13,120.0,0.087,0.172,0.128211,73.85,0.126,0.0,ETH-28FEB20-150-P,143.0,70.25,0.123,144.0,0.132,144.0,76.48,0.20887,-0.1611,-0.11944,0.01032,-0.5017
144.56,SYN.ETH-28FEB20,1578740343182,open,0.09,313.0,0.055,0.127,0.090614,73.85,0.103,0.0,ETH-28FEB20-150-C,143.0,71.35,0.087,404.0,0.094,260.0,76.2,0.20887,-0.1611,0.07731,0.01032,0.4983
144.56,SYN.ETH-28FEB20,1578740343182,open,0.04,464.0,0.016,0.069,0.039158,77.89,0.044,0.0,ETH-28FEB20-180-C,143.0,75.19,0.036,372.0,0.041,286.0,79.44,0.17062,-0.13879,0.04232,0.00799,0.26236
144.56,SYN.ETH-28FEB20,1578740343182,open,0.03,205.0,0.011,0.057,0.029965,79.4,0.028,0.0,ETH-28FEB20-190-C,143.0,77.49,0.028,372.0,0.033,484.0,82.26,0.15087,-0.1251,0.03413,0.00693,0.20994
144.56,SYN.ETH-28FEB20,1578740343182,open,0.23,0.0,0.179,0.278,0.227336,76.29,None,0.0,ETH-28FEB20-170-P,143.0,0.0,0.001,5.0,0.0,0.0,0.0,0.1889,-0.15051,-0.17073,0.00903,-0.67306
144.56,SYN.ETH-28FEB20,1578740343182,open,0.28,0.0,0.235,0.337,0.284275,77.89,None,0.0,ETH-28FEB20-180-P,143.0,0.0,0.001,5.0,0.0,0.0,0.0,0.17062,-0.13879,-0.19378,0.00799,-0.73764
144.56,SYN.ETH-28FEB20,1578740343182,open,0.34,0.0,0.294,0.398,0.344255,79.4,None,0.0,ETH-28FEB20-190-P,143.0,0.0,0.001,5.0,0.0,0.0,0.0,0.15087,-0.1251,-0.21509,0.00693,-0.79006
145.48,ETH-27MAR20,1578740343380,open,0.55,30.0,0.491,0.621,0.5531,90.0,0.554,0.0,ETH-27MAR20-220-P,143.0,0.0,0.507,18.0,0.586,18.0,112.64,0.19174,-0.11372,-0.40586,0.00484,-0.78893
150.39,SYN.ETH-25SEP20,1578740343388,open,0.63,0.0,0.603,0.653,0.627787,92.08,None,0.0,ETH-25SEP20-60-C,143.0,75.82,0.614,58.0,0.645,58.0,108.22,0.14608,-0.02608,0.33412,0.00099,0.94227
150.39,SYN.ETH-25SEP20,1578740343433,open,0.65,0.0,0.559,0.742,0.648858,93.67,None,0.0,ETH-25SEP20-220-P,143.0,0.0,0.0,0.0,0.671,1.0,100.28,0.50227,-0.09122,-1.25855,0.00336,-0.53567
150.39,SYN.ETH-25SEP20,1578740343433,open,0.19,8.0,0.123,0.251,0.185961,93.67,0.155,0.0,ETH-25SEP20-220-C,143.0,91.88,0.18,278.0,0.191,278.0,95.18,0.50227,-0.09122,0.29576,0.00336,0.46433
150.39,SYN.ETH-25SEP20,1578740343488,open,0.25,166.0,0.184,0.313,0.247379,88.71,0.259,0.0,ETH-25SEP20-140-P,143.0,86.59,0.241,396.0,0.254,396.0,90.92,0.45181,-0.07771,-0.60242,0.00319,-0.31961
150.39,SYN.ETH-25SEP20,1578740343488,open,0.26,178.0,0.202,0.324,0.264527,87.31,0.267,0.0,ETH-25SEP20-160-C,143.0,85.29,0.258,120.0,0.294,120.0,96.52,0.48456,-0.08203,0.36836,0.00347,0.61122
150.39,SYN.ETH-25SEP20,1578740343488,open,0.32,23.0,0.256,0.374,0.316444,88.71,0.297,0.0,ETH-25SEP20-140-C,143.0,83.26,0.3,160.0,0.34,160.0,96.6,0.45181,-0.07771,0.38669,0.00319,0.68039
150.39,SYN.ETH-25SEP20,1578740343488,open,0.23,180.0,0.163,0.286,0.225009,87.31,0.234,0.0,ETH-25SEP20-180-C,143.0,89.71,0.233,391.0,0.245,271.0,93.33,0.50055,-0.08474,0.34376,0.00359,0.54855
150.39,SYN.ETH-25SEP20,1578740343488,open,0.42,0.0,0.344,0.501,0.421925,87.31,0.58,0.0,ETH-25SEP20-180-P,143.0,19.86,0.21,1.0,0.497,1.0,110.16,0.50055,-0.08474,-0.92795,0.00359,-0.45145
150.39,SYN.ETH-25SEP20,1578740343488,open,0.06,317.0,0.032,0.093,0.059531,89.83,0.06,0.0,ETH-25SEP20-80-P,143.0,86.99,0.055,465.0,0.063,170.0,91.98,0.24151,-0.04207,-0.18276,0.00168,-0.11248
150.39,SYN.ETH-25SEP20,1578740343488,open,0.03,812.0,0.012,0.048,0.026759,92.06,0.028,0.0,ETH-25SEP20-60-P,143.0,89.16,0.024,470.0,0.029,170.0,94.33,0.14604,-0.02607,-0.08974,0.00099,-0.0577
150.39,SYN.ETH-25SEP20,1578740343490,open,0.17,529.0,0.118,0.228,0.171603,88.71,0.203,0.0,ETH-25SEP20-120-P,143.0,86.24,0.165,424.0,0.177,424.0,90.73,0.40141,-0.06904,-0.4476,0.00283,-0.24967
150.39,SYN.ETH-25SEP20,1578740343490,open,0.37,0.0,0.318,0.426,0.373659,88.71,0.359,0.0,ETH-25SEP20-120-C,143.0,81.36,0.354,160.0,0.397,160.0,97.48,0.40141,-0.06904,0.40021,0.00283,0.75033
143.65,SYN.ETH-31JAN20,1578740343559,open,0.0,2097.0,0.001,0.012,0.002417,92.51,0.004,0.0,ETH-31JAN20-220-C,143.0,81.3,0.001,302.0,0.004,600.0,100.76,0.02342,-0.05451,0.00223,0.00225,0.03098
150.39,SYN.ETH-25SEP20,1578740343567,open,0.63,0.0,0.603,0.653,0.627787,92.06,None,0.0,ETH-25SEP20-60-C,143.0,74.39,0.613,58.0,0.645,58.0,108.22,0.14604,-0.02607,0.33417,0.00099,0.9423
143.65,SYN.ETH-31JAN20,1578740343569,open,0.0,2097.0,0.001,0.012,0.002417,92.51,0.004,0.0,ETH-31JAN20-220-C,143.0,81.3,0.001,522.0,0.004,600.0,100.76,0.02342,-0.05451,0.00223,0.00225,0.03098
144.56,SYN.ETH-28FEB20,1578740343635,open,0.45,0.0,0.431,0.472,0.451213,95.86,None,0.0,ETH-28FEB20-80-C,143.0,0.0,0.446,1.0,0.462,43.0,126.26,0.03582,-0.03586,0.09833,0.00136,0.9698
144.56,SYN.ETH-28FEB20,1578740343635,open,0.41,0.0,0.356,0.463,0.407068,81.37,None,0.0,ETH-28FEB20-200-P,143.0,0.0,0.001,5.0,0.0,0.0,0.0,0.13248,-0.11258,-0.23456,0.00594,-0.83001
8058.35,SYN.BTC-17JAN20,1578740343848,open,0.08,217.7,0.054,0.0995,0.07552839,58.16,0.083,0.0,BTC-17JAN20-7500-C,8046.71,51.04,0.0735,0.5,0.0775,0.5,64.36,2.4494,-12.12335,0.99653,0.0004,0.84373
8058.35,SYN.BTC-17JAN20,1578740343850,open,0.04,169.7,0.0215,0.0705,0.04080427,53.27,0.037,0.0,BTC-17JAN20-8250-P,8046.71,48.46,0.0385,18.4,0.0415,1.4,54.72,3.88273,-17.60188,-0.86138,0.0007,-0.62322
8058.35,SYN.BTC-17JAN20,1578740343850,open,0.01,638.2,0.0005,0.0225,0.00624084,58.17,0.0055,0.0,BTC-17JAN20-7500-P,8046.71,55.68,0.0055,24.5,0.007,52.9,60.62,2.44953,-12.12466,-0.21082,0.0004,-0.15628
8058.35,SYN.BTC-17JAN20,1578740343852,open,0.06,33.8,0.0415,0.0935,0.06415053,55.47,0.0595,0.0,BTC-17JAN20-8500-P,8046.71,48.38,0.0615,0.4,0.066,0.4,60.11,3.14077,-14.82486,-1.07579,0.00054,-0.76515
8483.57,SYN.BTC-25SEP20,1578740343893,open,0.12,73.7,0.074,0.1805,0.11893718,82.67,0.118,0.0,BTC-25SEP20-14000-C,8046.71,82.05,0.117,7.7,0.1215,12.2,83.49,26.53158,-4.25274,14.11336,6e-05,0.35441
150.39,SYN.ETH-25SEP20,1578740344081,open,0.06,0.0,0.021,0.105,0.055152,104.85,None,0.0,ETH-25SEP20-520-C,143.0,101.34,0.048,300.0,0.063,300.0,108.47,0.31592,-0.06422,0.11857,0.00189,0.16674
150.39,SYN.ETH-25SEP20,1578740344081,open,2.51,0.0,2.382,2.661,2.51291,104.85,None,0.0,ETH-25SEP20-520-P,143.0,0.0,0.0,0.0,0.0,0.0,0.0,0.31592,-0.06422,-3.55528,0.00189,-0.83326
145.48,ETH-27MAR20,1578740344094,open,0.34,1148.0,0.31,0.375,0.34261,86.97,0.346,0.0,ETH-27MAR20-100-C,143.0,51.12,0.317,42.0,0.364,42.0,107.8,0.1376,-0.07886,0.16059,0.0036,0.87362
8058.35,SYN.BTC-17JAN20,1578740308481,open,0.2,6.4,0.177,0.212,0.19392584,79.58,0.185,0.0,BTC-17JAN20-6500-C,8046.71,0.0,0.1905,18.1,0.2045,5.0,150.34,0.37989,-2.57269,1.02662,5e-05,0.98533
8058.35,SYN.BTC-17JAN20,1578740192117,open,0.0,188.6,0.0005,0.0105,0.00053614,92.02,0.0005,0.0,BTC-17JAN20-6250-P,8046.71,0.0,0.0,0.0,0.001,47.8,100.99,0.33561,-2.628,-0.01718,3e-05,-0.01271
8058.35,SYN.BTC-17JAN20,1578740192107,open,0.0,503.1,0.0005,0.0105,0.00054246,79.6,0.0005,0.0,BTC-17JAN20-6500-P,8046.71,0.0,0.0,0.0,0.001,21.6,87.46,0.38028,-2.5759,-0.01976,5e-05,-0.01469
8058.35,SYN.BTC-17JAN20,1578740309353,open,0.01,297.7,0.0005,0.02,0.00548404,59.46,0.0075,0.0,BTC-17JAN20-8750-C,8046.71,59.52,0.0055,5.0,0.0065,58.4,62.85,2.34112,-11.84612,0.18228,0.00038,0.146
8058.35,SYN.BTC-17JAN20,1578740309351,open,0.01,638.2,0.0005,0.0225,0.00624068,58.17,0.0055,0.0,BTC-17JAN20-7500-P,8046.71,55.68,0.0055,24.5,0.007,52.9,60.62,2.44953,-12.12466,-0.21082,0.0004,-0.15628
8058.35,SYN.BTC-17JAN20,1578740309312,open,0.0,247.1,0.0005,0.011,0.001349,78.27,0.001,0.0,BTC-17JAN20-6750-P,8046.71,74.23,0.001,12.1,0.0015,15.6,79.82,0.75922,-5.05665,-0.04501,9e-05,-0.03335
8058.35,SYN.BTC-17JAN20,1578740309396,open,0.0,365.2,0.0005,0.016,0.00365024,65.03,0.0035,0.0,BTC-17JAN20-9000-C,8046.71,64.35,0.0035,12.6,0.0045,59.2,68.76,1.75622,-9.71863,0.12124,0.00026,0.09711
8058.35,SYN.BTC-17JAN20,1578740309312,open,0.0,241.7,0.0005,0.0115,0.00187157,75.91,0.002,0.0,BTC-17JAN20-9500-C,8046.71,72.83,0.0015,45.0,0.002,3.0,76.91,1.02721,-6.63539,0.06034,0.00013,0.04839
8072.21,SYN.BTC-24JAN20,1578740192112,open,0.0,105.5,0.0005,0.012,0.00231192,69.23,0.0025,0.0,BTC-24JAN20-6500-P,8046.71,63.78,0.0015,63.0,0.003,45.1,73.04,1.35213,-3.6352,-0.12541,8e-05,-0.04173
8072.21,SYN.BTC-24JAN20,1578740192258,open,0.0,57.9,0.0005,0.017,0.00497718,59.48,0.0045,0.0,BTC-24JAN20-7000-P,8046.71,57.89,0.0045,45.1,0.005,0.6,59.54,2.49253,-5.7574,-0.27475,0.00018,-0.09151
8072.21,SYN.BTC-24JAN20,1578740192214,open,0.0,10.8,0.0005,0.0135,0.00341133,64.48,0.0035,0.0,BTC-24JAN20-6750-P,8046.71,60.18,0.0025,45.0,0.004,47.0,66.93,1.85447,-4.64348,-0.18646,0.00013,-0.06207
8072.22,SYN.BTC-24JAN20,1578740192384,open,0.0,150.5,0.0005,0.0125,0.00286286,68.57,0.0035,0.0,BTC-24JAN20-10000-C,8046.71,66.76,0.0025,30.0,0.0035,45.1,71.45,1.68546,-4.48767,0.14833,0.00011,0.05495
8072.21,SYN.BTC-24JAN20,1578740192379,open,0.01,109.7,0.0005,0.0255,0.00828948,56.78,0.0075,0.0,BTC-24JAN20-7250-P,8046.71,54.88,0.0075,30.0,0.0085,15.0,57.26,3.44631,-7.59895,-0.43488,0.00026,-0.14442
8483.57,SYN.BTC-25SEP20,1578739847886,open,0.05,0.0,0.0215,0.1,0.04997917,91.48,None,0.0,BTC-25SEP20-24000-C,8046.71,90.05,0.047,9.0,0.0535,10.0,93.14,17.80823,-3.15883,6.98706,4e-05,0.16655
8483.57,SYN.BTC-25SEP20,1578740274748,open,0.2,65.4,0.1505,0.262,0.20079278,78.55,0.203,0.0,BTC-25SEP20-10000-C,8046.71,77.71,0.198,14.5,0.207,13.5,80.41,28.35455,-4.31819,19.86902,7e-05,0.53228
8058.35,SYN.BTC-17JAN20,1578740244685,open,0.0,183.0,0.0005,0.013,0.00243916,69.81,0.002,0.0,BTC-17JAN20-9250-C,8046.71,66.96,0.002,45.0,0.0025,1.0,70.2,1.29892,-7.7163,0.08137,0.00018,0.06517
8483.57,SYN.BTC-25SEP20,1578740297977,open,0.12,73.7,0.074,0.1805,0.11894355,82.67,0.118,0.0,BTC-25SEP20-14000-C,8046.71,82.05,0.117,7.7,0.1215,12.2,83.49,26.53158,-4.25274,14.11336,6e-05,0.35441
8072.21,SYN.BTC-24JAN20,1578740279672,open,0.02,49.9,0.0105,0.0505,0.02255717,53.62,0.0215,0.0,BTC-24JAN20-7750-P,8046.71,51.28,0.021,34.0,0.024,39.0,55.73,5.454,-11.35582,-0.9886,0.00044,-0.32461
8483.57,SYN.BTC-25SEP20,1578740273087,open,0.08,20.6,0.0415,0.135,0.07832015,86.19,0.0785,0.0,BTC-25SEP20-18000-C,8046.71,84.75,0.0745,17.6,0.0825,14.6,87.74,22.63459,-3.78249,10.25868,5e-05,0.24947
8072.21,SYN.BTC-24JAN20,1578740192284,open,0.0,66.2,0.0005,0.015,0.00376985,65.95,0.005,0.0,BTC-24JAN20-9750-C,8046.71,64.89,0.0035,17.0,0.0045,45.0,68.67,2.07558,-5.31576,0.19371,0.00014,0.07179
8483.57,SYN.BTC-25SEP20,1578740274063,open,0.05,134.2,0.0325,0.0905,0.05618149,76.99,0.0515,0.0,BTC-25SEP20-5000-P,8046.71,74.87,0.0525,17.7,0.0605,15.7,79.44,14.84479,-2.216,-10.98135,4e-05,-0.12703
8483.57,SYN.BTC-25SEP20,1578740292662,open,0.17,57.3,0.1215,0.232,0.17047378,78.55,0.1895,0.0,BTC-25SEP20-11000-C,8046.71,78.56,0.1705,15.7,0.1795,8.7,81.24,28.3907,-4.32371,18.23742,7e-05,0.47474
8483.57,SYN.BTC-25SEP20,1578740273040,open,0.07,135.9,0.0325,0.1205,0.0662808,88.06,0.0735,0.0,BTC-25SEP20-20000-C,8046.71,87.13,0.064,7.1,0.0695,14.8,89.36,20.84629,-3.55935,8.92559,5e-05,0.21519
8483.57,SYN.BTC-25SEP20,1578740273066,open,0.1,37.8,0.055,0.1555,0.09624167,84.78,0.0955,0.0,BTC-25SEP20-16000-C,8046.71,83.83,0.0935,8.0,0.1,14.4,86.06,24.66669,-4.05459,12.01205,6e-05,0.29665
8483.5,SYN.BTC-25SEP20,1578740274044,open,0.03,57.6,0.014,0.0525,0.02842925,79.12,0.0305,0.0,BTC-25SEP20-4000-P,8046.71,76.97,0.026,10.0,0.0305,16.0,80.89,9.75506,-1.49643,-6.00306,2e-05,-0.07173
8483.5,SYN.BTC-25SEP20,1578740308650,open,0.1,77.9,0.0655,0.144,0.09911949,76.99,0.092,0.0,BTC-25SEP20-6000-P,8046.71,73.91,0.092,16.0,0.0985,0.3,76.72,19.6739,-2.93682,-17.64207,5e-05,-0.19523
8483.57,SYN.BTC-25SEP20,1578737471833,open,0.04,29.5,0.0155,0.086,0.03959054,94.46,0.042,0.0,BTC-25SEP20-28000-C,8046.71,93.58,0.038,9.0,0.042,13.0,95.77,15.4179,-2.82394,5.66978,3e-05,0.13418
8358.54,BTC-26JUN20,1578740273852,open,0.1,461.2,0.0585,0.1485,0.09666663,80.39,0.0985,0.0,BTC-26JUN20-12000-C,8046.71,78.92,0.093,23.2,0.1005,13.2,81.93,20.86773,-5.0266,9.5664,8e-05,0.34699
8358.54,BTC-26JUN20,1578740273828,open,0.07,657.5,0.0365,0.1165,0.06852345,82.9,0.0745,0.0,BTC-26JUN20-14000-C,8046.71,81.51,0.0655,25.0,0.072,19.0,84.47,18.37242,-4.56328,7.3598,7e-05,0.26111
8358.54,BTC-26JUN20,1578740274027,open,0.02,52.0,0.005,0.0475,0.01757021,100.14,0.019,0.0,BTC-26JUN20-28000-C,8046.71,98.44,0.016,15.0,0.0195,34.0,102.12,7.91615,-2.3752,2.1553,2e-05,0.07397
8358.54,BTC-26JUN20,1578739309265,open,0.02,96.0,0.0065,0.0525,0.02027629,98.37,0.0275,0.0,BTC-26JUN20-26000-C,8046.71,96.64,0.0185,15.0,0.0225,29.0,100.43,8.77798,-2.5872,2.4653,3e-05,0.08479
8358.54,BTC-26JUN20,1578740273929,open,0.04,292.6,0.017,0.081,0.04010817,88.39,0.04,0.0,BTC-26JUN20-18000-C,8046.71,86.8,0.0375,26.9,0.043,14.9,90.11,13.88563,-3.6775,4.67355,5e-05,0.1624
8358.54,BTC-26JUN20,1578740273908,open,0.02,18.5,0.0075,0.057,0.02328349,96.09,0.028,0.0,BTC-26JUN20-24000-C,8046.71,94.52,0.0215,28.0,0.0255,33.0,97.96,9.70337,-2.79367,2.81894,3e-05,0.09705
8358.54,BTC-26JUN20,1578740273409,open,0.03,343.1,0.016,0.0585,0.0321542,75.78,0.0365,0.0,BTC-26JUN20-5000-P,8046.71,73.99,0.03,27.0,0.0335,10.0,76.87,10.20599,-2.31719,-5.20333,4e-05,-0.104
8358.54,BTC-26JUN20,1578740274001,open,0.02,112.5,0.0045,0.044,0.01555577,101.97,0.0175,0.0,BTC-26JUN20-30000-C,8046.71,100.12,0.014,15.0,0.0175,34.0,104.14,7.22478,-2.20736,1.91583,2e-05,0.06569
8197.04,BTC-27MAR20,1578740274630,open,0.01,1563.8,0.0015,0.0315,0.01120745,88.42,0.0125,0.0,BTC-27MAR20-16000-C,8046.71,86.45,0.01,71.0,0.0125,39.0,90.42,5.15563,-3.00416,1.04461,4e-05,0.07251
8358.54,BTC-26JUN20,1578740296391,open,0.06,388.0,0.0395,0.103,0.06600323,75.47,0.0625,0.0,BTC-26JUN20-6000-P,8046.71,72.93,0.0615,23.7,0.066,0.3,75.46,14.97284,-3.38555,-9.50722,6e-05,-0.18277
148.17,ETH-26JUN20,1578740285164,open,0.13,2035.0,0.083,0.178,0.128701,87.71,0.18,0.0,ETH-26JUN20-120-P,143.0,82.33,0.117,269.0,0.133,449.0,89.68,0.32314,-0.08492,-0.2614,0.00367,-0.25717
150.39,SYN.ETH-25SEP20,1578740334882,open,0.23,180.0,0.163,0.286,0.225009,87.31,0.234,0.0,ETH-25SEP20-180-C,143.0,89.71,0.233,391.0,0.245,271.0,93.33,0.50055,-0.08474,0.34376,0.00359,0.54855
150.39,SYN.ETH-25SEP20,1578740282855,open,0.03,812.0,0.012,0.048,0.026759,92.06,0.028,0.0,ETH-25SEP20-60-P,143.0,89.16,0.024,470.0,0.029,170.0,94.33,0.14604,-0.02607,-0.08974,0.00099,-0.0577
143.42,SYN.ETH-24JAN20,1578740330334,open,0.01,33.0,0.003,0.034,0.013716,64.76,0.013,0.0,ETH-24JAN20-130-P,143.0,61.36,0.012,240.0,0.015,305.0,67.23,0.0737,-0.18533,-0.01044,0.01568,-0.19254
150.39,SYN.ETH-25SEP20,1578739854735,open,0.05,54.0,0.017,0.095,0.048,105.18,0.059,0.0,ETH-25SEP20-560-C,143.0,102.54,0.043,300.0,0.054,2.0,108.19,0.29211,-0.05957,0.10626,0.00174,0.14801
150.39,SYN.ETH-25SEP20,1578740285081,open,0.11,61.0,0.059,0.174,0.112301,98.41,0.12,0.0,ETH-25SEP20-320-C,143.0,96.61,0.107,289.0,0.117,389.0,99.99,0.44519,-0.08495,0.20877,0.00283,0.3088
143.42,SYN.ETH-24JAN20,1578729600038,open,0.0,24.0,0.001,0.011,0.001039,93.03,0.001,0.0,ETH-24JAN20-100-P,143.0,0.0,0.0,0.0,0.002,325.0,103.43,0.01063,-0.03839,-0.00085,0.00157,-0.01573
148.17,ETH-26JUN20,1578740290191,open,0.03,752.0,0.011,0.071,0.033706,106.43,0.03,0.0,ETH-26JUN20-440-C,143.0,104.44,0.031,120.0,0.037,420.0,108.75,0.20569,-0.06559,0.06152,0.00193,0.12453
148.17,ETH-26JUN20,1578731903385,open,0.01,1447.0,0.005,0.031,0.015164,96.54,0.014,0.0,ETH-26JUN20-60-P,143.0,91.19,0.012,300.0,0.018,300.0,100.91,0.09242,-0.02673,-0.03975,0.00095,-0.04351
148.17,ETH-26JUN20,1578740287826,open,0.14,2767.0,0.09,0.199,0.143471,92.02,0.142,0.0,ETH-26JUN20-200-C,143.0,89.58,0.137,417.0,0.147,277.0,93.34,0.39388,-0.10859,0.19552,0.00426,0.4321
145.48,ETH-27MAR20,1578740328443,open,0.01,1189.0,0.001,0.019,0.00541,114.51,0.006,0.0,ETH-27MAR20-440-C,143.0,109.71,0.004,560.0,0.007,560.0,119.03,0.04703,-0.03549,0.0079,0.00093,0.03153
148.17,ETH-26JUN20,1578740284917,open,0.03,1009.0,0.015,0.06,0.034448,89.24,0.036,0.0,ETH-26JUN20-80-P,143.0,85.2,0.03,300.0,0.04,500.0,94.06,0.16657,-0.04454,-0.08627,0.00186,-0.0929
143.19,SYN.ETH-17JAN20,1578740328277,open,0.02,344.0,0.003,0.046,0.019367,58.29,0.018,0.0,ETH-17JAN20-140-P,143.0,51.19,0.016,275.0,0.021,182.0,61.7,0.06837,-0.3391,-0.00889,0.03554,-0.36624
150.39,SYN.ETH-25SEP20,1578740334926,open,0.17,3.0,0.104,0.23,0.165593,94.57,0.165,0.0,ETH-25SEP20-240-C,143.0,92.87,0.16,281.0,0.171,391.0,96.21,0.49521,-0.09081,0.27502,0.00328,0.42444
148.17,ETH-26JUN20,1578740285365,open,0.1,562.0,0.055,0.155,0.102052,94.23,0.102,0.0,ETH-26JUN20-240-C,143.0,92.57,0.098,497.0,0.106,425.0,95.83,0.36307,-0.10251,0.15479,0.00384,0.33056
145.48,ETH-27MAR20,1578740328304,open,0.02,0.0,0.007,0.039,0.019326,90.5,None,0.0,ETH-27MAR20-90-P,143.0,87.15,0.017,320.0,0.021,620.0,92.82,0.10351,-0.06173,-0.03165,0.0026,-0.08532
143.42,SYN.ETH-24JAN20,1578740328238,open,0.03,54.0,0.009,0.055,0.029127,63.54,0.028,0.0,ETH-24JAN20-150-C,143.0,60.54,0.027,10.0,0.033,612.0,68.94,0.10222,-0.25221,0.01755,0.02217,0.37593
145.48,ETH-27MAR20,1578740335056,open,0.07,1697.0,0.035,0.101,0.065332,82.22,0.064,0.0,ETH-27MAR20-120-P,143.0,80.58,0.063,320.0,0.069,280.0,84.79,0.20696,-0.11213,-0.09283,0.00572,-0.24163
145.48,ETH-27MAR20,1578740328111,open,0.03,5590.0,0.01,0.06,0.030474,92.26,0.03,0.0,ETH-27MAR20-240-C,143.0,90.02,0.028,601.0,0.033,598.0,94.47,0.16374,-0.09955,0.04026,0.00403,0.16359
144.56,SYN.ETH-28FEB20,1578740330836,open,0.06,480.0,0.03,0.092,0.058511,73.89,0.07,0.0,ETH-28FEB20-130-P,143.0,71.09,0.055,192.0,0.062,466.0,76.67,0.18145,-0.14003,-0.06757,0.00896,-0.29784
150.39,SYN.ETH-25SEP20,1578740287200,open,0.06,317.0,0.032,0.093,0.059531,89.83,0.06,0.0,ETH-25SEP20-80-P,143.0,86.99,0.055,465.0,0.063,170.0,91.98,0.24151,-0.04207,-0.18276,0.00168,-0.11248
145.48,ETH-27MAR20,1578740328207,open,0.01,1012.0,0.003,0.027,0.012208,95.24,0.015,0.0,ETH-27MAR20-80-P,143.0,90.71,0.01,620.0,0.014,620.0,98.64,0.07424,-0.04659,-0.02046,0.00177,-0.05543
150.39,SYN.ETH-25SEP20,1578740285228,open,0.08,106.0,0.038,0.14,0.082781,101.84,0.085,0.0,ETH-25SEP20-400-C,143.0,99.97,0.078,295.0,0.087,395.0,103.45,0.39057,-0.07712,0.16422,0.0024,0.23734
143.19,SYN.ETH-17JAN20,1578740328462,open,0.0,1257.0,0.001,0.014,0.002933,61.78,0.003,0.0,ETH-17JAN20-160-C,143.0,56.58,0.002,605.0,0.005,749.0,71.01,0.0281,-0.14771,0.00188,0.01378,0.0843
148.17,ETH-26JUN20,1578740333601,open,0.18,3185.0,0.119,0.232,0.175746,92.02,0.162,0.0,ETH-26JUN20-180-C,143.0,89.51,0.169,10.0,0.181,272.0,93.96,0.39969,-0.11019,0.2192,0.00433,0.49933
144.56,SYN.ETH-28FEB20,1578740330838,open,0.09,14.0,0.054,0.129,0.089562,73.78,0.12,0.0,ETH-28FEB20-140-P,143.0,70.52,0.085,192.0,0.093,448.0,76.23,0.20226,-0.15584,-0.09281,0.01,-0.39987
150.39,SYN.ETH-25SEP20,1578740284844,open,0.13,1.0,0.077,0.198,0.134746,96.56,0.097,0.0,ETH-25SEP20-280-C,143.0,95.05,0.13,285.0,0.14,395.0,98.23,0.47264,-0.08849,0.23871,0.00306,0.35941
143.65,SYN.ETH-31JAN20,1578740328230,open,0.0,1626.0,0.001,0.015,0.00435,84.05,0.003,0.0,ETH-31JAN20-200-C,143.0,78.38,0.003,820.0,0.006,605.0,89.77,0.03783,-0.07998,0.00404,0.00401,0.05601
148.17,ETH-26JUN20,1578740285184,open,0.06,396.0,0.025,0.105,0.059496,99.34,0.072,0.0,ETH-26JUN20-320-C,143.0,97.52,0.056,435.0,0.063,435.0,101.12,0.2878,-0.08566,0.10117,0.00289,0.20884
144.56,SYN.ETH-28FEB20,1578740328161,open,0.04,92.0,0.016,0.064,0.036704,75.64,0.044,0.0,ETH-28FEB20-120-P,143.0,73.01,0.034,432.0,0.039,480.0,77.85,0.14963,-0.1182,-0.04622,0.00722,-0.20702
143.19,SYN.ETH-17JAN20,1578740328122,open,0.0,789.0,0.001,0.019,0.004765,65.41,0.006,0.0,ETH-17JAN20-130-P,143.0,57.5,0.003,608.0,0.006,493.0,70.23,0.03502,-0.19492,-0.00273,0.01622,-0.11388
148.17,ETH-26JUN20,1578740284980,open,0.08,643.0,0.041,0.113,0.074316,88.89,0.093,0.0,ETH-26JUN20-100-P,143.0,85.76,0.069,487.0,0.079,287.0,91.62,0.2534,-0.06749,-0.16542,0.00284,-0.16987
144.56,SYN.ETH-28FEB20,1578740329479,open,0.04,464.0,0.016,0.069,0.039158,77.89,0.044,0.0,ETH-28FEB20-180-C,143.0,75.19,0.036,372.0,0.041,286.0,79.44,0.17062,-0.13879,0.04232,0.00799,0.26236
145.48,ETH-27MAR20,1578740328324,open,0.03,1621.0,0.012,0.055,0.029989,86.97,0.034,0.0,ETH-27MAR20-100-P,143.0,83.76,0.027,320.0,0.032,299.0,89.07,0.1376,-0.07886,-0.04729,0.0036,-0.12638
8358.54,BTC-26JUN20,1578740297286,open,0.17,233.9,0.13,0.225,0.17287,75.46,0.178,0.0,BTC-26JUN20-9000-C,8046.71,74.95,0.1715,19.5,0.179,11.5,77.75,22.41063,-5.06684,14.17807,9e-05,0.54387
8197.04,BTC-27MAR20,1578740274693,open,0.0,116.2,0.0005,0.012,0.0024499,106.45,0.003,0.0,BTC-27MAR20-26000-C,8046.71,103.86,0.002,24.1,0.003,15.0,109.21,1.52401,-1.06904,0.23688,1e-05,0.01635
8197.04,BTC-27MAR20,1578740192155,open,0.0,76.2,0.0005,0.0115,0.00195859,109.0,0.0025,0.0,BTC-27MAR20-28000-C,8046.71,105.74,0.0015,24.0,0.0025,15.0,112.23,1.25942,-0.90466,0.18986,1e-05,0.0131
8197.04,BTC-27MAR20,1578740286215,open,0.03,1732.7,0.0125,0.06,0.03013951,77.37,0.032,0.0,BTC-27MAR20-12000-C,8046.71,76.43,0.029,23.3,0.032,33.8,78.9,9.90877,-5.05223,2.60478,9e-05,0.183
145.48,ETH-27MAR20,1578740328275,open,0.05,130.0,0.021,0.075,0.044811,84.06,0.046,0.0,ETH-27MAR20-110-P,143.0,81.68,0.042,320.0,0.047,291.0,85.89,0.17314,-0.0959,-0.06754,0.00468,-0.17851
143.42,SYN.ETH-24JAN20,1578740330336,open,0.04,11.0,0.013,0.064,0.035453,62.72,0.038,0.0,ETH-24JAN20-140-P,143.0,56.55,0.031,240.0,0.037,267.0,64.86,0.10379,-0.25279,-0.02183,0.0228,-0.39596
8197.04,BTC-27MAR20,1578740334790,open,0.06,420.0,0.0335,0.0905,0.05751649,69.37,0.056,0.0,BTC-27MAR20-7000-P,8046.71,68.33,0.056,19.3,0.059,13.1,70.38,12.01333,-5.49148,-5.3339,0.00012,-0.2555
8197.04,BTC-27MAR20,1578740192029,open,0.01,652.1,0.0005,0.021,0.00586287,97.98,0.0055,0.0,BTC-27MAR20-20000-C,8046.71,95.58,0.005,25.2,0.007,57.0,100.83,3.09492,-1.99828,0.54918,2e-05,0.03809
150.39,SYN.ETH-25SEP20,1578740334947,open,0.19,8.0,0.123,0.251,0.18596,93.67,0.155,0.0,ETH-25SEP20-220-C,143.0,91.88,0.18,278.0,0.191,278.0,95.18,0.50227,-0.09122,0.29576,0.00336,0.46433
8197.04,BTC-27MAR20,1578740192248,open,0.0,265.0,0.0005,0.017,0.00417042,100.8,0.0055,0.0,BTC-27MAR20-22000-C,8046.71,98.35,0.0035,43.0,0.005,15.0,103.51,2.36766,-1.5727,0.39806,2e-05,0.02753
8358.54,BTC-26JUN20,1578740273541,open,0.17,166.9,0.1325,0.2305,0.17631606,75.47,0.169,0.0,BTC-26JUN20-8000-P,8046.71,73.18,0.1705,15.9,0.1795,10.4,76.71,21.27315,-4.81026,-20.74523,9e-05,-0.36653
8358.54,BTC-26JUN20,1578737130393,open,0.01,165.8,0.0005,0.016,0.0060568,88.24,0.007,0.0,BTC-26JUN20-3000-P,8046.71,83.46,0.0045,30.0,0.0075,15.0,92.08,2.95638,-0.78161,-1.06887,1e-05,-0.02191
8086.08,SYN.BTC-31JAN20,1578740192388,open,0.0,622.0,0.0005,0.0115,0.00190413,83.71,0.002,0.0,BTC-31JAN20-12000-C,8046.71,80.75,0.0015,18.0,0.0025,46.0,87.44,1.18434,-2.49403,0.1115,4e-05,0.02723
144.56,SYN.ETH-28FEB20,1578740329457,open,0.05,22.0,0.024,0.083,0.051392,76.29,0.041,0.0,ETH-28FEB20-170-C,143.0,73.68,0.048,372.0,0.054,279.0,78.28,0.1889,-0.15051,0.05225,0.00903,0.32694
8197.04,BTC-27MAR20,1578740274780,open,0.0,156.6,0.0005,0.0105,0.00097185,110.0,0.001,0.0,BTC-27MAR20-32000-C,8046.71,110.32,0.001,19.0,0.002,39.0,118.87,0.71479,-0.51812,0.10022,0.0,0.00685
150.39,SYN.ETH-25SEP20,1578740289686,open,0.06,67.0,0.026,0.117,0.064059,104.59,0.055,0.0,ETH-25SEP20-480-C,143.0,102.78,0.06,298.0,0.068,100.0,106.3,0.3422,-0.0694,0.13303,0.00205,0.18926
8197.04,BTC-27MAR20,1578740274747,open,0.01,477.2,0.0005,0.026,0.00832889,94.37,0.009,0.0,BTC-27MAR20-18000-C,8046.71,93.7,0.008,5.0,0.009,57.0,95.7,4.05979,-2.5247,0.76754,3e-05,0.05337
148.17,ETH-26JUN20,1578740290193,open,0.03,379.0,0.009,0.064,0.029234,108.64,0.032,0.0,ETH-26JUN20-480-C,143.0,106.83,0.027,120.0,0.032,420.0,110.78,0.18694,-0.06085,0.05392,0.00171,0.10882
148.17,ETH-26JUN20,1578740335857,open,0.02,295.0,0.006,0.055,0.023246,112.95,0.017,0.0,ETH-26JUN20-560-C,143.0,109.79,0.02,420.0,0.025,120.0,114.56,0.15874,-0.05372,0.04324,0.0014,0.08707
145.48,ETH-27MAR20,1578740328366,open,0.11,2647.0,0.071,0.155,0.112695,83.08,0.11,0.0,ETH-27MAR20-160-C,143.0,80.49,0.108,566.0,0.119,341.0,86.55,0.26411,-0.14459,0.10968,0.00723,0.47538
8197.04,BTC-27MAR20,1578740244700,open,0.0,175.4,0.0005,0.011,0.00142554,109.99,0.0015,0.0,BTC-27MAR20-30000-C,8046.71,105.94,0.001,58.0,0.002,15.0,114.26,0.97324,-0.70544,0.14164,1e-05,0.00974
145.48,ETH-27MAR20,1578740328251,open,0.08,2732.0,0.042,0.119,0.078537,85.25,0.084,0.0,ETH-27MAR20-180-C,143.0,83.17,0.075,577.0,0.084,469.0,88.43,0.24859,-0.13966,0.08569,0.00663,0.36188
8086.08,SYN.BTC-31JAN20,1578740274335,open,0.1,551.4,0.071,0.1205,0.09470493,56.19,0.0725,0.0,BTC-31JAN20-7500-C,8046.71,49.9,0.09,17.0,0.102,15.0,65.62,6.13615,-8.67406,2.83578,0.00031,0.73871
8086.08,SYN.BTC-31JAN20,1578740274318,open,0.0,873.3,0.0005,0.015,0.00455875,65.01,0.0035,0.0,BTC-31JAN20-6500-P,8046.71,63.05,0.004,45.0,0.0045,0.1,64.8,2.3888,-3.90668,-0.30573,0.0001,-0.06487
8197.04,BTC-27MAR20,1578740274666,open,0.02,706.7,0.0055,0.0415,0.01715914,82.79,0.018,0.0,BTC-27MAR20-14000-C,8046.71,81.41,0.016,24.0,0.0185,39.0,84.33,7.00244,-3.82006,1.57271,6e-05,0.10945
8141.52,SYN.BTC-28FEB20,1578740273244,open,0.01,138.2,0.0005,0.02,0.00738991,75.04,0.006,0.0,BTC-28FEB20-5500-P,8046.71,72.82,0.0065,39.0,0.0085,51.0,77.62,3.38103,-2.64971,-0.6893,5e-05,-0.05716
143.65,SYN.ETH-31JAN20,1578740284033,open,0.0,787.0,0.001,0.011,0.001033,94.13,0.002,0.0,ETH-31JAN20-90-P,143.0,0.0,0.0,0.0,0.002,301.0,104.26,0.01092,-0.02585,-0.00107,0.00103,-0.01259
8358.54,BTC-26JUN20,1578740273884,open,0.03,1003.5,0.0125,0.0705,0.03249217,91.03,0.0325,0.0,BTC-26JUN20-20000-C,8046.71,89.65,0.0305,28.0,0.035,15.0,92.73,12.18256,-3.32294,3.86341,4e-05,0.13359
144.56,SYN.ETH-28FEB20,1578740329509,open,0.03,205.0,0.011,0.057,0.029966,79.4,0.028,0.0,ETH-28FEB20-190-C,143.0,77.49,0.028,372.0,0.033,484.0,82.26,0.15087,-0.1251,0.03413,0.00693,0.20994
8141.52,SYN.BTC-28FEB20,1578740273202,open,0.0,131.7,0.0005,0.0145,0.00459089,81.07,0.004,0.0,BTC-28FEB20-5000-P,8046.71,80.74,0.0045,1.0,0.0055,49.0,84.13,2.29716,-1.94484,-0.42656,3e-05,-0.03535
8086.08,SYN.BTC-31JAN20,1578740192592,open,0.15,333.3,0.1225,0.168,0.14429843,59.46,0.138,0.0,BTC-31JAN20-7000-C,8046.71,47.52,0.139,14.4,0.1675,6.0,96.83,4.07023,-6.08779,3.17914,0.00019,0.86628
8358.54,BTC-26JUN20,1578740273436,open,0.01,508.9,0.0045,0.0315,0.01449488,79.97,0.0155,0.0,BTC-26JUN20-4000-P,8046.71,77.81,0.013,32.0,0.0165,23.0,82.71,5.93986,-1.42321,-2.51047,2e-05,-0.0512
8197.04,BTC-27MAR20,1578740273837,open,0.01,306.9,0.0005,0.025,0.01040002,78.2,0.0095,0.0,BTC-27MAR20-5000-P,8046.71,76.48,0.0095,39.0,0.011,26.0,79.3,4.38325,-2.25873,-1.17952,4e-05,-0.05882
8086.08,SYN.BTC-31JAN20,1578740192162,open,0.0,749.7,0.0005,0.011,0.00104891,79.5,0.0015,0.0,BTC-31JAN20-5500-P,8046.71,71.72,0.0005,52.2,0.0015,47.0,84.03,0.7145,-1.42898,-0.07066,3e-05,-0.015
8197.04,BTC-27MAR20,1578740274879,open,0.0,150.6,0.0005,0.0105,0.00066912,110.0,0.001,0.0,BTC-27MAR20-34000-C,8046.71,107.07,0.0005,47.2,0.0015,15.0,119.33,0.52675,-0.38182,0.07139,0.0,0.00486
145.48,ETH-27MAR20,1578740328357,open,0.01,1572.0,0.001,0.026,0.008855,106.17,0.01,0.0,ETH-27MAR20-360-C,143.0,102.05,0.007,800.0,0.011,260.0,110.34,0.07014,-0.04907,0.01292,0.0015,0.05159
8197.04,BTC-27MAR20,1578740274853,open,0.0,866.2,0.0005,0.0105,0.00023098,110.0,0.001,0.0,BTC-27MAR20-40000-C,8046.71,117.36,0.0005,32.8,0.001,15.0,125.18,0.21622,-0.15673,0.02688,0.0,0.00181
143.42,SYN.ETH-24JAN20,1578740328480,open,0.0,36.0,0.001,0.014,0.003333,74.02,0.003,0.0,ETH-24JAN20-180-C,143.0,67.1,0.002,600.0,0.005,700.0,80.78,0.0316,-0.09084,0.00281,0.00588,0.05884
8086.08,SYN.BTC-31JAN20,1578740274440,open,0.0,586.9,0.0005,0.015,0.00407069,69.12,0.0035,0.0,BTC-31JAN20-10500-C,8046.71,67.04,0.0035,61.6,0.005,30.0,72.21,2.30329,-4.00488,0.25466,9e-05,0.0619
8086.08,SYN.BTC-31JAN20,1578740323981,open,0.01,1342.7,0.0005,0.025,0.00998382,59.53,0.008,0.0,BTC-31JAN20-7000-P,8046.71,57.53,0.009,45.0,0.011,45.0,61.5,4.07561,-6.10332,-0.63394,0.00019,-0.13398
148.17,ETH-26JUN20,1578740285267,open,0.12,780.0,0.069,0.174,0.11965,92.84,0.116,0.0,ETH-26JUN20-220-C,143.0,91.02,0.115,421.0,0.124,421.0,94.53,0.38025,-0.10577,0.17371,0.00408,0.37608
150.39,SYN.ETH-25SEP20,1578735044459,open,0.06,0.0,0.021,0.105,0.055152,104.85,None,0.0,ETH-25SEP20-520-C,143.0,101.34,0.048,300.0,0.063,300.0,108.47,0.31592,-0.06422,0.11857,0.00189,0.16674
143.42,SYN.ETH-24JAN20,1578740328235,open,0.01,56.0,0.001,0.018,0.005214,71.33,0.005,0.0,ETH-24JAN20-120-P,143.0,66.76,0.004,600.0,0.006,40.0,74.02,0.04045,-0.11204,-0.00437,0.00782,-0.08107
143.65,SYN.ETH-31JAN20,1578740328299,open,0.0,827.0,0.001,0.011,0.001933,103.98,0.002,0.0,ETH-31JAN20-240-C,143.0,95.02,0.001,220.0,0.003,600.0,111.2,0.01831,-0.0479,0.00165,0.00157,0.02307
8141.52,SYN.BTC-28FEB20,1578740273209,open,0.03,170.1,0.013,0.056,0.03000581,67.37,0.03,0.0,BTC-28FEB20-10000-C,8046.71,66.47,0.029,28.0,0.031,19.3,68.27,9.07283,-6.38355,2.1951,0.00015,0.23555
143.65,SYN.ETH-31JAN20,1578740328477,open,0.01,1589.0,0.002,0.028,0.011085,71.89,0.017,0.0,ETH-31JAN20-120-P,143.0,67.35,0.009,600.0,0.013,860.0,75.79,0.06854,-0.12396,-0.01055,0.00849,-0.1238
148.17,ETH-26JUN20,1578740335845,open,0.03,195.0,0.007,0.058,0.025257,110.3,0.026,0.0,ETH-26JUN20-520-C,143.0,107.34,0.022,420.0,0.028,420.0,112.63,0.16936,-0.05597,0.04726,0.00153,0.09502
8086.08,SYN.BTC-31JAN20,1578740192160,open,0.01,816.9,0.0005,0.0195,0.00615444,64.96,0.0075,0.0,BTC-31JAN20-10000-C,8046.71,63.24,0.0055,61.0,0.007,30.0,67.09,3.12686,-5.11011,0.38018,0.00014,0.09249
145.48,ETH-27MAR20,1578740328233,open,0.0,2448.0,0.001,0.013,0.003381,120.0,0.005,0.0,ETH-27MAR20-520-C,143.0,112.56,0.002,2556.0,0.005,397.0,126.4,0.03206,-0.02535,0.00501,0.00061,0.01996
8086.08,SYN.BTC-31JAN20,1578740326533,open,0.08,68.8,0.057,0.113,0.08293225,56.1,0.075,0.0,BTC-31JAN20-8500-P,8046.71,50.46,0.078,17.1,0.087,24.2,60.64,7.16142,-10.10744,-3.11264,0.00036,-0.62394
150.39,SYN.ETH-25SEP20,1578740287201,open,0.07,45.0,0.031,0.128,0.072481,103.29,0.057,0.0,ETH-25SEP20-440-C,143.0,101.43,0.068,297.0,0.076,100.0,104.73,0.36548,-0.0732,0.14734,0.00221,0.21116
8197.04,BTC-27MAR20,1578740274726,open,0.0,161.2,0.0005,0.014,0.00318539,103.89,0.004,0.0,BTC-27MAR20-24000-C,8046.71,100.68,0.0025,58.0,0.004,15.0,107.15,1.89519,-1.29748,0.30564,1e-05,0.02112
8086.08,SYN.BTC-31JAN20,1578740192149,open,0.0,675.1,0.0005,0.0125,0.00293516,73.7,0.0025,0.0,BTC-31JAN20-11000-C,8046.71,71.63,0.0025,61.0,0.0035,30.0,76.17,1.76461,-3.27185,0.18194,7e-05,0.04425
148.17,ETH-26JUN20,1578740290188,open,0.05,777.0,0.018,0.091,0.048095,101.89,0.055,0.0,ETH-26JUN20-360-C,143.0,100.08,0.045,140.0,0.052,439.0,104.12,0.25597,-0.07815,0.08433,0.0025,0.17258
145.48,ETH-27MAR20,1578740335097,open,0.13,606.0,0.083,0.173,0.126262,81.34,0.119,0.0,ETH-27MAR20-140-P,143.0,78.32,0.121,253.0,0.131,573.0,84.05,0.2538,-0.13603,-0.15501,0.00709,-0.38631
150.39,SYN.ETH-25SEP20,1578740283006,open,0.17,529.0,0.118,0.228,0.171603,88.71,0.203,0.0,ETH-25SEP20-120-P,143.0,86.24,0.165,424.0,0.177,424.0,90.73,0.40141,-0.06904,-0.4476,0.00283,-0.24967
150.39,SYN.ETH-25SEP20,1578740335858,open,0.25,166.0,0.184,0.313,0.247379,88.71,0.259,0.0,ETH-25SEP20-140-P,143.0,86.59,0.241,396.0,0.254,396.0,90.92,0.45181,-0.07771,-0.60242,0.00319,-0.31961
145.48,ETH-27MAR20,1578740328421,open,0.0,1737.0,0.001,0.016,0.004426,118.11,0.005,0.0,ETH-27MAR20-480-C,143.0,112.19,0.003,520.0,0.006,300.0,123.31,0.03972,-0.03092,0.00645,0.00076,0.02574
143.65,SYN.ETH-31JAN20,1578740335843,open,0.05,809.0,0.025,0.085,0.048252,65.46,0.061,0.0,ETH-31JAN20-140-P,143.0,60.75,0.044,503.0,0.051,503.0,68.5,0.12978,-0.21371,-0.03532,0.01764,-0.40329
148.17,ETH-26JUN20,1578740289305,open,0.2,1311.0,0.144,0.259,0.200174,87.71,0.216,0.0,ETH-26JUN20-140-P,143.0,85.24,0.194,423.0,0.207,423.0,90.44,0.37011,-0.09726,-0.37099,0.0042,-0.34747
145.48,ETH-27MAR20,1578740283429,open,0.0,3001.0,0.001,0.011,0.001149,120.0,0.002,0.0,ETH-27MAR20-640-C,143.0,118.33,0.001,146.0,0.003,300.0,133.41,0.01368,-0.01082,0.00191,0.00026,0.00746
144.56,SYN.ETH-28FEB20,1578740329417,open,0.07,134.0,0.037,0.102,0.068069,74.91,0.056,0.0,ETH-28FEB20-160-C,143.0,72.72,0.065,144.0,0.07,270.0,76.28,0.20303,-0.15883,0.06404,0.00989,0.40582
8141.52,SYN.BTC-28FEB20,1578740273222,open,0.01,119.9,0.0025,0.0285,0.01241559,70.62,0.01,0.0,BTC-28FEB20-6000-P,8046.71,69.07,0.0115,39.0,0.0135,50.0,72.38,4.91457,-3.62483,-1.12811,8e-05,-0.09322
145.48,ETH-27MAR20,1578740328354,open,0.01,1521.0,0.001,0.023,0.007379,112.0,0.006,0.0,ETH-27MAR20-400-C,143.0,108.42,0.006,260.0,0.009,560.0,115.71,0.05973,-0.04408,0.01054,0.00121,0.04223
143.65,SYN.ETH-31JAN20,1578740328165,open,0.01,1296.0,0.001,0.017,0.005679,80.3,0.004,0.0,ETH-31JAN20-110-P,143.0,74.09,0.004,860.0,0.007,648.0,84.56,0.04225,-0.08534,-0.00549,0.00468,-0.0645
145.48,ETH-27MAR20,1578740328360,open,0.01,35.0,0.001,0.018,0.00713,99.98,0.009,0.0,ETH-27MAR20-70-P,143.0,93.1,0.005,540.0,0.009,300.0,105.16,0.04935,-0.03252,-0.01226,0.00112,-0.03343
144.56,SYN.ETH-28FEB20,1578740328133,open,0.02,153.0,0.008,0.048,0.023599,81.44,0.022,0.0,ETH-28FEB20-200-C,143.0,79.66,0.022,180.0,0.026,489.0,84.0,0.13261,-0.11278,0.0278,0.00594,0.17025
144.56,SYN.ETH-28FEB20,1578740328508,open,0.01,432.0,0.004,0.03,0.013317,83.22,0.017,0.0,ETH-28FEB20-100-P,143.0,80.83,0.012,260.0,0.015,540.0,86.14,0.08133,-0.07069,-0.01861,0.00356,-0.0848
8086.08,SYN.BTC-31JAN20,1578740274346,open,0.0,1035.3,0.0005,0.012,0.00215363,71.79,0.0015,0.0,BTC-31JAN20-6000-P,8046.71,67.36,0.0015,71.0,0.003,55.0,76.48,1.32297,-2.3894,-0.14645,5e-05,-0.03111
8197.04,BTC-27MAR20,1578740274816,open,0.0,296.9,0.0005,0.0105,0.00046517,110.0,0.001,0.0,BTC-27MAR20-36000-C,8046.71,110.71,0.0005,27.6,0.0015,58.0,123.26,0.38976,-0.28252,0.0512,0.0,0.00347
8086.08,SYN.BTC-31JAN20,1578740191983,open,0.0,533.2,0.0005,0.0105,0.00076609,92.54,0.0005,0.0,BTC-31JAN20-5000-P,8046.71,87.53,0.0005,19.0,0.001,45.0,96.03,0.49391,-1.14977,-0.04651,1e-05,-0.0098
143.65,SYN.ETH-31JAN20,1578740335842,open,0.02,274.0,0.008,0.05,0.022406,65.46,0.03,0.0,ETH-31JAN20-130-P,143.0,63.48,0.021,527.0,0.023,30.0,66.29,0.10245,-0.1687,-0.01995,0.01393,-0.23269
8086.08,SYN.BTC-31JAN20,1578740192041,open,0.0,268.8,0.0005,0.012,0.00214844,77.79,0.0025,0.0,BTC-31JAN20-11500-C,8046.71,73.51,0.0015,63.0,0.003,45.0,82.35,1.36106,-2.66345,0.1323,5e-05,0.03219
143.42,SYN.ETH-24JAN20,1578740330835,open,0.01,327.0,0.002,0.033,0.013565,66.0,0.015,0.0,ETH-24JAN20-160-C,143.0,63.03,0.012,240.0,0.016,529.0,70.45,0.07675,-0.19673,0.00974,0.01603,0.20599
144.56,SYN.ETH-28FEB20,1578740330338,open,0.09,313.0,0.055,0.127,0.090614,73.85,0.103,0.0,ETH-28FEB20-150-C,143.0,71.35,0.087,404.0,0.094,260.0,76.2,0.20887,-0.1611,0.07731,0.01032,0.4983
145.48,ETH-27MAR20,1578740328451,open,0.02,2252.0,0.005,0.044,0.019127,97.79,0.025,0.0,ETH-27MAR20-280-C,143.0,95.18,0.017,560.0,0.021,560.0,99.98,0.12183,-0.07851,0.02641,0.00283,0.10647
143.65,SYN.ETH-31JAN20,1578740328279,open,0.0,4174.0,0.001,0.013,0.003094,90.51,0.006,0.0,ETH-31JAN20-100-P,143.0,83.57,0.002,10.0,0.004,600.0,95.25,0.0255,-0.05806,-0.00293,0.00251,-0.03434
144.56,SYN.ETH-28FEB20,1578740328374,open,0.01,779.0,0.001,0.021,0.008191,89.76,0.012,0.0,ETH-28FEB20-90-P,143.0,83.68,0.006,800.0,0.01,541.0,94.19,0.0562,-0.05268,-0.01152,0.00228,-0.05257
143.65,SYN.ETH-31JAN20,1578740284766,open,0.0,1800.0,0.001,0.011,0.001455,112.62,0.001,0.0,ETH-31JAN20-260-C,143.0,107.33,0.001,198.0,0.002,397.0,117.65,0.01395,-0.03952,0.0012,0.0011,0.01674
144.56,SYN.ETH-28FEB20,1578740328369,open,0.02,153.0,0.008,0.044,0.02246,78.96,0.024,0.0,ETH-28FEB20-110-P,143.0,75.79,0.02,500.0,0.024,298.0,80.89,0.11425,-0.09421,-0.03005,0.00528,-0.13599
144.56,SYN.ETH-28FEB20,1578740328377,open,0.0,688.0,0.001,0.014,0.0046,95.76,0.008,0.0,ETH-28FEB20-80-P,143.0,88.5,0.003,800.0,0.006,301.0,101.02,0.03572,-0.03572,-0.00658,0.00136,-0.0301
145.47,ETH-27MAR20,1578740344346,open,0.02,0.0,0.007,0.039,0.019326,90.49,None,0.0,ETH-27MAR20-90-P,143.0,87.14,0.017,320.0,0.021,620.0,92.81,0.10351,-0.06173,-0.03165,0.0026,-0.08533
145.47,ETH-27MAR20,1578740344346,open,0.05,130.0,0.021,0.075,0.044811,84.04,0.046,0.0,ETH-27MAR20-110-P,143.0,81.66,0.042,320.0,0.047,291.0,85.87,0.17314,-0.09589,-0.06754,0.00468,-0.17853
143.19,SYN.ETH-17JAN20,1578740344619,open,0.3,1.0,0.281,0.324,0.302029,120.14,0.292,0.0,ETH-17JAN20-100-C,143.0,0.0,0.292,34.0,0.312,34.0,217.26,0.00377,-0.03856,0.01592,0.00095,0.99248
143.19,SYN.ETH-17JAN20,1578740344619,open,0.02,344.0,0.003,0.046,0.019367,58.28,0.018,0.0,ETH-17JAN20-140-P,143.0,51.19,0.016,275.0,0.021,182.0,61.7,0.06837,-0.33909,-0.00889,0.03554,-0.36627
143.19,SYN.ETH-17JAN20,1578740344619,open,0.0,137.0,0.001,0.011,0.001586,80.49,0.002,0.0,ETH-17JAN20-120-P,143.0,74.06,0.001,2.0,0.002,111.0,84.22,0.01483,-0.10161,-0.0009,0.00558,-0.03744
143.19,SYN.ETH-17JAN20,1578740344619,open,0.1,330.0,0.067,0.126,0.096893,65.42,0.07,0.0,ETH-17JAN20-130-C,143.0,56.88,0.095,60.0,0.102,60.0,83.41,0.03503,-0.19505,0.01819,0.01622,0.88605
143.19,SYN.ETH-17JAN20,1578740344622,open,0.01,2505.0,0.002,0.035,0.013539,61.43,0.019,0.0,ETH-17JAN20-150-C,143.0,60.19,0.013,50.0,0.015,1.0,64.77,0.06206,-0.32445,0.00634,0.03061,0.28876
8197.16,BTC-27MAR20,1578740344631,open,0.09,1563.1,0.063,0.135,0.09519747,73.08,0.094,0.0,BTC-27MAR20-9000-C,8046.91,68.82,0.0875,26.0,0.0925,11.6,71.59,14.81379,-7.13436,6.12594,0.00015,0.4547
8358.66,BTC-26JUN20,1578740344631,open,0.65,17.9,0.636,0.662,0.64714245,88.22,0.643,0.0,BTC-26JUN20-3000-C,8046.91,59.48,0.6415,9.0,0.658,9.0,110.96,2.95477,-0.78104,12.6477,1e-05,0.9781
8358.66,BTC-26JUN20,1578740344631,open,0.02,52.0,0.005,0.0475,0.01757021,100.14,0.019,0.0,BTC-26JUN20-28000-C,8046.91,98.44,0.016,15.0,0.0195,34.0,102.12,7.91672,-2.37539,2.15548,2e-05,0.07397
8358.66,BTC-26JUN20,1578740344631,open,0.33,137.1,0.283,0.3995,0.33579976,76.69,0.38,0.0,BTC-26JUN20-10000-P,8046.91,63.27,0.3,0.3,0.3645,6.0,87.34,22.46327,-5.16161,-33.25709,9e-05,-0.53446
8197.16,BTC-27MAR20,1578740344631,open,0.03,1732.7,0.0125,0.06,0.03013951,77.37,0.032,0.0,BTC-27MAR20-12000-C,8046.91,76.43,0.029,23.3,0.032,33.8,78.9,9.90931,-5.05252,2.60497,9e-05,0.18301
8197.16,BTC-27MAR20,1578740344632,open,0.0,150.6,0.0005,0.0105,0.00066912,110.0,0.001,0.0,BTC-27MAR20-34000-C,8046.91,107.07,0.0005,47.2,0.0015,15.0,119.33,0.52679,-0.38185,0.07139,0.0,0.00486
8358.86,BTC-26JUN20,1578740344632,open,0.28,135.6,0.238,0.323,0.2770668,75.45,0.274,0.0,BTC-26JUN20-7000-C,8046.91,61.76,0.2465,7.0,0.29,13.0,81.19,18.80159,-4.25065,17.18286,8e-05,0.72669
8358.86,BTC-26JUN20,1578740344632,open,0.01,508.9,0.0045,0.0315,0.01449488,79.97,0.0155,0.0,BTC-26JUN20-4000-P,8046.91,77.81,0.013,32.0,0.0165,23.0,82.71,5.93961,-1.42318,-2.51031,2e-05,-0.05119
8197.16,BTC-27MAR20,1578740344632,open,1.2,0.0,1.1555,1.2635,1.20424351,94.44,1.23,0.0,BTC-27MAR20-18000-P,8046.91,0.0,0.0025,10.0,0.0,0.0,0.0,4.0693,-2.53236,-36.64848,3e-05,-0.94647
8358.86,BTC-26JUN20,1578740344632,open,0.04,292.6,0.017,0.081,0.04010817,88.39,0.04,0.0,BTC-26JUN20-18000-C,8046.91,86.8,0.0375,26.9,0.043,14.9,90.11,13.88683,-3.67778,4.67407,5e-05,0.16241
8358.86,BTC-26JUN20,1578740344632,open,0.02,18.5,0.0075,0.057,0.02328349,96.09,0.028,0.0,BTC-26JUN20-24000-C,8046.91,94.52,0.0215,28.0,0.0255,33.0,97.95,9.70435,-2.79394,2.81928,3e-05,0.09706
8197.16,BTC-27MAR20,1578740344632,open,0.01,1563.8,0.0015,0.0315,0.01120745,88.42,0.0125,0.0,BTC-27MAR20-16000-C,8046.91,86.44,0.01,71.0,0.0125,39.0,90.42,5.15597,-3.00436,1.04469,4e-05,0.07252
8197.16,BTC-27MAR20,1578740344632,open,0.02,693.3,0.011,0.048,0.02508071,71.6,0.0235,0.0,BTC-27MAR20-6000-P,8046.91,71.0,0.0245,24.0,0.025,15.0,71.51,7.97136,-3.76088,-2.66903,8e-05,-0.13155
8197.16,BTC-27MAR20,1578740344632,open,0.0,866.2,0.0005,0.0105,0.00023098,110.0,0.001,0.0,BTC-27MAR20-40000-C,8046.91,117.36,0.0005,32.8,0.001,15.0,125.18,0.21624,-0.15675,0.02688,0.0,0.00181
8197.16,BTC-27MAR20,1578740344632,open,3.14,0.0,3.067,3.237,3.14850785,110.91,None,0.0,BTC-27MAR20-34000-P,8046.91,0.0,0.0,0.0,0.0,0.0,0.0,0.56246,-0.41109,-70.60205,0.0,-0.99477
8197.16,BTC-27MAR20,1578740344632,open,0.01,306.9,0.0005,0.025,0.01040002,78.2,0.0095,0.0,BTC-27MAR20-5000-P,8046.91,76.48,0.0095,39.0,0.011,26.0,79.31,4.38302,-2.25861,-1.17944,4e-05,-0.05882
8197.16,BTC-27MAR20,1578740344632,open,0.0,265.0,0.0005,0.017,0.00417042,100.8,0.0055,0.0,BTC-27MAR20-22000-C,8046.91,98.34,0.0035,43.0,0.005,15.0,103.5,2.36786,-1.57284,0.3981,2e-05,0.02753
8197.16,BTC-27MAR20,1578740344632,open,0.0,116.2,0.0005,0.012,0.0024499,106.45,0.003,0.0,BTC-27MAR20-26000-C,8046.91,103.86,0.002,24.1,0.003,15.0,109.21,1.52437,-1.06932,0.23694,1e-05,0.01635
8358.86,BTC-26JUN20,1578740344632,open,0.14,463.9,0.0975,0.192,0.13941858,76.68,0.1445,0.0,BTC-26JUN20-10000-C,8046.91,76.34,0.1385,21.1,0.146,12.1,79.13,22.46375,-5.1611,12.46282,9e-05,0.46553
8197.16,BTC-27MAR20,1578740344632,open,0.0,156.6,0.0005,0.0105,0.00097185,110.0,0.001,0.0,BTC-27MAR20-32000-C,8046.91,110.32,0.001,19.0,0.002,39.0,118.87,0.71484,-0.51816,0.10023,0.0,0.00685
8358.86,BTC-26JUN20,1578740344632,open,0.17,166.9,0.1325,0.2305,0.17631606,75.47,0.169,0.0,BTC-26JUN20-8000-P,8046.91,73.19,0.1705,15.9,0.1795,10.4,76.72,21.27338,-4.81048,-20.74433,9e-05,-0.3665
8358.86,BTC-26JUN20,1578740344632,open,0.53,8.4,0.475,0.6025,0.53232405,80.41,0.58,0.0,BTC-26JUN20-12000-P,8046.91,62.5,0.49,0.2,0.535,0.3,81.48,20.8711,-5.02872,-45.29441,8e-05,-0.65289
8197.16,BTC-27MAR20,1578740344632,open,2.16,0.0,2.11,2.247,2.17432658,106.7,None,0.0,BTC-27MAR20-26000-P,8046.91,0.0,0.0,0.0,0.0,0.0,0.0,1.54432,-1.08584,-53.80802,1e-05,-0.98339
8358.86,BTC-26JUN20,1578740344632,open,0.17,233.9,0.13,0.225,0.17287,75.46,0.178,0.0,BTC-26JUN20-9000-C,8046.91,74.95,0.1715,19.5,0.179,11.5,77.74,22.41132,-5.0669,14.17924,9e-05,0.5439
8358.86,BTC-26JUN20,1578740344632,open,0.07,657.5,0.0365,0.1165,0.06852345,82.9,0.0745,0.0,BTC-26JUN20-14000-C,8046.91,81.51,0.0655,25.0,0.072,19.0,84.47,18.37377,-4.56356,7.36056,7e-05,0.26113
8358.86,BTC-26JUN20,1578740344632,open,1.65,0.0,1.592,1.7435,1.65931039,93.77,None,0.0,BTC-26JUN20-22000-P,8046.91,0.0,0.11,1.0,2.22,0.1,327.81,10.85444,-3.04977,-97.29899,4e-05,-0.88671
8358.86,BTC-26JUN20,1578740344632,open,1.88,0.0,1.824,1.982,1.89459834,96.18,None,0.0,BTC-26JUN20-24000-P,8046.91,0.0,0.0005,1.0,0.0,0.0,0.0,9.72851,-2.80365,-106.89882,3e-05,-0.90262
8197.16,BTC-27MAR20,1578740344632,open,0.14,1567.1,0.103,0.175,0.13603019,69.08,0.136,0.0,BTC-27MAR20-8000-C,8046.91,67.09,0.1325,14.4,0.1395,9.0,71.05,14.50469,-6.60328,7.78363,0.00015,0.59281
8197.16,BTC-27MAR20,1578740344632,open,0.4,1.1,0.3825,0.4225,0.40042373,78.18,0.4155,0.0,BTC-27MAR20-5000-C,8046.91,50.16,0.391,8.0,0.417,8.0,102.8,4.38125,-2.25721,9.21516,4e-05,0.94122
8197.16,BTC-27MAR20,1578740344632,open,0.01,652.1,0.0005,0.021,0.00586287,97.98,0.0055,0.0,BTC-27MAR20-20000-C,8046.91,95.58,0.005,25.2,0.007,57.0,100.83,3.09518,-1.99845,0.54923,2e-05,0.03809
8358.86,BTC-26JUN20,1578740344632,open,1.19,1.1,1.131,1.272,1.19359431,88.44,1.35,0.0,BTC-26JUN20-18000-P,8046.91,0.0,0.9,0.1,2.1,0.1,500.0,13.89898,-3.68307,-77.6156,5e-05,-0.83737
8197.16,BTC-27MAR20,1578740344632,open,0.0,175.4,0.0005,0.011,0.00142554,109.99,0.0015,0.0,BTC-27MAR20-30000-C,8046.91,105.94,0.001,58.0,0.002,15.0,114.26,0.97332,-0.7055,0.14166,1e-05,0.00974
8358.86,BTC-26JUN20,1578740344632,open,0.01,223.0,0.0035,0.04,0.01340453,103.04,0.014,0.0,BTC-26JUN20-32000-C,8046.91,101.17,0.012,29.0,0.015,1.3,105.03,6.48778,-2.00297,1.67496,2e-05,0.05723
8197.16,BTC-27MAR20,1578740344632,open,0.0,296.9,0.0005,0.0105,0.00046517,110.0,0.001,0.0,BTC-27MAR20-36000-C,8046.91,110.71,0.0005,27.6,0.0015,58.0,123.26,0.3898,-0.28255,0.05121,0.0,0.00347
8197.16,BTC-27MAR20,1578740344632,open,0.18,125.7,0.1535,0.241,0.19315479,73.09,0.2165,0.0,BTC-27MAR20-9000-P,8046.91,63.0,0.175,9.0,0.221,6.0,88.44,14.81388,-7.13527,-12.58304,0.00015,-0.54528
8072.23,SYN.BTC-24JAN20,1578740344631,open,0.0,66.2,0.0005,0.015,0.00376985,65.96,0.005,0.0,BTC-24JAN20-9750-C,8046.91,64.89,0.0035,17.0,0.0045,45.0,68.67,2.07646,-5.31892,0.19381,0.00014,0.07183
8358.86,BTC-26JUN20,1578740344632,open,0.03,343.1,0.016,0.0585,0.0321542,75.78,0.0365,0.0,BTC-26JUN20-5000-P,8046.91,73.99,0.03,27.0,0.0335,10.0,76.87,10.20555,-2.31712,-5.20292,4e-05,-0.10399
8358.86,BTC-26JUN20,1578740344632,open,2.83,0.0,2.7575,2.943,2.84182433,103.23,None,0.0,BTC-26JUN20-32000-P,8046.91,0.0,0.0005,1.0,0.0,0.0,0.0,6.53036,-2.0198,-144.61435,2e-05,-0.94229
8197.16,BTC-27MAR20,1578740344632,open,0.96,1.2,0.9175,1.019,0.96313156,88.47,1.4,0.0,BTC-27MAR20-16000-P,8046.91,0.0,0.0035,5.0,0.0,0.0,0.0,5.16315,-3.01008,-32.21413,4e-05,-0.92735
8197.16,BTC-27MAR20,1578740344632,open,2.41,0.0,2.3495,2.495,2.41782578,109.33,None,0.0,BTC-27MAR20-28000-P,8046.91,0.0,0.0,0.0,0.0,0.0,0.0,1.28236,-0.92389,-58.0123,1e-05,-0.98662
8197.36,BTC-27MAR20,1578740344632,open,1.44,5.2,1.3935,1.5075,1.44576801,98.23,2.035,0.0,BTC-27MAR20-20000-P,8046.91,0.0,0.0,0.0,0.0,0.0,0.0,3.12654,-2.02383,-41.02004,2e-05,-0.96143
8358.86,BTC-26JUN20,1578740344632,open,0.54,0.5,0.519,0.558,0.53594241,79.94,0.589,0.0,BTC-26JUN20-4000-C,8046.91,65.57,0.5275,8.0,0.553,8.0,100.0,5.93618,-1.4219,15.77955,2e-05,0.94884
8197.36,BTC-27MAR20,1578740344632,open,1.92,0.0,1.871,2.0,1.93107155,104.38,None,0.0,BTC-27MAR20-24000-P,8046.91,0.0,0.0005,5.0,0.0,0.0,0.0,1.94098,-1.33505,-49.57687,1e-05,-0.97827
8358.86,BTC-26JUN20,1578740344632,open,0.06,388.0,0.0395,0.103,0.06600323,75.47,0.0625,0.0,BTC-26JUN20-6000-P,8046.91,72.94,0.0615,23.7,0.066,0.3,75.47,14.97253,-3.38556,-9.50669,6e-05,-0.18276
8483.64,SYN.BTC-25SEP20,1578740344631,open,1.42,0.7,1.348,1.5185,1.42377761,88.07,1.45,0.0,BTC-25SEP20-20000-P,8046.91,0.0,1.35,0.1,1.55,0.1,130.81,20.84893,-3.56013,-132.37471,5e-05,-0.78476
8358.86,BTC-26JUN20,1578740344632,open,0.02,96.0,0.0065,0.0525,0.02027629,98.37,0.0275,0.0,BTC-26JUN20-26000-C,8046.91,96.63,0.0185,15.0,0.0225,29.0,100.43,8.77889,-2.58745,2.4656,3e-05,0.08479
8197.36,BTC-27MAR20,1578740344632,open,0.01,477.2,0.0005,0.026,0.00832889,94.37,0.009,0.0,BTC-27MAR20-18000-C,8046.91,93.7,0.008,5.0,0.009,57.0,95.69,4.06026,-2.52494,0.76765,3e-05,0.05338
8197.36,BTC-27MAR20,1578740344632,open,0.49,55.3,0.452,0.5455,0.49408259,77.42,0.49,0.0,BTC-27MAR20-12000-P,8046.91,0.0,0.4065,0.1,0.75,0.2,228.02,9.9166,-5.05912,-22.33782,9e-05,-0.81678
8197.36,BTC-27MAR20,1578740344632,open,0.28,141.5,0.2405,0.3315,0.2819118,73.11,0.275,0.0,BTC-27MAR20-10000-P,8046.91,52.58,0.25,0.1,0.3025,8.0,85.24,13.59573,-6.55,-16.15767,0.00013,-0.66628
8358.86,BTC-26JUN20,1578740344632,open,2.59,0.0,2.524,2.703,2.60469933,102.13,None,0.0,BTC-26JUN20-30000-P,8046.91,0.0,0.0005,1.0,0.0,0.0,0.0,7.26281,-2.22242,-135.23057,2e-05,-0.93387
8358.86,BTC-26JUN20,1578740344633,open,0.03,1003.5,0.0125,0.0705,0.03249217,91.03,0.0325,0.0,BTC-26JUN20-20000-C,8046.91,89.65,0.0305,28.0,0.035,15.0,92.72,12.1837,-3.32323,3.86386,4e-05,0.1336
8358.86,BTC-26JUN20,1578740344633,open,0.35,25.9,0.315,0.3875,0.34817452,75.45,0.3185,0.0,BTC-26JUN20-6000-C,8046.91,61.06,0.3235,15.4,0.379,7.0,92.14,14.97144,-3.38463,17.92679,6e-05,0.81726
8358.86,BTC-26JUN20,1578740344633,open,0.44,0.0,0.4095,0.4645,0.43396361,75.76,None,0.0,BTC-26JUN20-5000-C,8046.91,61.13,0.418,7.0,0.459,7.0,94.47,10.20317,-2.31601,17.65891,4e-05,0.89604
8358.86,BTC-26JUN20,1578740344633,open,0.1,461.2,0.0585,0.1485,0.09666663,80.39,0.0985,0.0,BTC-26JUN20-12000-C,8046.91,78.92,0.093,23.2,0.1005,13.2,81.92,20.869,-5.02683,9.56731,8e-05,0.34701
8197.36,BTC-27MAR20,1578740344633,open,1.68,5.6,1.6325,1.753,1.68806607,101.16,1.545,0.0,BTC-27MAR20-22000-P,8046.91,0.0,0.0,0.0,0.0,0.0,0.0,2.4066,-1.60424,-45.32776,2e-05,-0.97193
8072.23,SYN.BTC-24JAN20,1578740344631,open,0.03,67.8,0.02,0.067,0.03498765,52.71,0.028,0.0,BTC-24JAN20-8000-P,8046.91,50.7,0.0335,27.0,0.037,33.0,55.42,5.9892,-12.25835,-1.36456,0.00049,-0.44422
8141.58,SYN.BTC-28FEB20,1578740344631,open,0.1,119.1,0.0715,0.1325,0.099702,63.5,0.1035,0.0,BTC-28FEB20-8000-C,8046.91,61.59,0.097,23.7,0.1015,14.4,64.76,11.55011,-7.65927,5.08471,0.00021,0.57584
8197.36,BTC-27MAR20,1578740344633,open,3.38,0.0,3.306,3.485,3.39229442,113.18,None,0.0,BTC-27MAR20-36000-P,8046.91,0.0,0.0,0.0,0.0,0.0,0.0,0.49538,-0.36948,-74.76987,0.0,-0.99546
8197.36,BTC-27MAR20,1578740344633,open,2.65,0.0,2.5885,2.742,2.66128324,111.16,None,0.0,BTC-27MAR20-30000-P,8046.91,0.0,0.0,0.0,0.0,0.0,0.0,1.04282,-0.76384,-62.21071,1e-05,-0.98946
8358.86,BTC-26JUN20,1578740344633,open,2.12,0.0,2.057,2.222,2.13086738,98.48,None,0.0,BTC-26JUN20-26000-P,8046.91,0.0,0.0005,1.0,0.0,0.0,0.0,8.80717,-2.59877,-116.39537,3e-05,-0.91484
8358.86,BTC-26JUN20,1578740344633,open,0.25,112.8,0.2005,0.309,0.24961307,75.47,0.28,0.0,BTC-26JUN20-9000-P,8046.91,60.19,0.2085,5.0,0.2685,11.0,82.53,22.41112,-5.06788,-26.96853,9e-05,-0.45607
8197.36,BTC-27MAR20,1578740344633,open,0.29,25.1,0.2685,0.322,0.29310917,71.57,0.3,0.0,BTC-27MAR20-6000-C,8046.91,55.03,0.279,10.0,0.3165,9.9,93.27,7.96838,-3.75814,9.8054,8e-05,0.86852
8197.36,BTC-27MAR20,1578740344633,open,0.72,59.2,0.682,0.7785,0.72509274,82.86,0.6985,0.0,BTC-27MAR20-14000-P,8046.91,0.0,0.66,1.5,0.73,0.5,88.26,7.01619,-3.83104,-27.52639,6e-05,-0.89025
8197.36,BTC-27MAR20,1578740344633,open,0.0,161.2,0.0005,0.014,0.00318539,103.89,0.004,0.0,BTC-27MAR20-24000-C,8046.91,100.68,0.0025,58.0,0.004,15.0,107.15,1.89543,-1.29762,0.30569,1e-05,0.02112
8358.86,BTC-26JUN20,1578740344633,open,2.36,0.0,2.29,2.462,2.36743753,100.27,None,0.0,BTC-26JUN20-28000-P,8046.91,0.0,0.0005,1.0,0.0,0.0,0.0,7.9498,-2.3885,-125.84822,2e-05,-0.92562
8197.36,BTC-27MAR20,1578740344633,open,0.02,706.7,0.0055,0.0415,0.01715914,82.78,0.018,0.0,BTC-27MAR20-14000-C,8046.91,81.4,0.016,24.0,0.0185,39.0,84.32,7.00317,-3.82033,1.57292,6e-05,0.10946
8141.58,SYN.BTC-28FEB20,1578740344631,open,0.02,249.3,0.006,0.0395,0.01768104,70.95,0.0175,0.0,BTC-28FEB20-11000-C,8046.91,70.13,0.017,30.0,0.019,24.0,72.5,6.83168,-5.06236,1.39795,0.00011,0.14859
8197.36,BTC-27MAR20,1578740344633,open,0.0,76.2,0.0005,0.0115,0.00195859,109.01,0.0025,0.0,BTC-27MAR20-28000-C,8046.91,105.73,0.0015,24.0,0.0025,15.0,112.23,1.25977,-0.90492,0.18992,1e-05,0.0131
8197.36,BTC-27MAR20,1578740344633,open,0.2,619.4,0.173,0.239,0.20354969,69.35,0.2105,0.0,BTC-27MAR20-7000-C,8046.91,49.67,0.176,8.0,0.2175,16.0,78.75,12.01215,-5.48958,9.21918,0.00012,0.74456
8358.86,BTC-26JUN20,1578740344633,open,0.01,165.8,0.0005,0.016,0.0060568,88.24,0.007,0.0,BTC-26JUN20-3000-P,8046.91,83.47,0.0045,30.0,0.0075,15.0,92.08,2.95618,-0.78156,-1.06878,1e-05,-0.02191
8358.86,BTC-26JUN20,1578740344633,open,0.02,112.5,0.0045,0.044,0.01555577,101.97,0.0175,0.0,BTC-26JUN20-30000-C,8046.91,100.11,0.014,15.0,0.0175,34.0,104.14,7.22555,-2.20759,1.91607,2e-05,0.06569
8483.64,SYN.BTC-25SEP20,1578740344631,open,0.29,1.9,0.2375,0.36,0.2929427,76.99,0.285,0.0,BTC-25SEP20-9000-P,8046.91,64.24,0.251,4.0,0.3,5.5,79.16,27.69084,-4.13367,-42.02273,7e-05,-0.40817
8141.58,SYN.BTC-28FEB20,1578740344631,open,0.2,0.0,0.1725,0.2475,0.20694532,65.87,None,0.0,BTC-28FEB20-9500-P,8046.91,17.28,0.167,0.1,0.0,0.0,0.0,10.2354,-7.04151,-9.69682,0.00018,-0.70108
8358.86,BTC-26JUN20,1578740344634,open,0.74,12.5,0.6845,0.8165,0.74345712,82.92,0.742,0.0,BTC-26JUN20-14000-P,8046.91,0.0,0.5,1.0,0.792,1.0,103.43,18.37873,-4.5664,-56.64376,7e-05,-0.73874
8141.58,SYN.BTC-28FEB20,1578740344631,open,0.25,0.0,0.2235,0.2995,0.25827762,67.39,None,0.0,BTC-28FEB20-10000-P,8046.91,0.0,0.0,0.0,0.0,0.0,0.0,9.07456,-6.38625,-10.92087,0.00015,-0.76437
8058.35,SYN.BTC-17JAN20,1578740344631,open,0.0,241.7,0.0005,0.0115,0.00187157,75.92,0.002,0.0,BTC-17JAN20-9500-C,8046.91,72.82,0.0015,45.0,0.002,3.0,76.91,1.02774,-6.63997,0.06038,0.00013,0.04842
8058.35,SYN.BTC-17JAN20,1578740344631,open,0.0,174.0,0.0005,0.0105,0.0002681,96.03,0.0005,0.0,BTC-17JAN20-6000-P,8046.91,0.0,0.0,0.0,0.0005,0.1,103.94,0.18753,-1.53239,-0.00883,2e-05,-0.00654
8141.58,SYN.BTC-28FEB20,1578740344631,open,0.03,263.6,0.017,0.06,0.03439921,65.14,0.0335,0.0,BTC-28FEB20-7000-P,8046.91,63.37,0.0325,68.0,0.0355,19.3,66.15,8.82364,-6.00245,-2.76072,0.00016,-0.22412
8358.86,BTC-26JUN20,1578740344634,open,0.22,237.1,0.1765,0.2695,0.21921111,75.46,0.2235,0.0,BTC-26JUN20-8000-C,8046.91,72.82,0.2125,8.0,0.2295,14.0,79.5,21.27361,-4.80962,15.8321,9e-05,0.63349
8483.64,SYN.BTC-25SEP20,1578740344631,open,0.56,0.0,0.5355,0.5845,0.55692905,79.11,None,0.0,BTC-25SEP20-4000-C,8046.91,67.66,0.545,6.0,0.578,6.0,95.7,9.7543,-1.49624,22.2581,2e-05,0.92828
8358.86,BTC-26JUN20,1578740344634,open,1.42,0.1,1.3605,1.5065,1.42525454,91.1,1.85,0.0,BTC-26JUN20-20000-P,8046.91,0.0,0.0005,5.0,1.88,0.1,276.45,12.19978,-3.32991,-87.56857,4e-05,-0.86615
8483.64,SYN.BTC-25SEP20,1578740344631,open,0.76,1.0,0.7,0.854,0.76919131,82.68,0.7215,0.0,BTC-25SEP20-14000-P,8046.91,64.25,0.715,0.1,1.05,0.1,168.23,26.53255,-4.25317,-84.7971,6e-05,-0.64556
8072.23,SYN.BTC-24JAN20,1578740344631,open,0.21,0.0,0.1855,0.242,0.21161702,65.97,None,0.0,BTC-24JAN20-9750-P,8046.91,0.0,0.0,0.0,0.0,0.0,0.0,2.07696,-5.32077,-3.24553,0.00014,-0.92815
8058.35,SYN.BTC-17JAN20,1578740344631,open,0.05,303.6,0.0305,0.077,0.05028675,54.28,0.0625,0.0,BTC-17JAN20-7750-C,8046.91,51.21,0.049,6.0,0.052,0.7,58.29,3.40502,-15.72856,0.87663,0.0006,0.72606
8072.23,SYN.BTC-24JAN20,1578740344631,open,0.09,0.0,0.074,0.1305,0.09791992,56.02,None,0.0,BTC-24JAN20-8750-P,8046.91,0.0,0.0,0.0,0.0,0.0,0.0,4.68849,-10.19894,-2.4495,0.00036,-0.7623
8072.23,SYN.BTC-24JAN20,1578740344631,open,0.01,84.3,0.0005,0.0275,0.00969358,58.2,0.0105,0.0,BTC-24JAN20-9000-C,8046.91,57.8,0.0095,5.0,0.0105,24.0,59.85,3.88606,-8.7827,0.46629,0.00029,0.17344
8086.1,SYN.BTC-31JAN20,1578740344632,open,0.24,0.0,0.215,0.275,0.24284785,64.98,None,0.0,BTC-31JAN20-10000-P,8046.91,0.0,0.0,0.0,0.0,0.0,0.0,3.12849,-5.11406,-5.06496,0.00014,-0.90744
8358.86,BTC-26JUN20,1578740344634,open,0.96,5.0,0.9045,1.0395,0.96450748,85.17,1.22,0.0,BTC-26JUN20-16000-P,8046.91,0.0,0.56,1.0,2.0,0.1,500.0,15.85102,-4.04485,-67.41041,6e-05,-0.79942
8141.58,SYN.BTC-28FEB20,1578740344631,open,0.16,0.0,0.1265,0.199,0.15964101,64.66,None,0.0,BTC-28FEB20-9000-P,8046.91,0.0,0.0,0.0,0.1785,0.1,78.16,11.20798,-7.56808,-8.34822,0.0002,-0.6221
8058.35,SYN.BTC-17JAN20,1578740344631,open,0.09,3.2,0.067,0.119,0.0913141,59.46,0.077,0.0,BTC-17JAN20-8750-P,8046.91,50.65,0.089,0.4,0.0945,0.4,69.52,2.34124,-11.84724,-1.22626,0.00038,-0.85399
8483.64,SYN.BTC-25SEP20,1578740344631,open,0.56,0.5,0.5015,0.6475,0.56728393,80.86,0.6,0.0,BTC-25SEP20-12000-P,8046.91,0.0,0.05,0.5,0.618,0.1,96.07,28.03826,-4.39612,-68.02366,7e-05,-0.56762
8072.23,SYN.BTC-24JAN20,1578740344631,open,0.05,28.5,0.0335,0.086,0.05226807,53.23,0.0485,0.0,BTC-24JAN20-8250-P,8046.91,50.83,0.0505,18.0,0.0545,32.5,56.24,5.96375,-12.32665,-1.76248,0.00049,-0.56668
8058.35,SYN.BTC-17JAN20,1578740344631,open,0.17,97.8,0.1455,0.1835,0.16370867,78.26,0.161,0.0,BTC-17JAN20-6750-C,8046.91,0.0,0.153,5.0,0.1795,5.0,152.2,0.75911,-5.0557,1.0416,9e-05,0.96666
8058.35,SYN.BTC-17JAN20,1578740344631,open,0.0,365.2,0.0005,0.016,0.00365024,65.05,0.0035,0.0,BTC-17JAN20-9000-C,8046.91,64.35,0.0035,12.6,0.0045,59.2,68.76,1.75714,-9.72648,0.12133,0.00026,0.09718
8086.1,SYN.BTC-31JAN20,1578740344633,open,0.0,873.3,0.0005,0.015,0.00455875,65.0,0.0035,0.0,BTC-31JAN20-6500-P,8046.91,63.05,0.004,45.0,0.0045,0.1,64.8,2.38795,-3.90464,-0.30558,0.0001,-0.06484
8058.35,SYN.BTC-17JAN20,1578740344631,open,0.26,0.1,0.2405,0.272,0.25569892,96.02,0.26,0.0,BTC-17JAN20-6000-C,8046.91,0.0,0.247,5.0,0.2685,5.0,199.44,0.18742,-1.53139,0.95705,2e-05,0.99347
8141.58,SYN.BTC-28FEB20,1578740344631,open,0.39,0.0,0.375,0.409,0.39045498,81.05,None,0.0,BTC-28FEB20-5000-C,8046.91,49.21,0.386,8.0,0.4045,8.0,114.04,2.29552,-1.94298,6.13215,3e-05,0.96468
8483.64,SYN.BTC-25SEP20,1578740344631,open,0.28,33.4,0.2285,0.3325,0.27597547,76.99,0.292,0.0,BTC-25SEP20-8000-C,8046.91,67.62,0.247,6.0,0.3235,6.0,92.59,26.10871,-3.89731,23.05702,7e-05,0.66066
8072.23,SYN.BTC-24JAN20,1578740344631,open,0.17,0.1,0.148,0.188,0.16720945,64.46,0.13,0.0,BTC-24JAN20-6750-C,8046.91,0.0,0.1635,6.1,0.1855,6.0,113.33,1.85334,-4.6394,2.19481,0.00013,0.93798
8483.64,SYN.BTC-25SEP20,1578740344631,open,0.05,134.2,0.0325,0.0905,0.05618149,76.99,0.0515,0.0,BTC-25SEP20-5000-P,8046.91,74.87,0.0525,17.7,0.0605,15.7,79.44,14.84462,-2.21595,-10.98106,4e-05,-0.12703
8483.64,SYN.BTC-25SEP20,1578740344631,open,0.03,57.6,0.014,0.0525,0.02842925,79.12,0.0305,0.0,BTC-25SEP20-4000-P,8046.91,76.97,0.026,10.0,0.0305,16.0,80.89,9.75482,-1.49639,-6.0028,2e-05,-0.07172
8086.1,SYN.BTC-31JAN20,1578740344632,open,0.1,551.4,0.071,0.1205,0.09470493,56.23,0.0725,0.0,BTC-31JAN20-7500-C,8046.91,49.9,0.09,17.0,0.102,15.0,65.62,6.13731,-8.68098,2.83525,0.00031,0.73861
8483.64,SYN.BTC-25SEP20,1578740344631,open,0.23,51.7,0.1825,0.291,0.23206613,76.99,0.252,0.0,BTC-25SEP20-9000-C,8046.91,68.43,0.204,6.0,0.25,11.0,82.5,27.69095,-4.13351,21.56328,7e-05,0.59183
8483.64,SYN.BTC-25SEP20,1578740344631,open,0.04,29.5,0.0155,0.086,0.03959054,94.47,0.042,0.0,BTC-25SEP20-28000-C,8046.91,93.58,0.038,9.0,0.042,13.0,95.77,15.41855,-2.82409,5.67007,3e-05,0.13419
8483.64,SYN.BTC-25SEP20,1578740344631,open,0.15,93.3,0.1115,0.208,0.15386013,76.99,0.149,0.0,BTC-25SEP20-7000-P,8046.91,73.79,0.145,13.3,0.153,0.3,76.68,23.46466,-3.50274,-25.25095,6e-05,-0.26743
8141.58,SYN.BTC-28FEB20,1578740344631,open,0.08,135.3,0.0545,0.117,0.08231946,63.5,0.078,0.0,BTC-28FEB20-8000-P,8046.91,62.22,0.0805,23.0,0.085,29.4,65.39,11.5501,-7.65991,-5.40866,0.00021,-0.42416
8058.35,SYN.BTC-17JAN20,1578740344631,open,0.0,335.8,0.0005,0.015,0.00340637,63.58,0.003,0.0,BTC-17JAN20-7250-P,8046.91,61.53,0.003,30.0,0.0035,8.0,64.04,1.63839,-8.86508,-0.1191,0.00025,-0.08841
8483.64,SYN.BTC-25SEP20,1578740344631,open,0.98,1.0,0.9105,1.071,0.98223912,84.78,0.99,0.0,BTC-25SEP20-16000-P,8046.91,57.6,0.915,0.1,1.35,0.1,198.73,24.66816,-4.05513,-101.02836,6e-05,-0.70332
8086.1,SYN.BTC-31JAN20,1578740344632,open,0.0,675.1,0.0005,0.0125,0.00293516,73.71,0.0025,0.0,BTC-31JAN20-11000-C,8046.91,71.63,0.0025,61.0,0.0035,30.0,76.17,1.76527,-3.27342,0.18202,7e-05,0.04427
8058.35,SYN.BTC-17JAN20,1578740344631,open,0.0,188.6,0.0005,0.0105,0.00053614,92.02,0.0005,0.0,BTC-17JAN20-6250-P,8046.91,0.0,0.0,0.0,0.001,47.8,100.99,0.33559,-2.62786,-0.01718,3e-05,-0.01271
8483.64,SYN.BTC-25SEP20,1578740344631,open,0.05,0.0,0.0215,0.1,0.04997917,91.49,None,0.0,BTC-25SEP20-24000-C,8046.91,90.05,0.047,9.0,0.0535,10.0,93.14,17.80889,-3.15898,6.98738,4e-05,0.16656
8072.23,SYN.BTC-24JAN20,1578740344631,open,0.15,0.0,0.1265,0.1825,0.15264099,60.24,None,0.0,BTC-24JAN20-9250-P,8046.91,0.0,0.0,0.0,0.0,0.0,0.0,3.13254,-7.3282,-2.92437,0.00023,-0.87434
8058.35,SYN.BTC-17JAN20,1578740344631,open,0.2,6.4,0.177,0.212,0.19392584,79.6,0.185,0.0,BTC-17JAN20-6500-C,8046.91,0.0,0.1905,18.1,0.2045,5.0,150.34,0.38015,-2.57487,1.02661,5e-05,0.98532
8058.35,SYN.BTC-17JAN20,1578740344631,open,0.21,0.0,0.1865,0.241,0.21153371,82.97,None,0.0,BTC-17JAN20-9750-P,8046.91,0.0,0.001,1.0,0.0,0.0,0.0,0.87043,-6.14542,-1.5205,0.0001,-0.96059
8072.23,SYN.BTC-24JAN20,1578740344631,open,0.0,57.9,0.0005,0.017,0.00497718,59.47,0.0045,0.0,BTC-24JAN20-7000-P,8046.91,57.89,0.0045,45.1,0.005,0.6,59.54,2.49159,-5.75397,-0.27461,0.00018,-0.09146
8141.58,SYN.BTC-28FEB20,1578740344631,open,0.08,374.5,0.0475,0.1055,0.07352273,63.74,0.0745,0.0,BTC-28FEB20-8500-C,8046.91,63.38,0.073,1.0,0.0755,14.4,65.11,11.73354,-7.81065,4.25125,0.00021,0.47162
8072.23,SYN.BTC-24JAN20,1578740344631,open,0.24,0.0,0.2155,0.272,0.24167942,68.57,None,0.0,BTC-24JAN20-10000-P,8046.91,0.0,0.0,0.0,0.0,0.0,0.0,1.68578,-4.48882,-3.37922,0.00011,-0.94503
8072.23,SYN.BTC-24JAN20,1578740344631,open,0.14,0.1,0.1175,0.16,0.13780486,59.46,0.13,0.0,BTC-24JAN20-7000-C,8046.91,32.12,0.133,6.0,0.159,6.0,106.85,2.49131,-5.75291,2.19475,0.00018,0.90855
8058.35,SYN.BTC-17JAN20,1578740344631,open,0.0,247.1,0.0005,0.011,0.001349,78.27,0.001,0.0,BTC-17JAN20-6750-P,8046.91,74.23,0.001,12.1,0.0015,15.6,79.82,0.75919,-5.0564,-0.04501,9e-05,-0.03335
8072.23,SYN.BTC-24JAN20,1578740344631,open,0.12,0.0,0.099,0.1555,0.12462942,58.2,None,0.0,BTC-24JAN20-9000-P,8046.91,0.0,0.0,0.0,0.0,0.0,0.0,3.88628,-8.78372,-2.7085,0.00029,-0.82654
8141.58,SYN.BTC-28FEB20,1578740344631,open,0.33,0.0,0.314,0.353,0.33184041,75.02,None,0.0,BTC-28FEB20-5500-C,8046.91,36.34,0.3245,7.0,0.3485,7.0,104.72,3.37923,-2.64766,6.52534,5e-05,0.94288
8086.1,SYN.BTC-31JAN20,1578740344633,open,0.3,0.0,0.2745,0.3355,0.30259877,69.14,None,0.0,BTC-31JAN20-10500-P,8046.91,0.0,0.0,0.0,0.0,0.0,0.0,2.30502,-4.00899,-5.46277,9e-05,-0.93804
8072.23,SYN.BTC-24JAN20,1578740344631,open,0.2,0.1,0.179,0.217,0.19708048,69.21,0.16,0.0,BTC-24JAN20-6500-C,8046.91,0.0,0.186,6.0,0.2135,6.0,121.58,1.35114,-3.63159,2.16763,8e-05,0.95831
8072.23,SYN.BTC-24JAN20,1578740344631,open,0.0,10.8,0.0005,0.0135,0.00341133,64.47,0.0035,0.0,BTC-24JAN20-6750-P,8046.91,60.18,0.0025,45.0,0.004,47.0,66.93,1.85368,-4.64063,-0.18635,0.00013,-0.06203
8141.58,SYN.BTC-28FEB20,1578740344631,open,0.22,11.5,0.1985,0.2495,0.22233429,67.14,0.2235,0.0,BTC-28FEB20-6500-C,8046.91,33.63,0.203,7.0,0.2465,7.0,92.89,6.79534,-4.76502,6.73053,0.00012,0.85259
8141.58,SYN.BTC-28FEB20,1578740344631,open,0.0,131.7,0.0005,0.0145,0.00459089,81.06,0.004,0.0,BTC-28FEB20-5000-P,8046.91,80.74,0.0045,1.0,0.0055,49.0,84.13,2.29683,-1.94449,-0.42648,3e-05,-0.03535
8141.58,SYN.BTC-28FEB20,1578740344631,open,0.01,119.9,0.0025,0.0285,0.01241559,70.62,0.01,0.0,BTC-28FEB20-6000-P,8046.91,69.08,0.0115,39.0,0.0135,50.0,72.38,4.91378,-3.62392,-1.12784,8e-05,-0.0932
8483.64,SYN.BTC-25SEP20,1578740344631,open,0.1,37.8,0.055,0.1555,0.09624167,84.78,0.0955,0.0,BTC-25SEP20-16000-C,8046.91,83.83,0.0935,8.0,0.1,14.4,86.06,24.66726,-4.05476,12.01244,6e-05,0.29666
8141.58,SYN.BTC-28FEB20,1578740344631,open,0.28,0.3,0.2545,0.2995,0.2754525,70.61,0.1885,0.0,BTC-28FEB20-6000-C,8046.91,44.04,0.2645,7.1,0.2955,7.0,97.83,4.91286,-3.62275,6.74245,8e-05,0.90683
8086.1,SYN.BTC-31JAN20,1578740344632,open,0.0,586.9,0.0005,0.015,0.00407069,69.13,0.0035,0.0,BTC-31JAN20-10500-C,8046.91,67.04,0.0035,61.6,0.005,30.0,72.21,2.30412,-4.00683,0.25477,9e-05,0.06193
8086.1,SYN.BTC-31JAN20,1578740344633,open,0.08,68.8,0.057,0.113,0.08293225,56.07,0.075,0.0,BTC-31JAN20-8500-P,8046.91,50.46,0.078,17.1,0.087,24.2,60.64,7.16091,-10.10103,-3.11291,0.00036,-0.62403
8058.35,SYN.BTC-17JAN20,1578740344631,open,0.0,106.3,0.0005,0.0105,0.00010808,110.0,0.0005,0.0,BTC-17JAN20-5500-P,8046.91,0.0,0.0,0.0,0.0005,3.6,130.86,0.07945,-0.74369,-0.00339,1e-05,-0.0025
8072.23,SYN.BTC-24JAN20,1578740344631,open,0.11,0.1,0.0895,0.1355,0.11014672,56.76,0.1,0.0,BTC-24JAN20-7250-C,8046.91,30.52,0.1025,6.0,0.1215,6.0,79.71,3.44516,-7.59399,2.12285,0.00026,0.85565
8483.64,SYN.BTC-25SEP20,1578740344631,open,0.46,7.7,0.4045,0.543,0.46710533,78.55,0.454,0.0,BTC-25SEP20-11000-P,8046.91,63.76,0.418,3.0,0.49,2.5,85.38,28.39104,-4.32413,-59.47815,7e-05,-0.52523
8072.23,SYN.BTC-24JAN20,1578740344631,open,0.01,68.5,0.004,0.0365,0.01395452,56.01,0.0135,0.0,BTC-24JAN20-8750-C,8046.91,55.23,0.0135,5.0,0.015,24.0,57.8,4.68835,-10.19815,0.6371,0.00036,0.23769
8058.35,SYN.BTC-17JAN20,1578740344631,open,0.32,7.0,0.304,0.332,0.31758633,109.98,0.3285,0.0,BTC-17JAN20-5500-C,8046.91,0.0,0.31,6.0,0.329,6.0,234.65,0.07934,-0.74256,0.882,1e-05,0.9975
8483.64,SYN.BTC-25SEP20,1578740344631,open,0.0,0.01,0.068,0.02846179,94.47,None,0.0,BTC-25SEP20-32000-C,8046.91,0.0,0.0,0.0,0.0,0.0,0.0,12.62023,-2.31155,4.35735,3e-05,0.10116
8483.64,SYN.BTC-25SEP20,1578740344631,open,0.17,57.3,0.1215,0.232,0.17047378,78.55,0.1895,0.0,BTC-25SEP20-11000-C,8046.91,78.55,0.1705,15.7,0.1795,8.7,81.24,28.39095,-4.32383,18.23771,7e-05,0.47475
8483.64,SYN.BTC-25SEP20,1578740344631,open,0.33,4.8,0.2845,0.3805,0.32873287,76.99,0.336,0.0,BTC-25SEP20-7000-C,8046.91,66.78,0.3005,6.0,0.3705,6.0,92.14,23.46467,-3.50259,24.2052,6e-05,0.73257
8072.23,SYN.BTC-24JAN20,1578740344631,open,0.0,79.3,0.0005,0.011,0.00132886,71.89,0.0015,0.0,BTC-24JAN20-6250-P,8046.91,68.62,0.001,30.4,0.0015,20.0,73.4,0.88201,-2.46235,-0.07458,5e-05,-0.02486
8086.1,SYN.BTC-31JAN20,1578740344634,open,0.26,51.3,0.2435,0.2785,0.26013759,71.78,0.2615,0.0,BTC-31JAN20-6000-C,8046.91,0.0,0.25,6.0,0.2755,6.0,119.81,1.3219,-2.38688,3.12093,5e-05,0.96892
8058.35,SYN.BTC-17JAN20,1578740344631,open,0.11,100.9,0.083,0.126,0.10371861,63.58,0.1,0.0,BTC-17JAN20-7250-C,8046.91,0.0,0.1,0.1,0.1105,5.0,89.43,1.63833,-8.86459,1.04799,0.00025,0.9116
8483.64,SYN.BTC-25SEP20,1578740344631,open,1.87,0.0,1.798,1.9805,1.87897534,91.49,None,0.0,BTC-25SEP20-24000-P,8046.91,0.0,0.0,0.0,0.0,0.0,0.0,17.81206,-3.15988,-162.57318,4e-05,-0.8334
8086.1,SYN.BTC-31JAN20,1578740344635,open,0.36,0.0,0.3345,0.3965,0.3632979,73.73,None,0.0,BTC-31JAN20-11000-P,8046.91,0.0,0.0025,1.0,0.0,0.0,0.0,1.76634,-3.27604,-5.80778,7e-05,-0.95569
8058.35,SYN.BTC-17JAN20,1578740344631,open,0.0,180.7,0.0005,0.0105,0.0002657,108.3,0.001,0.0,BTC-17JAN20-5750-P,8046.91,0.0,0.0,0.0,0.0005,2.6,117.16,0.16834,-1.55145,-0.00785,1e-05,-0.00579
8483.64,SYN.BTC-25SEP20,1578740344631,open,0.1,77.9,0.0655,0.144,0.09911949,76.99,0.092,0.0,BTC-25SEP20-6000-P,8046.91,73.91,0.092,16.0,0.0985,0.3,76.72,19.67389,-2.9369,-17.64206,5e-05,-0.19522
8483.64,SYN.BTC-25SEP20,1578740344631,open,0.2,65.4,0.1505,0.262,0.20079278,78.55,0.203,0.0,BTC-25SEP20-10000-C,8046.91,77.71,0.198,14.5,0.207,13.5,80.41,28.3547,-4.31831,19.86924,7e-05,0.53229
8072.23,SYN.BTC-24JAN20,1578740344632,open,0.02,112.1,0.009,0.047,0.02064146,54.53,0.021,0.0,BTC-24JAN20-8500-C,8046.91,54.32,0.0205,5.0,0.0215,0.5,55.8,5.45878,-11.56017,0.86753,0.00044,0.3253
