underlying_price,underlying_index,timestamp,state,settlement_price,open_interest,min_price,max_price,mark_price,mark_iv,last_price,interest_rate,instrument_name,index_price,bid_iv,best_bid_price,best_bid_amount,best_ask_price,best_ask_amount,ask_iv,vega,theta,rho,gamma,delta
136.92,SYN.ETH-24JAN20,1578653940015,open,0.27,0.0,0.248,0.294,0.271104,83.79,None,0.0,ETH-24JAN20-100-C,136.55,0.0,0.0,0.0,0.0,0.0,0.0,0.01426,-0.04306,0.03677,0.00239,0.97753
136.73,SYN.ETH-17JAN20,1578653940015,open,0.25,0.0,0.208,0.286,0.244871,85.16,None,0.0,ETH-17JAN20-170-P,136.55,0.0,0.0,0.0,0.0,0.0,0.0,0.0147,-0.09102,-0.03115,0.0049,-0.96443
136.73,SYN.ETH-17JAN20,1578653940017,open,0.0,640.0,0.001,0.011,0.000561,88.37,0.001,0.0,ETH-17JAN20-180-C,136.55,0.0,0.0,0.0,0.001,104.0,95.81,0.00657,-0.04223,0.00034,0.00211,0.0137
7800.41,SYN.BTC-31JAN20,1578653940019,open,0.07,551.3,0.0505,0.1005,0.07391734,56.08,0.075,0.0,BTC-31JAN20-7500-C,7762.62,52.24,0.0705,21.6,0.075,24.1,57.29,6.97555,-9.37001,2.52783,0.00036,0.64053
136.73,SYN.ETH-17JAN20,1578653940017,open,0.32,0.0,0.279,0.359,0.316983,88.37,None,0.0,ETH-17JAN20-180-P,136.55,0.0,0.0,0.0,0.0,0.0,0.0,0.00657,-0.04223,-0.03357,0.00211,-0.9863
7787.76,SYN.BTC-24JAN20,1578653940023,open,0.06,16.6,0.043,0.093,0.06086803,52.01,0.0585,0.0,BTC-24JAN20-7500-C,7762.62,47.96,0.058,24.6,0.062,5.8,53.6,5.54161,-10.38573,1.78407,0.00046,0.66348
7775.05,SYN.BTC-17JAN20,1578653940025,open,0.05,202.1,0.0265,0.077,0.04435053,49.5,0.0435,0.0,BTC-17JAN20-8000-P,7762.62,47.84,0.0435,20.0,0.045,0.1,50.79,3.95184,-14.22587,-1.01723,0.0007,-0.65019
7787.76,SYN.BTC-24JAN20,1578653940027,open,0.06,16.6,0.043,0.093,0.06086803,52.01,0.0585,0.0,BTC-24JAN20-7500-C,7762.62,47.96,0.058,24.6,0.0625,18.0,54.3,5.54161,-10.38573,1.78407,0.00046,0.66348
7775.05,SYN.BTC-17JAN20,1578653940037,open,0.05,216.1,0.0305,0.0775,0.04731621,48.13,0.046,0.0,BTC-17JAN20-7500-C,7762.62,45.25,0.046,7.0,0.0485,1.5,50.65,3.60173,-12.60557,0.98297,0.00066,0.71846
137.11,SYN.ETH-31JAN20,1578653940162,open,0.21,0.0,0.177,0.234,0.205912,74.27,None,0.0,ETH-31JAN20-110-C,136.55,0.0,0.197,1.0,0.219,54.0,101.22,0.05408,-0.09621,0.05506,0.00677,0.90809
137.11,SYN.ETH-31JAN20,1578653940164,open,0.25,1.0,0.209,0.295,0.250534,73.91,0.244,0.0,ETH-31JAN20-170-P,136.55,0.0,0.237,245.0,0.266,245.0,99.21,0.06924,-0.12257,-0.0879,0.00871,-0.87035
137.86,SYN.ETH-28FEB20,1578653940179,open,0.23,5.0,0.197,0.264,0.231057,75.88,0.229,0.0,ETH-28FEB20-110-C,136.55,53.73,0.213,60.0,0.252,59.0,96.93,0.12794,-0.09931,0.11046,0.00663,0.82942
137.86,SYN.ETH-28FEB20,1578653940179,open,0.29,21.0,0.263,0.323,0.29272,81.46,0.267,0.0,ETH-28FEB20-100-C,136.55,45.1,0.276,59.0,0.306,58.0,98.9,0.09491,-0.07909,0.11024,0.00458,0.88992
137.86,SYN.ETH-28FEB20,1578653940179,open,0.36,20.0,0.332,0.383,0.357433,86.16,0.328,0.0,ETH-28FEB20-90-C,136.55,0.0,0.347,3.0,0.367,39.0,103.71,0.06434,-0.05671,0.10653,0.00293,0.9345
137.86,SYN.ETH-28FEB20,1578653940179,open,0.22,0.0,0.168,0.265,0.215291,75.21,None,0.0,ETH-28FEB20-160-P,136.55,18.8,0.161,1.0,0.0,0.0,0.0,0.18551,-0.14273,-0.16098,0.00969,-0.65674
137.86,SYN.ETH-28FEB20,1578653940182,open,0.41,0.0,0.352,0.459,0.4031,81.36,None,0.0,ETH-28FEB20-190-P,136.55,0.0,0.001,5.0,0.0,0.0,0.0,0.13076,-0.10883,-0.22643,0.00632,-0.82347
137.86,SYN.ETH-28FEB20,1578653940182,open,0.34,0.0,0.287,0.392,0.337546,79.23,None,0.0,ETH-28FEB20-180-P,136.55,0.0,0.001,5.0,0.0,0.0,0.0,0.14906,-0.12082,-0.20645,0.00739,-0.78081
137.86,SYN.ETH-28FEB20,1578653940182,open,0.28,0.0,0.225,0.327,0.274757,77.3,None,0.0,ETH-28FEB20-170-P,136.55,0.0,0.001,5.0,0.0,0.0,0.0,0.16816,-0.13299,-0.18466,0.00855,-0.72554
143.01,SYN.ETH-25SEP20,1578653940433,open,0.71,0.0,0.618,0.805,0.709338,93.1,None,0.0,ETH-25SEP20-220-P,136.55,0.0,0.0,0.0,0.733,1.0,100.2,0.47456,-0.08533,-1.29001,0.00351,-0.56251
143.01,SYN.ETH-25SEP20,1578653940488,open,0.03,812.0,0.014,0.055,0.031396,91.96,0.028,0.0,ETH-25SEP20-60-P,136.55,89.7,0.029,650.0,0.034,170.0,94.34,0.15395,-0.02734,-0.09846,0.00115,-0.06568
143.01,SYN.ETH-25SEP20,1578653940488,open,0.22,180.0,0.152,0.278,0.215503,89.08,0.239,0.0,ETH-25SEP20-180-C,136.55,89.22,0.216,5.0,0.229,120.0,93.11,0.47935,-0.08247,0.31622,0.00371,0.52727
143.01,SYN.ETH-25SEP20,1578653940488,open,0.07,317.0,0.038,0.105,0.068703,89.64,0.06,0.0,ETH-25SEP20-80-P,136.55,87.5,0.065,650.0,0.073,170.0,92.09,0.2489,-0.04309,-0.19719,0.00191,-0.12571
143.01,SYN.ETH-25SEP20,1578653940488,open,0.3,23.0,0.238,0.359,0.29995,89.07,0.297,0.0,ETH-25SEP20-140-C,136.55,87.8,0.296,470.0,0.308,160.0,91.68,0.44292,-0.0762,0.36182,0.00343,0.65668
143.01,SYN.ETH-25SEP20,1578653940488,open,0.25,178.0,0.19,0.315,0.253661,89.08,0.267,0.0,ETH-25SEP20-160-C,136.55,88.26,0.251,558.0,0.263,120.0,91.93,0.46842,-0.08059,0.3403,0.00363,0.58917
143.01,SYN.ETH-25SEP20,1578653940490,open,0.36,0.0,0.299,0.41,0.356273,89.07,0.359,0.0,ETH-25SEP20-120-C,136.55,81.12,0.334,160.0,0.374,160.0,95.45,0.39917,-0.06867,0.37775,0.00309,0.72871
143.01,SYN.ETH-25SEP20,1578653940490,open,0.59,0.0,0.504,0.68,0.590666,91.53,None,0.0,ETH-25SEP20-200-P,136.55,0.0,0.0,0.0,0.62,1.0,100.26,0.47988,-0.08483,-1.12636,0.00361,-0.51983
143.01,SYN.ETH-25SEP20,1578653940490,open,0.19,53.0,0.129,0.256,0.19204,91.5,0.21,0.0,ETH-25SEP20-200-C,136.55,90.0,0.187,760.0,0.2,110.0,93.87,0.47987,-0.0848,0.29213,0.00362,0.48006
137.86,SYN.ETH-28FEB20,1578653940635,open,0.43,0.0,0.404,0.449,0.426058,94.24,None,0.0,ETH-28FEB20-80-C,136.55,0.0,0.419,1.0,0.433,42.0,112.22,0.04349,-0.04192,0.09856,0.00181,0.95999
137.86,SYN.ETH-28FEB20,1578653940635,open,0.47,0.0,0.418,0.528,0.470594,83.61,None,0.0,ETH-28FEB20-200-P,136.55,0.0,0.001,5.0,0.0,0.0,0.0,0.11437,-0.09783,-0.24492,0.00538,-0.85614
140.9,ETH-26JUN20,1578653940726,open,0.38,1.0,0.339,0.43,0.385171,92.6,0.38,0.0,ETH-26JUN20-100-C,136.55,70.92,0.346,48.0,0.408,48.0,104.7,0.26337,-0.07264,0.27216,0.00311,0.8051
140.9,ETH-26JUN20,1578653940759,open,0.38,1.0,0.339,0.43,0.385171,92.6,0.38,0.0,ETH-26JUN20-100-C,136.55,70.34,0.345,48.0,0.408,48.0,104.7,0.26337,-0.07264,0.27216,0.00311,0.8051
140.9,ETH-26JUN20,1578653940762,open,0.38,1.0,0.339,0.43,0.385171,92.6,0.38,0.0,ETH-26JUN20-100-C,136.55,70.34,0.345,48.0,0.409,48.0,105.23,0.26337,-0.07264,0.27216,0.00311,0.8051
7787.76,SYN.BTC-24JAN20,1578653941033,open,0.06,16.6,0.043,0.093,0.06087012,52.01,0.0585,0.0,BTC-24JAN20-7500-C,7762.67,47.96,0.058,24.6,0.062,18.0,53.6,5.54161,-10.38573,1.78407,0.00046,0.66348
143.01,SYN.ETH-25SEP20,1578653941081,open,0.05,0.0,0.02,0.105,0.054503,106.98,None,0.0,ETH-25SEP20-520-C,136.55,104.77,0.05,650.0,0.059,650.0,109.11,0.29657,-0.06128,0.11001,0.00191,0.16297
143.01,SYN.ETH-25SEP20,1578653941081,open,2.69,0.0,2.555,2.845,2.690929,107.11,None,0.0,ETH-25SEP20-520-P,136.55,0.0,0.0,0.0,0.0,0.0,0.0,0.29721,-0.06148,-3.57779,0.00191,-0.83649
138.61,ETH-27MAR20,1578653941100,open,0.37,0.0,0.343,0.404,0.37355,87.32,None,0.0,ETH-27MAR20-90-C,136.55,50.68,0.353,42.0,0.391,42.0,106.79,0.11214,-0.06369,0.15351,0.00317,0.89938
8065.23,BTC-26JUN20,1578653941216,open,0.04,343.6,0.0205,0.0685,0.03923173,76.95,0.0385,0.0,BTC-26JUN20-5000-P,7762.63,75.29,0.037,39.4,0.0415,14.7,78.62,10.91471,-2.50166,-5.89112,5e-05,-0.11958
8065.23,BTC-26JUN20,1578653941216,open,0.01,223.0,0.0035,0.0405,0.0133621,104.68,0.013,0.0,BTC-26JUN20-32000-C,7762.63,102.85,0.012,27.3,0.0145,31.0,106.13,6.20119,-1.93345,1.59421,2e-05,0.05634
8065.23,BTC-26JUN20,1578653941216,open,0.03,1007.2,0.0125,0.0715,0.03270098,93.37,0.032,0.0,BTC-26JUN20-20000-C,7762.63,92.18,0.031,1.0,0.034,15.0,94.25,11.6847,-3.2493,3.67806,4e-05,0.13185
7901.96,BTC-27MAR20,1578653941216,open,0.79,60.2,0.7435,0.841,0.78717258,84.08,0.79,0.0,BTC-27MAR20-14000-P,7762.63,0.0,0.69,1.0,0.81,1.0,106.72,6.30056,-3.4453,-28.10236,6e-05,-0.90137
7901.96,BTC-27MAR20,1578653941216,open,2.04,0.0,1.9785,2.1105,2.04002995,104.31,None,0.0,BTC-27MAR20-24000-P,7762.63,0.0,0.0005,5.0,0.0,0.0,0.0,1.65878,-1.12541,-50.28384,1e-05,-0.98129
7901.96,BTC-27MAR20,1578653941217,open,2.3,0.0,2.2265,2.3675,2.29260568,107.54,None,0.0,BTC-27MAR20-26000-P,7762.63,0.0,0.0,0.0,0.0,0.0,0.0,1.38452,-0.9684,-54.54675,1e-05,-0.98486
7901.96,BTC-27MAR20,1578653941218,open,0.14,364.6,0.0985,0.1775,0.1341482,69.7,0.1405,0.0,BTC-27MAR20-8000-P,7762.63,68.79,0.1325,8.0,0.1365,14.4,70.99,14.3613,-6.51001,-9.75019,0.00016,-0.4517
7901.92,BTC-27MAR20,1578653941218,open,0.03,1754.0,0.0105,0.056,0.02707188,78.79,0.0315,0.0,BTC-27MAR20-12000-C,7762.63,77.39,0.0255,57.8,0.028,19.3,79.6,8.9969,-4.6103,2.29311,9e-05,0.16485
8185.88,SYN.BTC-25SEP20,1578653941215,open,0.17,57.3,0.117,0.2295,0.16666376,80.45,0.1895,0.0,BTC-25SEP20-11000-C,7762.63,80.7,0.1675,13.8,0.176,8.8,83.24,27.37264,-4.25333,17.1017,7e-05,0.46123
7787.81,SYN.BTC-24JAN20,1578653941216,open,0.01,43.1,0.0005,0.016,0.00445734,61.59,0.006,0.0,BTC-24JAN20-9250-C,7762.63,60.04,0.004,16.2,0.005,42.5,63.33,2.36111,-5.24037,0.23821,0.00017,0.08492
7775.13,SYN.BTC-17JAN20,1578653941216,open,0.01,1332.5,0.0005,0.0305,0.00846332,52.24,0.0085,0.0,BTC-17JAN20-8250-C,7762.63,49.8,0.0075,44.5,0.0085,1.5,52.33,3.11372,-11.82908,0.30175,0.00052,0.21449
7787.81,SYN.BTC-24JAN20,1578653941216,open,0.08,0.0,0.064,0.1135,0.08333318,52.76,None,0.0,BTC-24JAN20-7250-C,7762.63,24.84,0.0705,7.0,0.099,7.0,77.41,4.58259,-8.712,2.04031,0.00038,0.77249
8185.88,SYN.BTC-25SEP20,1578653941215,open,0.27,33.4,0.2175,0.3245,0.26627394,78.09,0.292,0.0,BTC-25SEP20-8000-C,7762.63,76.89,0.2625,9.1,0.2765,9.1,81.34,25.7422,-3.88233,21.81229,7e-05,0.64197
7787.81,SYN.BTC-24JAN20,1578653941216,open,0.01,41.2,0.0005,0.0275,0.00841706,54.7,0.0085,0.0,BTC-24JAN20-7000-P,7762.63,53.76,0.008,21.0,0.0085,30.0,54.89,3.4785,-6.85637,-0.45746,0.00028,-0.1461
8185.88,SYN.BTC-25SEP20,1578653941216,open,2.47,0.0,2.371,2.5715,2.46021779,96.19,None,0.0,BTC-25SEP20-28000-P,7762.63,0.0,0.0,0.0,0.0,0.0,0.0,14.80209,-2.74993,-193.18222,3e-05,-0.86717
8185.88,SYN.BTC-25SEP20,1578653941216,open,0.25,15.2,0.1915,0.3075,0.24357175,78.09,0.2445,0.0,BTC-25SEP20-8000-P,7762.63,75.37,0.235,6.5,0.2465,11.5,79.02,25.74215,-3.8824,-34.92774,7e-05,-0.35803
7775.13,SYN.BTC-17JAN20,1578653941217,open,0.02,276.5,0.0055,0.043,0.01541905,49.51,0.0145,0.0,BTC-17JAN20-8000-C,7762.63,47.7,0.0145,23.7,0.016,1.5,50.65,3.95222,-14.22938,0.48989,0.0007,0.34989
7800.49,SYN.BTC-31JAN20,1578653941219,open,0.17,51.2,0.153,0.196,0.17357389,61.33,0.17,0.0,BTC-31JAN20-6500-C,7762.63,0.0,0.152,7.0,0.1855,7.0,85.19,3.12755,-4.59442,3.26782,0.00015,0.90604
7775.13,SYN.BTC-17JAN20,1578653941217,open,0.03,264.9,0.0145,0.0585,0.02761272,47.51,0.028,0.0,BTC-17JAN20-7750-C,7762.63,45.47,0.0265,39.3,0.028,7.2,48.22,4.24288,-14.65739,0.73988,0.00078,0.53278
7775.13,SYN.BTC-17JAN20,1578653941215,open,0.03,155.1,0.012,0.0565,0.0243874,47.52,0.0245,0.0,BTC-17JAN20-7750-P,7762.63,46.81,0.024,18.5,0.025,0.3,48.64,4.24288,-14.66108,-0.72004,0.00078,-0.46723
7775.13,SYN.BTC-17JAN20,1578653941234,open,0.16,6.3,0.1475,0.184,0.16491782,68.26,0.1735,0.0,BTC-17JAN20-6500-C,7762.63,0.0,0.164,0.1,0.1715,7.4,108.17,0.62502,-3.10243,1.18639,8e-05,0.97494
138.61,ETH-27MAR20,1578653941346,open,0.5,0.0,0.483,0.527,0.504436,99.58,None,0.0,ETH-27MAR20-70-C,136.55,67.18,0.496,46.0,0.513,46.0,117.08,0.05748,-0.03723,0.13229,0.00143,0.95759
140.9,ETH-26JUN20,1578653941715,open,0.02,1447.0,0.008,0.039,0.020384,99.01,0.022,0.0,ETH-26JUN20-60-P,136.55,91.29,0.015,652.0,0.026,88.0,106.18,0.10478,-0.0309,-0.04821,0.00116,-0.05401
138.61,ETH-27MAR20,1578653941717,open,0.62,30.0,0.559,0.692,0.62258,91.19,0.554,0.0,ETH-27MAR20-220-P,136.55,0.0,0.581,16.0,0.668,16.0,123.0,0.17009,-0.10088,-0.41954,0.00461,-0.8145
143.01,SYN.ETH-25SEP20,1578653941761,open,0.07,45.0,0.028,0.121,0.067551,103.87,0.057,0.0,ETH-25SEP20-440-C,136.55,101.9,0.063,630.0,0.072,708.0,105.74,0.33551,-0.06731,0.13268,0.00223,0.19837
143.01,SYN.ETH-25SEP20,1578653941761,open,0.09,14.0,0.041,0.146,0.087972,100.29,0.078,0.0,ETH-25SEP20-360-C,136.55,98.42,0.083,597.0,0.093,100.0,102.15,0.3837,-0.07433,0.16556,0.00264,0.25121
143.01,SYN.ETH-25SEP20,1578653941761,open,0.06,67.0,0.024,0.112,0.060215,105.41,0.055,0.0,ETH-25SEP20-480-C,136.55,103.46,0.056,642.0,0.064,100.0,107.1,0.31462,-0.06405,0.12021,0.00206,0.17873
143.01,SYN.ETH-25SEP20,1578653941761,open,0.1,61.0,0.053,0.164,0.103319,98.43,0.12,0.0,ETH-25SEP20-320-C,136.55,96.22,0.097,750.0,0.109,702.0,100.4,0.41141,-0.07822,0.18807,0.00288,0.28874
143.01,SYN.ETH-25SEP20,1578653941761,open,2.14,0.0,2.02,2.283,2.144308,103.87,None,0.0,ETH-25SEP20-440-P,136.55,0.0,0.0,0.0,0.0,0.0,0.0,0.33551,-0.06731,-2.98801,0.00223,-0.80163
143.01,SYN.ETH-25SEP20,1578653941763,open,2.42,0.0,2.286,2.563,2.416677,105.41,None,0.0,ETH-25SEP20-480-P,136.55,0.0,0.0,0.0,0.0,0.0,0.0,0.31462,-0.06405,-3.28419,0.00206,-0.82127
140.9,ETH-26JUN20,1578653942104,open,0.24,819.0,0.183,0.293,0.239443,88.92,0.261,0.0,ETH-26JUN20-140-C,136.55,86.81,0.234,180.0,0.245,625.0,91.08,0.36309,-0.09616,0.24826,0.00447,0.62254
138.61,ETH-27MAR20,1578653942136,open,0.62,30.0,0.559,0.692,0.62258,91.19,0.554,0.0,ETH-27MAR20-220-P,136.55,0.0,0.58,16.0,0.668,16.0,123.0,0.17009,-0.10088,-0.41954,0.00461,-0.8145
143.01,SYN.ETH-25SEP20,1578653942143,open,0.05,54.0,0.018,0.098,0.049776,108.47,0.059,0.0,ETH-25SEP20-560-C,136.55,106.5,0.046,617.0,0.054,650.0,110.58,0.28046,-0.05875,0.10137,0.00178,0.14972
140.9,ETH-26JUN20,1578653942154,open,0.02,1447.0,0.008,0.039,0.020384,99.01,0.022,0.0,ETH-26JUN20-60-P,136.55,91.29,0.015,652.0,0.027,88.0,107.39,0.10478,-0.0309,-0.04821,0.00116,-0.05401
138.61,ETH-27MAR20,1578653942157,open,0.44,20.0,0.412,0.463,0.437157,91.98,0.613,0.0,ETH-27MAR20-80-C,136.55,44.24,0.423,45.0,0.45,44.0,111.08,0.08078,-0.04833,0.1453,0.00217,0.93487
140.9,ETH-26JUN20,1578653942161,open,3.0,0.0,2.865,3.143,2.995564,113.52,None,0.0,ETH-26JUN20-560-P,136.55,0.0,0.01,50.0,0.0,0.0,0.0,0.14161,-0.04788,-2.53768,0.00137,-0.92034
138.61,ETH-27MAR20,1578653942172,open,1.32,10.0,1.246,1.407,1.321292,106.1,1.59,0.0,ETH-27MAR20-320-P,136.55,0.0,0.011,5.0,0.0,0.0,0.0,0.08554,-0.05903,-0.6572,0.00199,-0.92986
140.9,ETH-26JUN20,1578653942236,open,0.09,643.0,0.056,0.139,0.094896,92.62,0.093,0.0,ETH-26JUN20-100-P,136.55,85.66,0.082,850.0,0.113,61.0,102.22,0.26338,-0.07265,-0.18781,0.00311,-0.19491
140.9,ETH-26JUN20,1578653942235,open,0.55,245.0,0.473,0.634,0.551779,92.86,0.71,0.0,ETH-26JUN20-200-P,136.55,0.0,0.419,1.0,0.571,1.0,100.12,0.37028,-0.10241,-0.74338,0.00437,-0.59533
140.9,ETH-26JUN20,1578653942240,open,0.02,195.0,0.006,0.056,0.023547,111.48,0.026,0.0,ETH-26JUN20-520-C,136.55,110.03,0.022,650.0,0.025,5.0,112.79,0.15342,-0.05094,0.04218,0.00151,0.08864
140.9,ETH-26JUN20,1578653942243,open,0.23,1361.0,0.172,0.296,0.233056,88.92,0.216,0.0,ETH-26JUN20-140-P,136.55,87.35,0.229,180.0,0.238,645.0,90.84,0.36309,-0.09616,-0.39564,0.00447,-0.37746
140.9,ETH-26JUN20,1578653942245,open,3.28,0.0,3.14,3.433,3.277429,115.41,None,0.0,ETH-26JUN20-600-P,136.55,0.0,0.01,50.0,0.0,0.0,0.0,0.13133,-0.04514,-2.72521,0.00125,-0.92784
8065.16,BTC-26JUN20,1578653942579,open,0.16,222.4,0.124,0.222,0.1682577,78.34,0.17,0.0,BTC-26JUN20-9000-C,7762.63,76.39,0.163,17.6,0.169,11.8,78.61,21.78258,-5.08236,13.18148,9e-05,0.52361
7800.45,SYN.BTC-31JAN20,1578653942581,open,0.04,809.9,0.022,0.0665,0.04177896,55.52,0.041,0.0,BTC-31JAN20-8000-C,7762.63,53.64,0.04,18.0,0.0425,28.2,56.28,7.38536,-9.82001,1.82438,0.00038,0.45071
7800.45,SYN.BTC-31JAN20,1578653942581,open,0.0,270.8,0.0005,0.0115,0.00190507,80.58,0.002,0.0,BTC-31JAN20-11500-C,7762.63,77.7,0.0015,20.0,0.0025,67.0,84.17,1.18292,-2.28302,0.11446,4e-05,0.02756
7901.93,BTC-27MAR20,1578653942596,open,0.0,161.2,0.0005,0.013,0.00280883,104.31,0.004,0.0,BTC-27MAR20-24000-C,7762.63,102.78,0.0025,16.6,0.0035,39.0,107.36,1.65878,-1.12541,0.26456,1e-05,0.01871
8065.16,BTC-26JUN20,1578653942596,open,0.08,378.4,0.049,0.119,0.07867324,76.95,0.0715,0.0,BTC-26JUN20-6000-P,7762.63,75.03,0.075,8.0,0.0785,18.4,76.86,15.4914,-3.55036,-10.48218,7e-05,-0.20391
7800.45,SYN.BTC-31JAN20,1578653942596,open,0.01,809.3,0.0005,0.0175,0.00519265,68.41,0.006,0.0,BTC-31JAN20-10000-C,7762.63,66.29,0.0045,30.0,0.006,85.7,70.7,2.65197,-4.34513,0.31331,0.00011,0.07542
7800.45,SYN.BTC-31JAN20,1578653942602,open,0.01,869.3,0.0005,0.0195,0.00685944,61.34,0.008,0.0,BTC-31JAN20-6500-P,7762.63,60.44,0.0065,15.0,0.0075,31.8,62.91,3.12856,-4.59675,-0.44998,0.00015,-0.094
7800.45,SYN.BTC-31JAN20,1578653942602,open,0.01,339.7,0.0005,0.023,0.00810552,64.5,0.0085,0.0,BTC-31JAN20-9500-C,7762.63,62.04,0.007,30.0,0.009,86.3,66.38,3.61934,-5.59125,0.47657,0.00016,0.11493
7800.45,SYN.BTC-31JAN20,1578653942602,open,0.0,1071.9,0.0005,0.0135,0.00361093,69.75,0.0045,0.0,BTC-31JAN20-6000-P,7762.63,69.28,0.0035,15.0,0.004,51.8,71.31,1.8868,-3.15194,-0.23379,8e-05,-0.04879
8065.16,BTC-26JUN20,1578653942608,open,0.26,135.6,0.224,0.3135,0.26516477,76.95,0.274,0.0,BTC-26JUN20-7000-C,7762.63,68.57,0.2455,19.0,0.2655,0.1,77.09,18.9379,-4.34041,16.23225,8e-05,0.70276
7901.93,BTC-27MAR20,1578653942608,open,0.03,674.8,0.015,0.0565,0.03096993,70.74,0.032,0.0,BTC-27MAR20-6000-P,7762.63,69.86,0.03,29.0,0.032,19.7,71.67,8.68325,-3.99519,-3.11405,9e-05,-0.15614
7901.93,BTC-27MAR20,1578653942610,open,0.01,308.3,0.0025,0.0285,0.01223757,76.1,0.011,0.0,BTC-27MAR20-5000-P,7762.63,74.87,0.0115,15.0,0.013,27.2,77.33,4.80232,-2.37681,-1.34795,5e-05,-0.06876
8065.16,BTC-26JUN20,1578653942610,open,0.09,461.2,0.0545,0.144,0.0921506,81.86,0.093,0.0,BTC-26JUN20-12000-C,7762.63,80.77,0.0895,32.8,0.0945,1.0,82.81,19.82303,-4.83279,8.84561,8e-05,0.33061
8065.16,BTC-26JUN20,1578653942612,open,0.05,176.6,0.023,0.0945,0.04987932,87.45,0.053,0.0,BTC-26JUN20-16000-C,7762.63,86.17,0.0475,37.0,0.052,6.0,88.58,15.09531,-3.9319,5.39497,6e-05,0.19532
7901.93,BTC-27MAR20,1578653942612,open,0.0,1348.4,0.0005,0.0145,0.0049139,86.53,0.005,0.0,BTC-27MAR20-4000-P,7762.63,85.08,0.0045,2.8,0.0055,43.2,88.46,2.32118,-1.30628,-0.54566,2e-05,-0.02787
7800.45,SYN.BTC-31JAN20,1578653942612,open,0.03,1122.0,0.009,0.045,0.02349281,57.82,0.024,0.0,BTC-31JAN20-8500-C,7762.63,55.99,0.022,24.0,0.0245,52.5,59.05,6.39074,-8.85048,1.19118,0.00032,0.29049
8065.16,BTC-26JUN20,1578653942614,open,0.07,655.3,0.0345,0.1145,0.06621727,84.68,0.0695,0.0,BTC-26JUN20-14000-C,7762.63,83.65,0.064,36.8,0.068,5.0,85.5,17.39649,-4.38755,6.83259,7e-05,0.25041
7800.45,SYN.BTC-31JAN20,1578653942614,open,0.02,1355.7,0.005,0.034,0.0156687,57.02,0.015,0.0,BTC-31JAN20-7000-P,7762.63,55.99,0.015,10.0,0.0165,24.0,58.27,5.13176,-7.00786,-0.93666,0.00026,-0.19428
8065.16,BTC-26JUN20,1578653942616,open,0.04,292.6,0.0165,0.081,0.03944109,90.33,0.0425,0.0,BTC-26JUN20-18000-C,7762.63,88.81,0.037,36.8,0.0415,29.0,91.57,13.17911,-3.54564,4.38436,5e-05,0.15764
8065.16,BTC-26JUN20,1578653942620,open,0.02,513.4,0.0075,0.0365,0.0175144,80.35,0.0165,0.0,BTC-26JUN20-4000-P,7762.63,78.43,0.016,8.0,0.019,32.1,82.17,6.46981,-1.5484,-2.85539,3e-05,-0.05946
7800.45,SYN.BTC-31JAN20,1578653942622,open,0.04,504.6,0.0175,0.06,0.03540015,56.07,0.036,0.0,BTC-31JAN20-7500-P,7762.63,53.95,0.0335,22.0,0.036,24.0,56.74,6.9754,-9.36831,-1.76153,0.00036,-0.35944
7787.77,SYN.BTC-24JAN20,1578653942796,open,0.0,78.2,0.0005,0.0115,0.00193229,65.21,0.002,0.0,BTC-24JAN20-6250-P,7762.63,62.23,0.0015,20.2,0.0025,32.5,68.6,1.21259,-2.84944,-0.11359,8e-05,-0.03644
7787.77,SYN.BTC-24JAN20,1578653942804,open,0.06,37.9,0.0375,0.0915,0.05580484,51.69,0.056,0.0,BTC-24JAN20-8000-P,7762.63,50.63,0.055,26.2,0.0575,18.0,53.92,5.9175,-11.02262,-1.89907,0.0005,-0.58565
143.01,SYN.ETH-25SEP20,1578653942848,open,0.48,0.0,0.393,0.557,0.474198,89.08,0.58,0.0,ETH-25SEP20-180-P,136.56,19.92,0.266,1.0,0.544,1.0,110.09,0.47935,-0.08247,-0.96043,0.00371,-0.47271
143.01,SYN.ETH-25SEP20,1578653942848,open,0.12,188.0,0.08,0.173,0.124181,89.08,0.116,0.0,ETH-25SEP20-100-P,136.56,86.0,0.117,650.0,0.13,170.0,91.57,0.33424,-0.05751,-0.32589,0.00259,-0.19712
143.01,SYN.ETH-25SEP20,1578653942848,open,0.17,8.0,0.109,0.235,0.170868,93.07,0.155,0.0,ETH-25SEP20-220-C,136.56,91.0,0.164,760.0,0.177,110.0,94.92,0.47454,-0.0853,0.27032,0.00352,0.43738
143.01,SYN.ETH-25SEP20,1578653942848,open,0.28,216.0,0.212,0.348,0.278943,89.08,0.275,0.0,ETH-25SEP20-140-P,136.56,85.88,0.269,677.0,0.284,517.0,90.72,0.44292,-0.07621,-0.63114,0.00343,-0.34331
143.01,SYN.ETH-25SEP20,1578653942848,open,0.37,0.0,0.297,0.449,0.372505,89.08,None,0.0,ETH-25SEP20-160-P,136.56,19.75,0.145,1.0,0.409,1.0,100.31,0.46842,-0.08059,-0.7945,0.00363,-0.41081
137.11,SYN.ETH-31JAN20,1578653942848,open,0.35,0.0,0.324,0.367,0.345521,92.3,None,0.0,ETH-31JAN20-90-C,136.56,0.0,0.343,1.0,0.352,37.0,124.14,0.01709,-0.03778,0.04961,0.00172,0.97818
143.01,SYN.ETH-25SEP20,1578653942848,open,0.2,529.0,0.138,0.255,0.195415,89.08,0.203,0.0,ETH-25SEP20-120-P,136.56,85.71,0.186,650.0,0.199,810.0,90.37,0.39917,-0.06868,-0.47337,0.00309,-0.27129
143.01,SYN.ETH-25SEP20,1578653942868,open,1.08,0.0,0.98,1.19,1.081605,96.35,None,0.0,ETH-25SEP20-280-P,136.56,0.0,0.0,0.0,1.093,1.0,100.02,0.43948,-0.08178,-1.77013,0.00314,-0.66361
143.01,SYN.ETH-25SEP20,1578653942873,open,0.37,0.0,0.297,0.449,0.372505,89.08,None,0.0,ETH-25SEP20-160-P,136.56,19.75,0.145,1.0,0.408,1.0,100.0,0.46842,-0.08059,-0.7945,0.00363,-0.41081
7775.09,SYN.BTC-17JAN20,1578653943032,open,0.0,307.2,0.0005,0.012,0.00202636,64.99,0.002,0.0,BTC-17JAN20-9000-C,7762.63,61.27,0.0015,49.5,0.0025,98.9,67.91,1.19215,-5.63428,0.07802,0.00016,0.0553
8185.81,SYN.BTC-25SEP20,1578653943387,open,0.04,11.0,0.0155,0.0865,0.03967572,96.18,0.04,0.0,BTC-25SEP20-28000-C,7762.63,94.67,0.037,10.0,0.042,21.0,97.45,14.79888,-2.74908,5.40595,3e-05,0.13279
8185.81,SYN.BTC-25SEP20,1578653943387,open,0.05,0.0,0.0215,0.1015,0.05041477,93.49,None,0.0,BTC-25SEP20-24000-C,7762.63,91.83,0.047,10.0,0.0535,10.0,94.94,17.13877,-3.09465,6.67506,4e-05,0.16539
8185.81,SYN.BTC-25SEP20,1578653943387,open,1.99,0.0,1.899,2.0865,1.98229366,93.48,None,0.0,BTC-25SEP20-24000-P,7762.63,0.0,0.0,0.0,0.0,0.0,0.0,17.13495,-3.09356,-163.54641,4e-05,-0.83467
7787.77,SYN.BTC-24JAN20,1578653943638,open,0.0,147.5,0.0005,0.0115,0.00193437,69.39,0.002,0.0,BTC-24JAN20-10000-C,7762.63,66.46,0.0015,32.0,0.0025,31.7,72.67,1.24172,-3.10489,0.10532,8e-05,0.03751
7787.77,SYN.BTC-24JAN20,1578653943638,open,0.29,0.0,0.2595,0.3165,0.28599221,69.35,None,0.0,BTC-24JAN20-10000-P,7762.63,0.0,0.0,0.0,0.0,0.0,0.0,1.2393,-3.09709,-3.69648,8e-05,-0.96258
143.02,SYN.ETH-25SEP20,1578653943692,open,0.61,0.0,0.585,0.639,0.611831,91.93,None,0.0,ETH-25SEP20-60-C,136.56,75.29,0.596,57.0,0.627,57.0,105.1,0.15389,-0.02732,0.32716,0.00115,0.93436
143.02,SYN.ETH-25SEP20,1578653943837,open,0.61,0.0,0.585,0.639,0.611831,91.93,None,0.0,ETH-25SEP20-60-C,136.56,74.04,0.595,57.0,0.627,57.0,105.1,0.15389,-0.02732,0.32716,0.00115,0.93436
7775.09,SYN.BTC-17JAN20,1578653943846,open,0.23,0.1,0.213,0.2455,0.22868691,82.68,0.26,0.0,BTC-17JAN20-6000-C,7762.63,0.0,0.2155,7.0,0.2335,7.0,130.57,0.27518,-1.65461,1.11559,3e-05,0.99037
7775.09,SYN.BTC-17JAN20,1578653943846,open,0.0,106.3,0.0005,0.0105,0.0002314,100.81,0.0005,0.0,BTC-17JAN20-5500-P,7762.63,0.0,0.0,0.0,0.0005,20.2,110.78,0.1562,-1.14511,-0.00776,1e-05,-0.00507
7775.09,SYN.BTC-17JAN20,1578653943846,open,0.0,174.0,0.0005,0.0105,0.00037839,82.57,0.0005,0.0,BTC-17JAN20-6000-P,7762.63,0.0,0.0,0.0,0.001,66.0,94.95,0.27328,-1.64094,-0.01455,3e-05,-0.00955
7775.09,SYN.BTC-17JAN20,1578653943846,open,0.0,180.7,0.0005,0.0105,0.00046447,97.08,0.001,0.0,BTC-17JAN20-5750-P,7762.63,0.0,0.0,0.0,0.001,41.1,108.31,0.28128,-1.98575,-0.01514,3e-05,-0.00987
7775.09,SYN.BTC-17JAN20,1578653943846,open,0.29,7.0,0.2785,0.3085,0.29284754,100.99,0.2995,0.0,BTC-17JAN20-5500-C,7762.63,0.0,0.2815,7.0,0.297,7.0,159.01,0.15791,-1.15971,1.0282,1e-05,0.99487
7775.09,SYN.BTC-17JAN20,1578653943846,open,0.26,7.0,0.2455,0.278,0.2609268,97.18,0.268,0.0,BTC-17JAN20-5750-C,7762.63,0.0,0.2485,7.0,0.265,7.0,143.12,0.28281,-1.99864,1.06792,3e-05,0.99006
7775.09,SYN.BTC-17JAN20,1578653943848,open,0.07,100.8,0.054,0.1,0.07313669,50.88,0.0705,0.0,BTC-17JAN20-7250-C,7762.63,34.79,0.069,0.1,0.082,8.6,74.45,2.48863,-9.20773,1.13775,0.00043,0.84995
7775.09,SYN.BTC-17JAN20,1578653943850,open,0.07,131.8,0.048,0.101,0.06953968,52.23,0.072,0.0,BTC-17JAN20-8250-P,7762.63,0.0,0.054,9.2,0.0785,8.0,72.55,3.11316,-11.82482,-1.25244,0.00052,-0.78558
7775.09,SYN.BTC-17JAN20,1578653943850,open,0.02,466.2,0.002,0.039,0.01193768,48.11,0.0115,0.0,BTC-17JAN20-7500-P,7762.63,47.16,0.0115,17.6,0.0125,0.5,49.32,3.60123,-12.59972,-0.42971,0.00066,-0.28146
7775.09,SYN.BTC-17JAN20,1578653943850,open,0.01,232.8,0.0005,0.021,0.00472745,55.44,0.0045,0.0,BTC-17JAN20-8500-C,7762.63,52.82,0.004,65.0,0.005,0.9,56.37,2.23932,-9.02749,0.18128,0.00035,0.1285
7775.09,SYN.BTC-17JAN20,1578653943852,open,0.1,12.7,0.0745,0.127,0.09795705,55.42,0.092,0.0,BTC-17JAN20-8500-P,7762.63,0.0,0.057,3.6,0.141,5.2,151.32,2.23826,-9.0201,-1.42003,0.00035,-0.87159
7775.09,SYN.BTC-17JAN20,1578653943852,open,0.13,2.0,0.1045,0.1555,0.12823357,59.41,0.121,0.0,BTC-17JAN20-8750-P,7762.63,0.0,0.059,2.2,0.1695,2.2,161.67,1.57996,-6.82568,-1.53591,0.00023,-0.92043
7775.09,SYN.BTC-17JAN20,1578653943852,open,0.0,487.9,0.0005,0.0105,0.00092234,68.32,0.0015,0.0,BTC-17JAN20-6500-P,7762.63,62.07,0.0005,52.0,0.0015,70.3,74.46,0.62728,-3.11666,-0.03822,8e-05,-0.02517
7775.09,SYN.BTC-17JAN20,1578653943852,open,0.19,7.1,0.18,0.2145,0.19669761,74.7,0.205,0.0,BTC-17JAN20-6250-C,7762.63,0.0,0.1825,8.2,0.2035,7.6,124.76,0.39467,-2.14386,1.15517,5e-05,0.98541
7775.09,SYN.BTC-17JAN20,1578653943852,open,0.0,260.5,0.0005,0.014,0.00285017,59.44,0.0035,0.0,BTC-17JAN20-8750-C,7762.63,57.66,0.0025,35.3,0.003,8.6,60.16,1.58151,-6.83561,0.11251,0.00023,0.07967
7775.09,SYN.BTC-17JAN20,1578653943852,open,0.13,97.8,0.1145,0.1535,0.13343911,62.04,0.143,0.0,BTC-17JAN20-6750-C,7762.63,0.0,0.1315,0.1,0.1415,7.4,98.7,0.99875,-4.50622,1.20432,0.00014,0.9557
7775.09,SYN.BTC-17JAN20,1578653943854,open,0.0,188.5,0.0005,0.0105,0.0005429,74.62,0.0005,0.0,BTC-17JAN20-6250-P,7762.63,0.0,0.0,0.0,0.001,48.6,81.96,0.39276,-2.13118,-0.02205,5e-05,-0.01451
7775.09,SYN.BTC-17JAN20,1578653943854,open,0.1,142.2,0.083,0.1255,0.10275678,56.92,0.1005,0.0,BTC-17JAN20-7000-C,7762.63,0.0,0.0995,0.2,0.1135,7.4,92.58,1.63538,-6.76923,1.19215,0.00025,0.91671
7775.09,SYN.BTC-17JAN20,1578653943856,open,0.0,362.9,0.0005,0.0155,0.00306351,56.9,0.003,0.0,BTC-17JAN20-7000-P,7762.63,56.59,0.003,0.1,0.0035,30.5,58.91,1.63426,-6.76203,-0.12636,0.00025,-0.08321
7775.09,SYN.BTC-17JAN20,1578653943856,open,0.01,312.8,0.0005,0.0255,0.00559722,50.86,0.005,0.0,BTC-17JAN20-7250-P,7762.63,48.96,0.005,66.7,0.0065,24.5,53.61,2.48791,-9.20242,-0.22787,0.00043,-0.14998
8185.8,SYN.BTC-25SEP20,1578653943893,open,0.83,1.0,0.7585,0.9185,0.83025681,85.5,0.7215,0.0,BTC-25SEP20-14000-P,7762.63,34.43,0.715,0.1,1.05,0.1,151.96,25.53542,-4.21696,-85.93853,6e-05,-0.64997
8185.8,SYN.BTC-25SEP20,1578653943893,open,0.15,35.8,0.102,0.2155,0.15142402,83.27,0.1585,0.0,BTC-25SEP20-12000-C,7762.63,82.23,0.148,0.6,0.154,9.0,84.05,26.98556,-4.3402,15.75433,7e-05,0.42278
8185.8,SYN.BTC-25SEP20,1578653943893,open,0.12,69.5,0.074,0.183,0.11999412,85.51,0.125,0.0,BTC-25SEP20-14000-C,7762.63,84.55,0.117,0.7,0.1225,9.3,86.31,25.53611,-4.21735,13.35678,6e-05,0.35005
8185.8,SYN.BTC-25SEP20,1578653943893,open,0.62,0.5,0.549,0.7,0.61736347,83.27,0.6,0.0,BTC-25SEP20-12000-P,7762.63,0.0,0.0,0.0,0.77,1.0,128.98,26.98531,-4.33993,-69.35572,7e-05,-0.57724
8185.8,SYN.BTC-25SEP20,1578653943893,open,1.05,1.0,0.9765,1.1415,1.05002013,86.77,0.99,0.0,BTC-25SEP20-16000-P,7762.63,0.0,0.915,0.1,1.35,0.1,178.86,23.61853,-3.95808,-102.15106,6e-05,-0.70946
8185.8,SYN.BTC-25SEP20,1578653943893,open,1.28,0.8,1.202,1.3725,1.27802998,88.59,1.135,0.0,BTC-25SEP20-18000-P,7762.63,0.0,1.11,0.1,1.37,0.1,119.3,21.77855,-3.72633,-117.90192,5e-05,-0.75274
8185.8,SYN.BTC-25SEP20,1578653943893,open,0.08,7.5,0.0415,0.137,0.07912081,88.6,0.08,0.0,BTC-25SEP20-18000-C,7762.63,87.22,0.0755,14.7,0.0825,9.7,89.86,21.78051,-3.72701,9.76396,5e-05,0.2473
8185.8,SYN.BTC-25SEP20,1578653943893,open,0.07,136.0,0.0325,0.122,0.06666091,90.2,0.066,0.0,BTC-25SEP20-20000-C,7762.63,89.1,0.064,9.9,0.069,0.5,91.15,20.03058,-3.48946,8.49271,5e-05,0.21294
8185.8,SYN.BTC-25SEP20,1578653943893,open,1.52,0.7,1.432,1.6075,1.50989332,90.19,1.45,0.0,BTC-25SEP20-20000-P,7762.63,0.0,1.35,0.1,1.55,0.1,105.21,20.02786,-3.4886,-133.35846,5e-05,-0.78711
8185.8,SYN.BTC-25SEP20,1578653943893,open,0.1,30.7,0.054,0.156,0.0954342,86.77,0.097,0.0,BTC-25SEP20-16000-C,7762.63,85.4,0.0915,14.5,0.0995,9.5,88.17,23.61983,-3.9586,11.32955,6e-05,0.29058
7851.19,SYN.BTC-28FEB20,1578653943909,open,0.08,119.1,0.056,0.1155,0.08313289,62.77,0.0785,0.0,BTC-28FEB20-8000-C,7762.63,60.97,0.0805,26.4,0.0835,22.7,63.02,11.45532,-7.35633,4.52144,0.00022,0.51321
7800.45,SYN.BTC-31JAN20,1578653943911,open,0.07,551.3,0.0505,0.1005,0.07391899,56.08,0.075,0.0,BTC-31JAN20-7500-C,7762.63,52.24,0.0705,21.6,0.075,42.1,57.28,6.97545,-9.3693,2.52794,0.00036,0.64055
7800.45,SYN.BTC-31JAN20,1578653943914,open,0.07,243.6,0.043,0.0965,0.06735772,55.51,0.0725,0.0,BTC-31JAN20-8000-P,7762.63,53.55,0.0655,43.1,0.0695,25.8,57.77,7.38534,-9.81899,-2.75114,0.00038,-0.5493
7901.93,BTC-27MAR20,1578653944049,open,0.07,436.7,0.044,0.107,0.07115408,69.69,0.074,0.0,BTC-27MAR20-7000-P,7762.63,68.65,0.0695,0.7,0.0715,19.6,69.91,12.51246,-5.67184,-6.09382,0.00014,-0.295
7901.94,BTC-27MAR20,1578653944237,open,0.32,132.5,0.278,0.371,0.32026873,74.0,0.304,0.0,BTC-27MAR20-10000-P,7762.35,65.77,0.3075,13.0,0.3645,17.1,100.16,12.61447,-6.07139,-16.97539,0.00013,-0.69971
7901.94,BTC-27MAR20,1578653944238,open,0.06,1456.7,0.0295,0.091,0.05475512,74.0,0.0535,0.0,BTC-27MAR20-10000-C,7762.35,72.58,0.0525,44.3,0.056,21.9,74.78,12.6144,-6.07127,4.08641,0.00013,0.30029
8064.87,BTC-26JUN20,1578653944238,open,0.63,17.9,0.6235,0.651,0.63501613,87.63,0.643,0.0,BTC-26JUN20-3000-C,7762.35,0.0,0.6255,10.0,0.642,10.0,102.17,3.18954,-0.83249,12.61349,1e-05,0.97507
8064.87,BTC-26JUN20,1578653944238,open,0.02,52.6,0.005,0.047,0.01694636,101.29,0.016,0.0,BTC-26JUN20-28000-C,7762.35,99.68,0.0155,5.0,0.0185,47.9,102.93,7.42267,-2.23923,2.00428,2e-05,0.07098
7901.94,BTC-27MAR20,1578653944238,open,1.29,0.0,1.235,1.3435,1.28460449,93.46,1.23,0.0,BTC-27MAR20-18000-P,7762.35,0.0,0.9305,1.0,1.591,1.0,301.6,3.38208,-2.05585,-37.28852,3e-05,-0.9559
8064.87,BTC-26JUN20,1578653944238,open,0.2,167.9,0.155,0.258,0.20100673,76.94,0.199,0.0,BTC-26JUN20-8000-P,7762.35,75.21,0.1965,17.7,0.205,13.7,78.48,21.00235,-4.81295,-21.96408,9e-05,-0.39113
7901.94,BTC-27MAR20,1578653944237,open,0.12,1567.8,0.0885,0.161,0.12173847,69.69,0.124,0.0,BTC-27MAR20-8000-C,7762.35,68.46,0.1195,38.9,0.122,0.3,69.84,14.36129,-6.50992,7.09923,0.00016,0.5483
8064.87,BTC-26JUN20,1578653944238,open,0.59,8.4,0.5215,0.6515,0.58003076,81.84,0.58,0.0,BTC-26JUN20-12000-P,7762.35,0.0,0.45,0.9,0.61,0.3,93.71,19.81978,-4.8309,-46.34862,8e-05,-0.66949
7901.94,BTC-27MAR20,1578653944238,open,0.22,125.7,0.1795,0.268,0.21963022,71.54,0.2165,0.0,BTC-27MAR20-9000-P,7762.35,69.5,0.216,10.2,0.2605,7.6,94.15,14.08281,-6.5527,-13.50439,0.00015,-0.59179
8064.87,BTC-26JUN20,1578653944238,open,0.38,137.1,0.32,0.441,0.37481353,79.01,0.38,0.0,BTC-26JUN20-10000-P,7762.35,76.09,0.367,6.0,0.4125,6.6,92.98,21.62648,-5.08898,-34.41891,9e-05,-0.55309
7901.94,BTC-27MAR20,1578653944238,open,1.04,1.2,0.9885,1.0915,1.03486474,89.44,1.4,0.0,BTC-27MAR20-16000-P,7762.35,0.0,0.68,1.0,1.3405,1.0,288.13,4.603,-2.67776,-32.78285,4e-05,-0.93491
8064.87,BTC-26JUN20,1578653944238,open,0.02,18.5,0.0075,0.056,0.02254583,97.41,0.028,0.0,BTC-26JUN20-24000-C,7762.35,96.02,0.021,15.0,0.024,28.5,98.68,9.1259,-2.64776,2.62645,3e-05,0.09335
8064.87,BTC-26JUN20,1578653944238,open,0.14,476.0,0.0925,0.1885,0.13491252,79.02,0.144,0.0,BTC-26JUN20-10000-C,7762.35,77.75,0.1315,24.3,0.1375,16.3,79.99,21.62689,-5.09015,11.57484,9e-05,0.44696
7901.94,BTC-27MAR20,1578653944238,open,0.01,1553.9,0.0005,0.0295,0.01004295,89.44,0.0115,0.0,BTC-27MAR20-16000-C,7762.35,88.49,0.0095,15.0,0.0105,24.0,90.21,4.60234,-2.67725,0.91593,4e-05,0.06508
7901.94,BTC-27MAR20,1578653944238,open,0.38,1.1,0.3605,0.403,0.37948108,76.1,0.4155,0.0,BTC-27MAR20-5000-C,7762.35,48.33,0.3685,9.1,0.392,9.0,93.64,4.80223,-2.37675,9.183,5e-05,0.93125
8064.87,BTC-26JUN20,1578653944238,open,0.13,352.3,0.094,0.183,0.13309159,76.94,0.1275,0.0,BTC-26JUN20-7000-P,7762.35,74.56,0.1275,1.4,0.133,16.4,76.9,18.9379,-4.33994,-15.96324,8e-05,-0.29727
8064.87,BTC-26JUN20,1578653944238,open,2.5,0.0,2.4095,2.5855,2.48866918,101.15,None,0.0,BTC-26JUN20-28000-P,7762.35,0.0,0.0005,1.0,0.0,0.0,0.0,7.39113,-2.22673,-126.78699,2e-05,-0.92941
7901.94,BTC-27MAR20,1578653944238,open,0.0,150.5,0.0005,0.0105,0.00057002,110.0,0.001,0.0,BTC-27MAR20-34000-C,7762.35,108.7,0.0005,66.2,0.0015,59.0,121.06,0.44568,-0.31886,0.05987,0.0,0.00417
7901.94,BTC-27MAR20,1578653944238,open,0.27,27.1,0.2455,0.3025,0.27166251,70.74,0.297,0.0,BTC-27MAR20-6000-C,7762.35,40.26,0.2455,13.0,0.2885,13.0,85.19,8.68323,-3.99519,9.52306,9e-05,0.84386
8064.87,BTC-26JUN20,1578653944238,open,0.02,112.5,0.004,0.0435,0.01502311,103.1,0.014,0.0,BTC-26JUN20-30000-C,7762.35,101.23,0.0135,5.0,0.0165,46.9,104.81,6.77758,-2.08123,1.78365,2e-05,0.06311
7901.94,BTC-27MAR20,1578653944238,open,0.08,1545.1,0.0505,0.1195,0.08066797,71.54,0.0785,0.0,BTC-27MAR20-9000-C,7762.35,70.6,0.079,20.3,0.0805,0.3,71.45,14.08279,-6.55262,5.45125,0.00015,0.40821
7901.94,BTC-27MAR20,1578653944238,open,0.0,116.2,0.0005,0.012,0.00228267,107.54,0.003,0.0,BTC-27MAR20-26000-C,7762.35,105.85,0.002,0.1,0.0025,24.0,108.74,1.38447,-0.96837,0.21401,1e-05,0.01514
7901.94,BTC-27MAR20,1578653944238,open,0.0,175.4,0.0005,0.011,0.00122272,110.0,0.0015,0.0,BTC-27MAR20-30000-C,7762.35,107.72,0.001,41.0,0.0015,2.0,112.44,0.83128,-0.59473,0.11975,1e-05,0.00842
7901.94,BTC-27MAR20,1578653944238,open,4.07,1.0,3.963,4.167,4.06224975,110.28,4.54,0.0,BTC-27MAR20-40000-P,7762.35,0.0,0.0005,2.0,0.0,0.0,0.0,0.1857,-0.13319,-84.22437,0.0,-0.99842
7901.94,BTC-27MAR20,1578653944238,open,0.02,711.0,0.005,0.0385,0.01546,84.08,0.017,0.0,BTC-27MAR20-14000-C,7762.35,82.85,0.0145,22.0,0.0165,26.0,85.36,6.3005,-3.44527,1.38419,6e-05,0.09863
7901.94,BTC-27MAR20,1578653944238,open,3.06,0.0,2.9705,3.137,3.05047403,110.07,None,0.0,BTC-27MAR20-32000-P,7762.35,0.0,0.001,1.0,0.0,0.0,0.0,0.61022,-0.43684,-67.31308,0.0,-0.99407
7851.19,SYN.BTC-28FEB20,1578653944237,open,0.11,73.3,0.0855,0.146,0.1137435,62.93,0.113,0.0,BTC-28FEB20-7500-C,7762.35,60.24,0.11,13.0,0.116,19.4,64.56,10.91076,-7.02459,5.35588,0.00021,0.62319
8064.87,BTC-26JUN20,1578653944238,open,0.01,164.0,0.0005,0.018,0.00698643,87.6,0.006,0.0,BTC-26JUN20-3000-P,7762.35,85.0,0.006,33.0,0.008,33.6,90.07,3.18624,-0.83131,-1.18288,1e-05,-0.0249
8185.8,SYN.BTC-25SEP20,1578653944237,open,0.17,93.6,0.128,0.23,0.17308342,78.09,0.146,0.0,BTC-25SEP20-7000-P,7762.35,75.09,0.1645,7.9,0.173,8.2,78.06,23.42154,-3.53236,-26.62043,6e-05,-0.28543
7901.94,BTC-27MAR20,1578653944238,open,0.01,454.6,0.0005,0.0225,0.00667998,93.45,0.0105,0.0,BTC-27MAR20-18000-C,7762.35,91.81,0.006,33.3,0.0075,24.0,95.3,3.38119,-2.05516,0.62259,3e-05,0.04409
8064.87,BTC-26JUN20,1578653944239,open,2.0,0.0,1.926,2.088,1.99830825,97.32,None,0.0,BTC-26JUN20-24000-P,7762.35,0.0,0.0005,1.0,0.0,0.0,0.0,9.10269,-2.63847,-107.76551,3e-05,-0.90697
7901.94,BTC-27MAR20,1578653944239,open,0.5,20.4,0.4855,0.5155,0.49870867,86.53,0.503,0.0,BTC-27MAR20-4000-C,7762.35,0.0,0.4935,10.1,0.506,15.0,105.5,2.32106,-1.3062,7.8791,2e-05,0.97213
7851.19,SYN.BTC-28FEB20,1578653944237,open,0.11,139.0,0.0725,0.1385,0.10208707,62.77,0.1095,0.0,BTC-28FEB20-8000-P,7762.35,61.68,0.1005,25.0,0.105,18.5,64.77,11.45533,-7.35616,-6.19103,0.00022,-0.48679
8064.87,BTC-26JUN20,1578653944239,open,0.52,0.5,0.503,0.5455,0.52155465,80.37,0.589,0.0,BTC-26JUN20-4000-C,7762.35,59.04,0.5085,8.0,0.534,8.0,94.18,6.47274,-1.54948,15.53999,3e-05,0.9405
8064.87,BTC-26JUN20,1578653944239,open,2.25,0.0,2.1675,2.336,2.2429754,99.13,None,0.0,BTC-26JUN20-26000-P,7762.35,0.0,0.0005,1.0,0.0,0.0,0.0,8.13083,-2.40055,-117.32455,3e-05,-0.92001
7851.19,SYN.BTC-28FEB20,1578653944237,open,0.07,193.8,0.0435,0.1015,0.06901305,62.94,0.0725,0.0,BTC-28FEB20-7500-P,7762.35,61.49,0.067,20.0,0.0705,19.3,64.0,10.91077,-7.02466,-4.68708,0.00021,-0.37681
8064.87,BTC-26JUN20,1578653944239,open,2.99,0.0,2.894,3.0855,2.98104497,104.5,None,0.0,BTC-26JUN20-32000-P,7762.35,0.0,0.0005,1.0,0.0,0.0,0.0,6.16059,-1.91742,-145.59647,2e-05,-0.94413
7901.66,BTC-27MAR20,1578653944239,open,0.0,297.9,0.0005,0.0105,0.00039518,110.0,0.003,0.0,BTC-27MAR20-36000-C,7762.35,112.3,0.0005,31.6,0.001,4.0,119.86,0.32847,-0.235,0.0428,0.0,0.00297
8064.87,BTC-26JUN20,1578653944239,open,0.03,27.1,0.0095,0.0625,0.02663466,95.27,0.03,0.0,BTC-26JUN20-22000-C,7762.35,93.96,0.025,15.0,0.028,15.0,96.33,10.23837,-2.90507,3.06678,4e-05,0.10931
7901.66,BTC-27MAR20,1578653944239,open,1.79,5.6,1.7305,1.854,1.78771899,100.57,1.545,0.0,BTC-27MAR20-22000-P,7762.35,0.0,0.0,0.0,0.0,0.0,0.0,2.00626,-1.31232,-46.00443,2e-05,-0.97658
7901.66,BTC-27MAR20,1578653944239,open,0.0,156.6,0.0005,0.0105,0.00083046,110.0,0.001,0.0,BTC-27MAR20-32000-C,7762.35,104.85,0.0005,76.1,0.0015,39.0,116.91,0.60739,-0.43456,0.08436,0.0,0.0059
8185.8,SYN.BTC-25SEP20,1578653944237,open,0.54,0.0,0.5205,0.5725,0.54329438,78.75,None,0.0,BTC-25SEP20-4000-C,7762.35,0.0,0.0,0.0,0.0,0.0,0.0,10.15847,-1.54512,21.92465,3e-05,0.92093
8064.87,BTC-26JUN20,1578653944239,open,0.28,112.8,0.2325,0.347,0.28416844,78.33,0.28,0.0,BTC-26JUN20-9000-P,7762.35,72.53,0.2685,13.2,0.3085,12.6,87.36,21.78196,-5.08155,-28.21342,9e-05,-0.47644
8064.87,BTC-26JUN20,1578653944239,open,0.02,96.0,0.006,0.0505,0.01923279,99.24,0.0275,0.0,BTC-26JUN20-26000-C,7762.35,97.48,0.0175,20.0,0.021,31.0,100.95,8.1583,-2.41145,2.26711,3e-05,0.08035
8064.87,BTC-26JUN20,1578653944239,open,1.76,0.0,1.6855,1.8405,1.75441688,95.19,None,0.0,BTC-26JUN20-22000-P,7762.35,0.0,0.11,1.0,2.22,0.1,287.81,10.21917,-2.89727,-98.12551,4e-05,-0.89097
7901.66,BTC-27MAR20,1578653944239,open,0.19,619.4,0.153,0.2225,0.18529455,69.71,0.187,0.0,BTC-27MAR20-7000-C,7762.35,61.56,0.1725,22.0,0.196,22.0,76.43,12.513,-5.67304,8.64833,0.00014,0.70495
7901.66,BTC-27MAR20,1578653944239,open,3.56,0.0,3.467,3.652,3.5562442,105.5,None,0.0,BTC-27MAR20-36000-P,7762.35,0.0,0.0005,1.0,0.0,0.0,0.0,0.22215,-0.15243,-75.79454,0.0,-0.99807
7901.66,BTC-27MAR20,1578653944239,open,0.55,55.3,0.503,0.598,0.54568715,78.74,0.49,0.0,BTC-27MAR20-12000-P,7762.35,0.0,0.4065,0.1,0.75,0.2,202.02,8.98947,-4.60401,-22.98364,9e-05,-0.83535
7901.66,BTC-27MAR20,1578653944239,open,2.55,0.0,2.4745,2.6235,2.54506978,107.71,None,0.0,BTC-27MAR20-28000-P,7762.35,0.0,0.0,0.0,0.0,0.0,0.0,0.99892,-0.69981,-58.82543,1e-05,-0.98961
8064.87,BTC-26JUN20,1578653944239,open,0.42,0.0,0.3925,0.452,0.41928185,76.97,None,0.0,BTC-26JUN20-5000-C,7762.35,56.84,0.3955,8.0,0.439,8.0,90.72,10.9166,-2.50247,17.10359,5e-05,0.88038
8064.87,BTC-26JUN20,1578653944240,open,2.74,0.0,2.6515,2.835,2.73472613,102.94,None,0.0,BTC-26JUN20-30000-P,7762.35,0.0,0.0005,1.0,0.0,0.0,0.0,6.74184,-2.06705,-136.20724,2e-05,-0.93732
7901.66,BTC-27MAR20,1578653944240,open,0.0,265.0,0.0005,0.015,0.00358903,100.94,0.0055,0.0,BTC-27MAR20-22000-C,7762.35,98.53,0.003,56.0,0.0045,39.0,104.21,2.04245,-1.34093,0.33839,2e-05,0.02392
7901.66,BTC-27MAR20,1578653944240,open,3.31,0.0,3.2185,3.3945,3.30331632,107.09,None,0.0,BTC-27MAR20-34000-P,7762.35,0.0,0.0,0.0,0.0,0.0,0.0,0.35459,-0.24698,-71.56352,0.0,-0.99677
8064.87,BTC-26JUN20,1578653944240,open,0.33,25.9,0.2995,0.3765,0.33473502,76.96,0.3185,0.0,BTC-26JUN20-6000-C,7762.35,58.93,0.3015,13.0,0.3595,13.0,89.64,15.49223,-3.55101,17.11198,7e-05,0.79606
7775.09,SYN.BTC-17JAN20,1578653944237,open,0.0,231.9,0.0005,0.0115,0.00159203,62.01,0.002,0.0,BTC-17JAN20-6750-P,7762.35,56.79,0.001,70.0,0.002,30.0,64.99,0.99724,-4.49694,-0.06709,0.00014,-0.04421
7901.66,BTC-27MAR20,1578653944240,open,0.0,76.2,0.0005,0.0115,0.00163166,108.64,0.002,0.0,BTC-27MAR20-28000-C,7762.35,103.05,0.001,90.0,0.0025,60.0,114.19,1.0558,-0.74605,0.15703,1e-05,0.01107
7901.66,BTC-27MAR20,1578653944240,open,1.54,5.2,1.4825,1.5985,1.53587866,97.3,2.035,0.0,BTC-27MAR20-20000-P,7762.35,0.0,0.0,0.0,0.0,0.0,0.0,2.58264,-1.63442,-41.6754,2e-05,-0.9683
8064.87,BTC-26JUN20,1578653944240,open,1.28,1.1,1.2075,1.3515,1.27126166,90.28,1.35,0.0,BTC-26JUN20-18000-P,7762.35,0.0,0.9,0.1,2.1,0.1,499.93,13.16665,-3.54043,-78.40888,5e-05,-0.84258
8064.87,BTC-26JUN20,1578653944240,open,1.04,5.0,0.972,1.111,1.03371953,87.42,1.22,0.0,BTC-26JUN20-16000-P,7762.35,0.0,0.56,1.0,2.0,0.1,500.0,15.08622,-3.92792,-68.19862,6e-05,-0.80486
7901.66,BTC-27MAR20,1578653944240,open,0.0,861.2,0.0005,0.0105,0.00019529,110.0,0.001,0.0,BTC-27MAR20-40000-C,7762.35,118.88,0.0005,20.8,0.001,43.0,126.75,0.18099,-0.12949,0.02234,0.0,0.00154
7787.77,SYN.BTC-24JAN20,1578653944237,open,0.02,121.9,0.0045,0.0395,0.01428042,52.77,0.0165,0.0,BTC-24JAN20-7250-P,7762.35,51.43,0.0135,20.0,0.0145,24.0,53.14,4.58302,-8.71398,-0.71595,0.00038,-0.22755
8064.87,BTC-26JUN20,1578653944241,open,0.81,12.5,0.742,0.877,0.80207684,84.65,0.73,0.0,BTC-26JUN20-14000-P,7762.35,0.0,0.65,1.0,0.82,1.0,92.67,17.39052,-4.38466,-57.56134,7e-05,-0.74973
7851.19,SYN.BTC-28FEB20,1578653944237,open,0.2,11.5,0.173,0.227,0.19852866,65.26,0.2235,0.0,BTC-28FEB20-6500-C,7762.35,40.38,0.1785,13.0,0.2035,13.0,70.3,7.57366,-5.05597,6.51967,0.00014,0.81867
7901.66,BTC-27MAR20,1578653944241,open,2.8,0.0,2.7225,2.8805,2.79776356,108.72,None,0.0,BTC-27MAR20-30000-P,7762.35,0.0,0.0,0.0,0.0,0.0,0.0,0.76561,-0.54137,-63.07611,1e-05,-0.99233
7851.19,SYN.BTC-28FEB20,1578653944237,open,0.31,0.0,0.2895,0.331,0.30851887,72.21,None,0.0,BTC-28FEB20-5500-C,7762.35,31.82,0.2995,8.1,0.3195,8.0,90.82,3.83884,-2.83578,6.53839,6e-05,0.93044
8064.87,BTC-26JUN20,1578653944241,open,1.52,0.1,1.446,1.596,1.51250229,93.31,1.85,0.0,BTC-26JUN20-20000-P,7762.35,0.0,0.0005,5.0,1.88,0.1,243.87,11.6688,-3.24283,-88.31478,4e-05,-0.8684
7787.77,SYN.BTC-24JAN20,1578653944237,open,0.02,70.0,0.0035,0.036,0.01327086,55.33,0.0125,0.0,BTC-24JAN20-8500-C,7762.35,53.12,0.012,20.0,0.014,42.0,56.57,4.54759,-9.06671,0.6252,0.00036,0.22445
7901.66,BTC-27MAR20,1578653944241,open,0.01,647.1,0.0005,0.0185,0.00485143,97.56,0.005,0.0,BTC-27MAR20-20000-C,7762.35,96.48,0.0045,14.8,0.0055,25.0,99.45,2.61254,-1.65781,0.45423,2e-05,0.03215
8185.8,SYN.BTC-25SEP20,1578653944237,open,0.07,133.7,0.0395,0.1025,0.06538961,78.09,0.059,0.0,BTC-25SEP20-5000-P,7762.35,76.0,0.0615,9.5,0.0655,6.2,78.14,15.37536,-2.31887,-11.94887,4e-05,-0.14042
7800.46,SYN.BTC-31JAN20,1578653944238,open,0.36,18.4,0.3465,0.3745,0.35974774,83.75,0.295,0.0,BTC-31JAN20-5000-C,7762.35,0.0,0.348,8.0,0.3645,8.0,117.88,0.50368,-1.01029,2.81112,2e-05,0.98985
8185.8,SYN.BTC-25SEP20,1578653944237,open,0.03,57.6,0.016,0.0575,0.0319451,78.75,0.028,0.0,BTC-25SEP20-4000-P,7762.35,77.58,0.0305,10.0,0.034,0.1,80.39,10.15841,-1.5451,-6.44522,3e-05,-0.07907
7800.46,SYN.BTC-31JAN20,1578653944238,open,0.0,531.3,0.0005,0.0105,0.00073604,83.75,0.001,0.0,BTC-31JAN20-5000-P,7762.35,79.61,0.0005,44.0,0.001,15.0,87.43,0.50378,-1.01053,-0.04858,2e-05,-0.01015
7787.77,SYN.BTC-24JAN20,1578653944237,open,0.04,18.3,0.027,0.075,0.04207196,51.05,0.039,0.0,BTC-24JAN20-7750-C,7762.35,49.02,0.0405,20.0,0.0415,1.5,50.32,6.02827,-11.09026,1.47201,0.00051,0.53928
7787.77,SYN.BTC-24JAN20,1578653944237,open,0.11,0.0,0.0895,0.1365,0.10957161,54.7,None,0.0,BTC-24JAN20-7000-C,7762.35,26.45,0.1015,7.0,0.124,7.0,81.99,3.47846,-6.85594,2.20364,0.00028,0.8539
7851.19,SYN.BTC-28FEB20,1578653944237,open,0.03,82.6,0.0155,0.061,0.03352471,66.96,0.0375,0.0,BTC-28FEB20-9500-C,7762.35,65.65,0.032,27.7,0.0345,19.9,67.78,9.24568,-6.33299,2.33966,0.00017,0.25607
7800.46,SYN.BTC-31JAN20,1578653944238,open,0.0,749.2,0.0005,0.0115,0.00167612,76.71,0.002,0.0,BTC-31JAN20-5500-P,7762.35,75.31,0.0015,20.5,0.002,1.0,79.07,1.01418,-1.86329,-0.10981,4e-05,-0.02294
8185.8,SYN.BTC-25SEP20,1578653944237,open,0.11,76.0,0.0765,0.161,0.11313748,78.09,0.1075,0.0,BTC-25SEP20-6000-P,7762.35,75.36,0.1065,8.8,0.1125,3.0,77.82,19.95192,-3.00909,-18.84843,5e-05,-0.21151
7851.19,SYN.BTC-28FEB20,1578653944237,open,0.02,103.8,0.0055,0.0335,0.01547954,68.07,0.016,0.0,BTC-28FEB20-6000-P,7762.35,68.1,0.0155,15.1,0.016,39.5,68.8,5.55178,-3.86617,-1.36422,0.0001,-0.11428
7787.77,SYN.BTC-24JAN20,1578653944237,open,0.2,0.0,0.166,0.222,0.19221689,61.59,None,0.0,BTC-24JAN20-9250-P,7762.35,0.0,0.0,0.0,0.0,0.0,0.0,2.36112,-5.24056,-3.27823,0.00017,-0.91508
7787.77,SYN.BTC-24JAN20,1578653944237,open,0.17,0.0,0.136,0.192,0.1619706,59.43,None,0.0,BTC-24JAN20-9000-P,7762.35,0.0,0.0,0.0,0.0,0.0,0.0,2.9818,-6.38528,-3.094,0.00022,-0.8831
8185.8,SYN.BTC-25SEP20,1578653944237,open,0.22,51.7,0.1735,0.284,0.22348779,78.09,0.252,0.0,BTC-25SEP20-9000-C,7762.35,78.54,0.225,13.4,0.235,8.4,81.58,27.03767,-4.07776,20.30545,7e-05,0.57323
7775.09,SYN.BTC-17JAN20,1578653944237,open,0.23,0.0,0.198,0.251,0.22290197,74.31,None,0.0,BTC-17JAN20-9500-P,7762.35,0.0,0.153,2.2,0.2635,2.2,201.46,0.68233,-3.68721,-1.75033,8e-05,-0.97216
7775.09,SYN.BTC-17JAN20,1578653944238,open,0.26,0.0,0.2295,0.2835,0.25484363,79.38,None,0.0,BTC-17JAN20-9750-P,7762.35,0.0,0.001,1.0,0.0,0.0,0.0,0.5501,-3.17552,-1.80634,6e-05,-0.97846
7787.77,SYN.BTC-24JAN20,1578653944238,open,0.26,0.0,0.228,0.285,0.25451282,67.05,None,0.0,BTC-24JAN20-9750-P,7762.35,0.0,0.0,0.0,0.0,0.0,0.0,1.54381,-3.73,-3.56867,0.0001,-0.95089
7851.19,SYN.BTC-28FEB20,1578653944237,open,0.01,128.3,0.0005,0.023,0.00904987,72.21,0.009,0.0,BTC-28FEB20-5500-P,7762.35,72.11,0.009,10.0,0.0095,46.5,73.12,3.83895,-2.83591,-0.82647,6e-05,-0.06956
7851.19,SYN.BTC-28FEB20,1578653944237,open,0.25,0.3,0.229,0.277,0.2512639,68.07,0.1885,0.0,BTC-28FEB20-6000-C,7762.35,43.85,0.2385,8.1,0.266,8.0,86.49,5.55169,-3.86606,6.67018,0.0001,0.88572
7800.46,SYN.BTC-31JAN20,1578653944240,open,0.01,700.4,0.0035,0.031,0.01329499,60.64,0.0125,0.0,BTC-31JAN20-9000-C,7762.35,59.36,0.0125,24.0,0.0135,3.0,60.96,4.90163,-7.11876,0.74545,0.00023,0.18038
7787.77,SYN.BTC-24JAN20,1578653944237,open,0.04,28.1,0.023,0.0715,0.03722167,51.05,0.0365,0.0,BTC-24JAN20-7750-P,7762.35,50.12,0.0365,20.0,0.039,37.9,53.35,6.02827,-11.09026,-1.4742,0.00051,-0.46072
7787.77,SYN.BTC-24JAN20,1578653944238,open,0.02,37.3,0.0085,0.0465,0.01906534,52.83,0.0185,0.0,BTC-24JAN20-8250-C,7762.35,51.26,0.018,20.0,0.0185,0.5,52.0,5.32354,-10.13361,0.84837,0.00044,0.30562
7787.77,SYN.BTC-24JAN20,1578653944237,open,0.23,0.0,0.197,0.253,0.22308267,63.86,None,0.0,BTC-24JAN20-9500-P,7762.35,0.0,0.0,0.0,0.0,0.0,0.0,1.86838,-4.29965,-3.43586,0.00013,-0.93746
8185.8,SYN.BTC-25SEP20,1578653944237,open,0.45,0.0,0.4225,0.4935,0.4545762,78.09,None,0.0,BTC-25SEP20-5000-C,7762.35,34.76,0.3935,0.1,0.0,0.0,0.0,15.3754,-2.31888,23.51348,4e-05,0.85958
7775.09,SYN.BTC-17JAN20,1578653944237,open,0.16,0.0,0.1355,0.187,0.15956913,64.99,None,0.0,BTC-17JAN20-9000-P,7762.35,0.0,0.09,2.2,0.2005,2.2,175.37,1.19206,-5.63367,-1.61736,0.00016,-0.94471
7775.09,SYN.BTC-17JAN20,1578653944237,open,0.0,154.9,0.0005,0.011,0.0014232,69.64,0.001,0.0,BTC-17JAN20-9250-C,7762.35,65.54,0.001,31.3,0.002,67.1,74.19,0.88953,-4.50462,0.05416,0.00011,0.0384
7775.09,SYN.BTC-17JAN20,1578653944238,open,0.0,243.1,0.0005,0.0105,0.00072406,84.92,0.0005,0.0,BTC-17JAN20-10000-C,7762.35,80.74,0.0005,5.0,0.001,75.0,89.03,0.46848,-2.89311,0.02505,5e-05,0.01783
7851.19,SYN.BTC-28FEB20,1578653944237,open,0.02,233.2,0.005,0.036,0.0153066,72.76,0.015,0.0,BTC-28FEB20-11000-C,7762.35,71.7,0.0145,15.0,0.016,36.5,73.66,6.02963,-4.4882,1.19023,0.0001,0.12852
7787.77,SYN.BTC-24JAN20,1578653944237,open,0.2,0.0,0.182,0.2185,0.19939243,65.21,None,0.0,BTC-24JAN20-6250-C,7762.35,0.0,0.19,7.1,0.207,7.0,95.05,1.21268,-2.8497,2.26237,8e-05,0.96356
8185.8,SYN.BTC-25SEP20,1578653944237,open,0.38,2.0,0.34,0.4275,0.38016139,78.09,0.361,0.0,BTC-25SEP20-6000-C,7762.35,34.79,0.2855,0.1,0.0,0.0,0.0,19.95193,-3.0091,23.70641,5e-05,0.78849
7851.19,SYN.BTC-28FEB20,1578653944237,open,0.3,0.0,0.264,0.341,0.29913417,68.88,None,0.0,BTC-28FEB20-10000-P,7762.35,0.0,0.0,0.0,0.0,0.0,0.0,8.09622,-5.70481,-11.53233,0.00014,-0.7978
7800.46,SYN.BTC-31JAN20,1578653944238,open,0.29,0.0,0.259,0.32,0.28716896,68.41,None,0.0,BTC-31JAN20-10000-P,7762.35,0.0,0.2125,1.0,0.328,1.0,135.02,2.65201,-4.34522,-5.40605,0.00011,-0.92458
7851.19,SYN.BTC-28FEB20,1578653944237,open,0.03,154.8,0.0105,0.0505,0.02544145,68.88,0.025,0.0,BTC-28FEB20-10000-C,7762.35,67.47,0.024,27.3,0.026,19.3,69.42,8.09611,-5.70465,1.85824,0.00014,0.20219
8185.8,SYN.BTC-25SEP20,1578653944237,open,0.42,3.1,0.3535,0.49,0.4151049,79.69,0.4,0.0,BTC-25SEP20-10000-P,7762.35,0.0,0.0,0.0,0.42,1.0,81.15,27.48325,-4.23021,-52.26518,7e-05,-0.48512
7851.19,SYN.BTC-28FEB20,1578653944237,open,0.37,0.0,0.352,0.3865,0.36783636,75.43,None,0.0,BTC-28FEB20-5000-C,7762.35,50.39,0.3635,8.0,0.3765,8.0,96.58,2.38156,-1.8378,6.24512,4e-05,0.96186
7787.77,SYN.BTC-24JAN20,1578653944237,open,0.01,10.6,0.0005,0.0185,0.00470385,56.57,0.006,0.0,BTC-24JAN20-6750-P,7762.35,55.91,0.0045,20.0,0.005,0.3,57.51,2.42951,-4.9524,-0.27512,0.00019,-0.08823
7787.77,SYN.BTC-24JAN20,1578653944237,open,0.14,0.1,0.1185,0.1615,0.13796055,56.57,0.13,0.0,BTC-24JAN20-6750-C,7762.35,0.0,0.123,9.2,0.1425,8.6,69.04,2.42951,-4.9524,2.29093,0.00019,0.91177
7800.46,SYN.BTC-31JAN20,1578653944238,open,0.0,581.1,0.0005,0.0135,0.00348233,72.25,0.003,0.0,BTC-31JAN20-10500-C,7762.35,70.25,0.003,30.0,0.004,35.0,74.23,1.9601,-3.39208,0.2128,8e-05,0.05118
7775.09,SYN.BTC-17JAN20,1578653944238,open,0.0,206.4,0.0005,0.0105,0.00083866,79.38,0.001,0.0,BTC-17JAN20-9750-C,7762.35,73.77,0.0005,64.0,0.0015,86.1,87.07,0.5501,-3.17554,0.03031,6e-05,0.02154
7787.77,SYN.BTC-24JAN20,1578653944238,open,0.0,90.5,0.0005,0.0125,0.00291717,60.45,0.0035,0.0,BTC-24JAN20-6500-P,7762.35,58.46,0.0025,20.0,0.0035,30.0,62.98,1.7042,-3.71193,-0.17331,0.00012,-0.05562
7851.19,SYN.BTC-28FEB20,1578653944237,open,0.15,63.2,0.1105,0.182,0.1432378,63.55,0.1415,0.0,BTC-28FEB20-8500-P,7762.35,60.56,0.139,12.8,0.174,11.2,84.9,11.17464,-7.26428,-7.69909,0.00021,-0.58909
7787.77,SYN.BTC-24JAN20,1578653944239,open,0.03,4.0,0.016,0.0595,0.02855623,51.7,0.027,0.0,BTC-24JAN20-8000-C,7762.35,49.65,0.027,42.2,0.0285,0.2,51.62,5.91753,-11.02342,1.1422,0.0005,0.41436
7775.09,SYN.BTC-17JAN20,1578653944237,open,0.0,227.6,0.0005,0.011,0.00105098,74.31,0.0005,0.0,BTC-17JAN20-9500-C,7762.35,66.51,0.0005,70.3,0.0015,85.0,78.88,0.68233,-3.68722,0.03923,8e-05,0.02784
7787.77,SYN.BTC-24JAN20,1578653944237,open,0.11,0.0,0.081,0.138,0.10472538,55.33,None,0.0,BTC-24JAN20-8500-P,7762.35,0.0,0.0725,2.8,0.143,1.4,110.9,4.54759,-9.06671,-2.60613,0.00036,-0.77555
7787.77,SYN.BTC-24JAN20,1578653944238,open,0.01,59.0,0.0005,0.0205,0.00631286,59.43,0.007,0.0,BTC-24JAN20-9000-C,7762.35,57.24,0.0055,20.0,0.0065,35.4,59.91,2.9818,-6.38528,0.3274,0.00022,0.1169
8185.8,SYN.BTC-25SEP20,1578653944237,open,0.33,2.9,0.2655,0.3925,0.32295192,78.09,0.325,0.0,BTC-25SEP20-9000-P,7762.35,72.82,0.3055,9.0,0.3385,9.0,82.81,27.03768,-4.07774,-43.52689,7e-05,-0.42677
7800.46,SYN.BTC-31JAN20,1578653944240,open,0.12,54.8,0.086,0.1445,0.11317129,57.82,0.118,0.0,BTC-31JAN20-8500-P,7762.35,29.15,0.0935,8.8,0.1225,15.4,68.86,6.39068,-8.85015,-3.6703,0.00032,-0.70951
7851.19,SYN.BTC-28FEB20,1578653944237,open,0.19,0.0,0.157,0.2315,0.19119775,65.19,None,0.0,BTC-28FEB20-9000-P,7762.35,52.0,0.1745,2.8,0.2405,1.4,100.67,10.34318,-6.89802,-9.10424,0.00019,-0.67478
7787.77,SYN.BTC-24JAN20,1578653944237,open,0.03,24.0,0.0125,0.054,0.02391858,52.01,0.03,0.0,BTC-24JAN20-7500-P,7762.35,50.01,0.0225,20.0,0.0245,39.0,52.83,5.54161,-10.38612,-1.06709,0.00046,-0.33652
8185.8,SYN.BTC-25SEP20,1578653944237,open,0.19,60.9,0.143,0.256,0.19347809,79.69,0.217,0.0,BTC-25SEP20-10000-C,7762.35,80.15,0.195,0.4,0.202,8.6,82.23,27.48325,-4.23023,18.65967,7e-05,0.51488
7851.19,SYN.BTC-28FEB20,1578653944237,open,0.15,37.1,0.124,0.1825,0.15170568,63.19,0.1985,0.0,BTC-28FEB20-7000-C,7762.35,58.85,0.1465,21.0,0.1575,21.0,67.94,9.50478,-6.14419,6.07655,0.00018,0.7297
7800.46,SYN.BTC-31JAN20,1578653944240,open,0.42,0.0,0.3835,0.4465,0.41268069,76.38,None,0.0,BTC-31JAN20-11000-P,7762.35,0.0,0.0025,1.0,0.0,0.0,0.0,1.49878,-2.74197,-6.13873,6e-05,-0.96329
7851.19,SYN.BTC-28FEB20,1578653944237,open,0.25,0.0,0.2085,0.285,0.2435328,66.96,None,0.0,BTC-28FEB20-9500-P,7762.35,40.31,0.2175,1.4,0.317,0.6,121.75,9.24575,-6.33312,-10.38138,0.00017,-0.74393
7787.77,SYN.BTC-24JAN20,1578653944237,open,0.0,36.1,0.0005,0.0125,0.00255028,67.05,0.0035,0.0,BTC-24JAN20-9750-C,7762.35,64.08,0.002,20.0,0.003,30.0,69.22,1.54381,-3.73,0.13785,0.0001,0.04911
8185.8,SYN.BTC-25SEP20,1578653944237,open,0.32,4.8,0.2725,0.3715,0.31794465,78.09,0.336,0.0,BTC-25SEP20-7000-C,7762.35,70.08,0.295,1.0,0.36,0.2,92.88,23.42153,-3.53238,23.02691,6e-05,0.71457
7800.46,SYN.BTC-31JAN20,1578653944238,open,0.0,620.3,0.0005,0.011,0.00139192,83.76,0.0015,0.0,BTC-31JAN20-12000-C,7762.35,80.03,0.001,20.1,0.0015,15.0,84.67,0.91012,-1.82587,0.08382,3e-05,0.02018
7851.19,SYN.BTC-28FEB20,1578653944237,open,0.42,0.0,0.381,0.459,0.4163686,72.76,None,0.0,BTC-28FEB20-11000-P,7762.35,0.0,0.0,0.0,0.0,0.0,0.0,6.02982,-4.48843,-13.53938,0.0001,-0.87147
7851.19,SYN.BTC-28FEB20,1578653944237,open,0.01,131.7,0.0005,0.0145,0.00468272,75.43,0.005,0.0,BTC-28FEB20-5000-P,7762.35,73.09,0.004,77.1,0.0055,41.9,78.01,2.3817,-1.83795,-0.45022,4e-05,-0.03814
7851.19,SYN.BTC-28FEB20,1578653944237,open,0.03,331.8,0.012,0.0495,0.02642893,65.26,0.026,0.0,BTC-28FEB20-6500-P,7762.35,65.33,0.0265,6.2,0.027,19.3,65.85,7.57371,-5.05606,-2.18425,0.00014,-0.18133
7800.46,SYN.BTC-31JAN20,1578653944239,open,0.12,332.4,0.0955,0.1435,0.11828624,57.02,0.1185,0.0,BTC-31JAN20-7000-C,7762.35,32.91,0.1055,7.0,0.118,0.9,56.58,5.13183,-7.00813,3.06688,0.00026,0.80572
7787.77,SYN.BTC-24JAN20,1578653944238,open,0.01,52.1,0.0005,0.027,0.00902573,57.19,0.008,0.0,BTC-24JAN20-8750-C,7762.35,54.99,0.008,20.0,0.0095,24.0,58.17,3.7143,-7.65403,0.45086,0.00028,0.16131
7851.19,SYN.BTC-28FEB20,1578653944237,open,0.05,136.3,0.0235,0.071,0.04329059,63.19,0.045,0.0,BTC-28FEB20-7000-P,7762.35,61.71,0.0415,40.0,0.0445,19.3,64.19,9.5048,-6.14426,-3.29689,0.00018,-0.2703
7800.46,SYN.BTC-31JAN20,1578653944240,open,0.23,51.3,0.2165,0.2545,0.23442538,69.75,0.271,0.0,BTC-31JAN20-6000-C,7762.35,0.0,0.2305,0.1,0.2425,12.8,93.79,1.88685,-3.15204,3.19782,8e-05,0.95121
7787.77,SYN.BTC-24JAN20,1578653944237,open,0.14,0.0,0.1075,0.1645,0.13258186,57.19,None,0.0,BTC-24JAN20-8750-P,7762.35,0.0,0.084,1.4,0.1905,0.6,144.27,3.7143,-7.65403,-2.87551,0.00028,-0.83869
7800.46,SYN.BTC-31JAN20,1578653944239,open,0.48,0.0,0.446,0.511,0.47617814,80.58,None,0.0,BTC-31JAN20-11500-P,7762.35,0.0,0.0,0.0,0.0,0.0,0.0,1.18311,-2.28348,-6.46279,4e-05,-0.97243
7787.77,SYN.BTC-24JAN20,1578653944237,open,0.17,0.1,0.1495,0.1885,0.16827548,60.45,0.16,0.0,BTC-24JAN20-6500-C,7762.35,0.0,0.1525,6.0,0.173,6.0,77.07,1.7042,-3.71193,2.2977,0.00012,0.94438
7787.77,SYN.BTC-24JAN20,1578653944238,open,0.08,7.0,0.0575,0.1135,0.07841826,52.83,0.0755,0.0,BTC-24JAN20-8250-P,7762.35,43.1,0.072,8.2,0.1035,7.6,87.34,5.32354,-10.13361,-2.28792,0.00044,-0.69438
7787.77,SYN.BTC-24JAN20,1578653944238,open,0.0,62.7,0.0005,0.0135,0.00322173,63.86,0.0045,0.0,BTC-24JAN20-9500-C,7762.35,60.65,0.0025,69.0,0.0035,30.0,65.0,1.86839,-4.29967,0.17562,0.00013,0.06254
7800.46,SYN.BTC-31JAN20,1578653944240,open,0.23,4.8,0.198,0.2585,0.22598263,64.5,0.3445,0.0,BTC-31JAN20-9500-P,7762.35,0.0,0.2175,8.0,0.2465,9.0,97.78,3.61929,-5.59114,-4.95684,0.00016,-0.88507
7800.46,SYN.BTC-31JAN20,1578653944239,open,0.54,0.0,0.5085,0.5755,0.53976385,83.77,None,0.0,BTC-31JAN20-12000-P,7762.35,0.0,0.0,0.0,0.0,0.0,0.0,0.91034,-1.82643,-6.7794,3e-05,-0.97981
8185.8,SYN.BTC-25SEP20,1578653944237,open,0.51,1.6,0.4455,0.589,0.51045476,80.45,0.4995,0.0,BTC-25SEP20-11000-P,7762.35,67.33,0.467,0.5,0.55,1.0,92.24,27.37235,-4.25333,-60.91595,7e-05,-0.53878
7775.09,SYN.BTC-17JAN20,1578653944238,open,0.29,0.0,0.261,0.3165,0.286883,84.92,None,0.0,BTC-17JAN20-10000-P,7762.35,0.0,0.001,1.0,0.0,0.0,0.0,0.46848,-2.89311,-1.8587,5e-05,-0.98217
7775.09,SYN.BTC-17JAN20,1578653944238,open,0.19,0.0,0.167,0.219,0.19112022,69.64,None,0.0,BTC-17JAN20-9250-P,7762.35,0.0,0.1215,2.2,0.232,2.2,188.9,0.88953,-4.50462,-1.68831,0.00011,-0.9616
7800.46,SYN.BTC-31JAN20,1578653944240,open,0.35,0.0,0.321,0.383,0.34955777,72.26,None,0.0,BTC-31JAN20-10500-P,7762.35,0.0,0.275,1.0,0.3905,1.0,146.49,1.96024,-3.39242,-5.79252,8e-05,-0.94881
7800.46,SYN.BTC-31JAN20,1578653944238,open,0.29,27.4,0.281,0.314,0.29658899,76.71,0.291,0.0,BTC-31JAN20-5500-C,7762.35,0.0,0.2845,7.0,0.3015,7.0,100.7,1.01409,-1.86308,3.03585,4e-05,0.97707
7800.46,SYN.BTC-31JAN20,1578653944239,open,0.17,10.5,0.139,0.1995,0.16707393,60.64,0.1435,0.0,BTC-31JAN20-9000-P,7762.35,0.0,0.115,1.4,0.225,0.6,131.52,4.90168,-7.11891,-4.40197,0.00023,-0.81961
7800.46,SYN.BTC-31JAN20,1578653944240,open,0.0,671.9,0.0005,0.0125,0.00250642,76.38,0.0025,0.0,BTC-31JAN20-11000-C,7762.35,73.56,0.002,30.0,0.0025,4.0,76.35,1.4986,-2.74155,0.15255,6e-05,0.0367
7775.09,SYN.BTC-17JAN20,1578653944258,open,0.16,6.3,0.1475,0.184,0.16492324,68.38,0.1735,0.0,BTC-17JAN20-6500-C,7762.35,0.0,0.1635,0.1,0.1715,7.4,108.18,0.62903,-3.12771,1.18609,8e-05,0.97474
7851.19,SYN.BTC-28FEB20,1578653944273,open,0.08,119.1,0.056,0.1155,0.08313289,62.77,0.0785,0.0,BTC-28FEB20-8000-C,7762.35,60.97,0.0805,40.8,0.0835,22.7,63.02,11.45533,-7.35609,4.52146,0.00022,0.51321
138.62,ETH-27MAR20,1578653944346,open,0.06,130.0,0.029,0.09,0.056422,83.3,0.046,0.0,ETH-27MAR20-110-P,136.56,81.48,0.054,340.0,0.059,192.0,85.22,0.18487,-0.10016,-0.07866,0.00548,-0.21299
138.62,ETH-27MAR20,1578653944346,open,0.18,111.0,0.132,0.218,0.175936,80.93,0.181,0.0,ETH-27MAR20-130-C,136.56,77.47,0.17,814.0,0.179,650.0,82.71,0.23799,-0.12527,0.1355,0.00727,0.64004
138.62,ETH-27MAR20,1578653944346,open,0.26,20.0,0.223,0.301,0.262829,83.26,0.272,0.0,ETH-27MAR20-110-C,136.56,60.19,0.234,62.0,0.288,62.0,101.6,0.18484,-0.10009,0.15306,0.00549,0.78707
136.74,SYN.ETH-17JAN20,1578653944619,open,0.02,1035.0,0.005,0.047,0.020994,56.83,0.022,0.0,ETH-17JAN20-140-C,136.56,53.04,0.019,910.0,0.021,1.0,56.84,0.07233,-0.29891,0.00967,0.03614,0.39639
136.74,SYN.ETH-17JAN20,1578653944619,open,0.18,96.0,0.137,0.213,0.173651,77.66,0.129,0.0,ETH-17JAN20-160-P,136.56,0.0,0.0,0.0,0.2,40.0,153.28,0.02731,-0.15422,-0.02823,0.00998,-0.92224
136.74,SYN.ETH-17JAN20,1578653944619,open,0.2,0.0,0.171,0.223,0.196916,85.85,None,0.0,ETH-17JAN20-110-C,136.56,0.0,0.195,1.0,0.206,31.0,137.53,0.01217,-0.076,0.01996,0.00403,0.97168
136.74,SYN.ETH-17JAN20,1578653944619,open,0.0,692.0,0.001,0.011,0.000464,100.28,0.001,0.0,ETH-17JAN20-100-P,136.56,0.0,0.0,0.0,0.001,46.0,111.81,0.00482,-0.03512,-0.00026,0.00136,-0.00957
136.74,SYN.ETH-17JAN20,1578653944619,open,0.0,122.0,0.001,0.016,0.003588,69.93,0.004,0.0,ETH-17JAN20-120-P,136.56,61.0,0.002,976.0,0.004,950.0,71.91,0.02775,-0.14112,-0.00214,0.01127,-0.07943
136.74,SYN.ETH-17JAN20,1578653944619,open,0.27,1.0,0.247,0.292,0.269119,98.69,0.292,0.0,ETH-17JAN20-100-C,136.56,0.0,0.256,33.0,0.277,33.0,170.08,0.00443,-0.03179,0.0186,0.00127,0.9913
136.74,SYN.ETH-17JAN20,1578653944619,open,0.0,114.0,0.001,0.011,0.001396,86.5,0.001,0.0,ETH-17JAN20-110-P,136.56,81.73,0.001,677.0,0.002,325.0,92.43,0.01249,-0.07857,-0.00079,0.0041,-0.02921
136.74,SYN.ETH-17JAN20,1578653944621,open,0.0,404.0,0.001,0.016,0.003498,77.23,0.003,0.0,ETH-17JAN20-160-C,136.56,68.53,0.002,680.0,0.004,956.0,79.68,0.02698,-0.15151,0.00188,0.00992,0.07653
136.74,SYN.ETH-17JAN20,1578653944622,open,0.01,1123.0,0.001,0.023,0.006683,63.29,0.005,0.0,ETH-17JAN20-150-C,136.56,61.15,0.006,675.0,0.007,10.0,64.26,0.04443,-0.2045,0.00378,0.01993,0.15348
136.74,SYN.ETH-17JAN20,1578653944622,open,0.01,702.0,0.002,0.035,0.011917,57.0,0.015,0.0,ETH-17JAN20-130-P,136.56,54.87,0.011,920.0,0.013,50.0,59.48,0.05919,-0.24537,-0.00666,0.02948,-0.24649
143.02,SYN.ETH-25SEP20,1578653944761,open,0.15,3.0,0.092,0.216,0.15212,94.15,0.165,0.0,ETH-25SEP20-240-C,136.56,91.96,0.145,760.0,0.158,110.0,95.96,0.46497,-0.08456,0.25025,0.0034,0.39883
143.02,SYN.ETH-25SEP20,1578653944761,open,0.13,1.0,0.068,0.186,0.123668,96.34,0.097,0.0,ETH-25SEP20-280-C,136.56,94.16,0.117,760.0,0.129,110.0,98.07,0.43951,-0.08179,0.21579,0.00314,0.3364
143.02,SYN.ETH-25SEP20,1578653944761,open,1.34,0.0,1.234,1.458,1.34096,98.49,None,0.0,ETH-25SEP20-320-P,136.56,0.0,0.0,0.0,0.0,0.0,0.0,0.41163,-0.0783,-2.0814,0.00288,-0.71099
143.02,SYN.ETH-25SEP20,1578653944761,open,0.08,106.0,0.034,0.132,0.076413,102.09,0.085,0.0,ETH-25SEP20-400-C,136.56,99.9,0.071,750.0,0.081,100.0,103.91,0.35825,-0.07064,0.14742,0.00242,0.22175
143.02,SYN.ETH-25SEP20,1578653944761,open,0.83,0.0,0.735,0.93,0.830351,94.19,None,0.0,ETH-25SEP20-240-P,136.56,0.0,0.0,0.0,0.85,1.0,100.19,0.46502,-0.0846,-1.45191,0.0034,-0.60101
143.02,SYN.ETH-25SEP20,1578653944761,open,1.87,0.0,1.755,2.005,1.873465,102.17,None,0.0,ETH-25SEP20-400-P,136.56,0.0,0.0,0.0,0.0,0.0,0.0,0.3586,-0.07077,-2.68939,0.00242,-0.77788
143.02,SYN.ETH-25SEP20,1578653944763,open,1.61,0.0,1.493,1.729,1.605319,100.36,None,0.0,ETH-25SEP20-360-P,136.56,0.0,0.0,0.0,0.0,0.0,0.0,0.38399,-0.07443,-2.38757,0.00264,-0.74847
136.93,SYN.ETH-24JAN20,1578653944892,open,0.25,0.0,0.207,0.29,0.246778,75.98,None,0.0,ETH-24JAN20-170-P,136.56,0.0,0.0,0.0,0.0,0.0,0.0,0.04076,-0.11159,-0.06059,0.00753,-0.91714
136.93,SYN.ETH-24JAN20,1578653944892,open,0.0,20.0,0.001,0.013,0.003159,81.51,0.003,0.0,ETH-24JAN20-180-C,136.56,75.01,0.002,950.0,0.004,975.0,85.39,0.02769,-0.08134,0.00246,0.00477,0.05036
136.93,SYN.ETH-24JAN20,1578653944892,open,0.06,0.0,0.03,0.094,0.060184,61.26,None,0.0,ETH-24JAN20-140-P,136.56,59.72,0.059,180.0,0.062,650.0,63.61,0.10567,-0.23326,-0.03177,0.0242,-0.55006
136.93,SYN.ETH-24JAN20,1578653944892,open,0.2,0.0,0.174,0.228,0.200898,76.57,None,0.0,ETH-24JAN20-110-C,136.56,0.0,0.0,0.0,0.0,0.0,0.0,0.03246,-0.08955,0.03839,0.00595,0.93842
136.93,SYN.ETH-24JAN20,1578653944895,open,0.08,0.0,0.045,0.107,0.076304,61.64,None,0.0,ETH-24JAN20-130-C,136.56,58.28,0.074,180.0,0.077,650.0,62.65,0.09435,-0.20957,0.03188,0.02148,0.68876
136.93,SYN.ETH-24JAN20,1578653944895,open,0.01,150.0,0.001,0.026,0.009107,69.51,0.014,0.0,ETH-24JAN20-160-C,136.56,66.89,0.008,975.0,0.01,650.0,71.53,0.05938,-0.14873,0.00681,0.01198,0.13984
136.93,SYN.ETH-24JAN20,1578653944895,open,0.32,0.0,0.277,0.362,0.317778,81.98,None,0.0,ETH-24JAN20-180-P,136.56,0.0,0.0,0.0,0.0,0.0,0.0,0.02817,-0.08321,-0.06592,0.00482,-0.94856
136.93,SYN.ETH-24JAN20,1578653944895,open,0.01,100.0,0.001,0.018,0.005193,75.68,0.007,0.0,ETH-24JAN20-170-C,136.56,71.36,0.004,950.0,0.006,950.0,78.31,0.04041,-0.11019,0.00399,0.00749,0.08192
136.93,SYN.ETH-24JAN20,1578653944897,open,0.04,0.0,0.014,0.065,0.037702,61.16,None,0.0,ETH-24JAN20-140-C,136.56,58.95,0.036,180.0,0.039,650.0,62.84,0.10567,-0.23288,0.02145,0.02424,0.44979
136.93,SYN.ETH-24JAN20,1578653944897,open,0.18,0.0,0.139,0.219,0.177657,69.71,None,0.0,ETH-24JAN20-160-P,136.56,0.0,0.0,0.0,0.0,0.0,0.0,0.0596,-0.1497,-0.05398,0.012,-0.85939
140.91,ETH-26JUN20,1578653945091,open,0.19,170.0,0.139,0.252,0.195923,90.85,0.23,0.0,ETH-26JUN20-160-C,136.56,87.54,0.187,180.0,0.198,650.0,91.63,0.37927,-0.10263,0.22336,0.00457,0.54057
140.91,ETH-26JUN20,1578653945091,open,0.03,752.0,0.01,0.069,0.0318,107.96,0.03,0.0,ETH-26JUN20-440-C,136.56,105.81,0.029,770.0,0.035,773.0,110.3,0.188,-0.06045,0.05534,0.00191,0.1172
138.62,ETH-27MAR20,1578653945091,open,0.03,5589.0,0.009,0.056,0.027087,94.12,0.026,0.0,ETH-27MAR20-240-C,136.56,92.09,0.025,320.0,0.029,700.0,95.91,0.1455,-0.08907,0.03464,0.00382,0.14575
140.91,ETH-26JUN20,1578653945095,open,0.02,295.0,0.005,0.052,0.021118,113.52,0.017,0.0,ETH-26JUN20-560-C,136.56,111.35,0.019,770.0,0.023,702.0,115.35,0.14163,-0.04789,0.03795,0.00137,0.07968
138.62,ETH-27MAR20,1578653945144,open,0.0,7522.0,0.001,0.011,0.001338,120.0,0.002,0.0,ETH-27MAR20-600-C,136.56,116.48,0.001,4849.0,0.003,650.0,131.37,0.01476,-0.01152,0.0021,0.0003,0.00854
138.62,ETH-27MAR20,1578653945144,open,2.47,0.0,2.363,2.583,2.466758,119.65,None,0.0,ETH-27MAR20-480-P,136.56,0.0,0.004,50.0,0.0,0.0,0.0,0.03522,-0.02741,-1.00531,0.00073,-0.97656
143.02,SYN.ETH-25SEP20,1578653945144,open,2.96,0.0,2.823,3.127,2.965649,108.6,None,0.0,ETH-25SEP20-560-P,136.56,0.0,0.0,0.0,0.0,0.0,0.0,0.28123,-0.05899,-3.87009,0.00178,-0.84968
138.62,ETH-27MAR20,1578653945156,open,1.04,161.0,0.967,1.116,1.037156,99.77,1.397,0.0,ETH-27MAR20-280-P,136.56,0.0,0.002,50.0,0.0,0.0,0.0,0.10808,-0.07013,-0.56683,0.00268,-0.90433
137.12,SYN.ETH-31JAN20,1578653945156,open,0.75,0.0,0.7,0.81,0.752011,107.08,None,0.0,ETH-31JAN20-240-P,136.56,0.0,0.011,3.0,0.0,0.0,0.0,0.01574,-0.04036,-0.13585,0.00137,-0.98021
137.12,SYN.ETH-31JAN20,1578653945156,open,0.19,742.0,0.144,0.227,0.184158,69.83,0.158,0.0,ETH-31JAN20-160-P,136.56,50.31,0.173,260.0,0.286,20.0,186.77,0.09188,-0.15367,-0.07716,0.01224,-0.79972
137.12,SYN.ETH-31JAN20,1578653945156,open,0.0,1798.0,0.001,0.011,0.00154,117.87,0.002,0.0,ETH-31JAN20-260-C,136.56,111.59,0.001,850.0,0.002,650.0,122.12,0.01357,-0.03831,0.00118,0.00107,0.01663
138.62,ETH-27MAR20,1578653945158,open,1.61,7.0,1.524,1.697,1.605192,108.22,1.702,0.0,ETH-27MAR20-360-P,136.56,0.0,0.01,30.0,0.0,0.0,0.0,0.06258,-0.04405,-0.74685,0.00143,-0.95287
140.91,ETH-26JUN20,1578653945162,open,0.16,3185.0,0.104,0.215,0.15856,91.24,0.162,0.0,ETH-26JUN20-180-C,136.56,89.55,0.154,180.0,0.163,650.0,92.89,0.37983,-0.10322,0.19901,0.00456,0.46563
138.62,ETH-27MAR20,1578653945162,open,0.01,1664.0,0.003,0.033,0.01266,106.1,0.014,0.0,ETH-27MAR20-320-C,136.56,105.02,0.012,1.0,0.013,671.0,106.65,0.08557,-0.05905,0.01679,0.00199,0.07016
138.62,ETH-27MAR20,1578653945162,open,0.07,2728.0,0.034,0.106,0.067421,85.78,0.066,0.0,ETH-27MAR20-180-C,136.56,83.69,0.064,320.0,0.07,700.0,87.35,0.22761,-0.12699,0.07385,0.00656,0.32036
140.91,ETH-26JUN20,1578653945162,open,0.09,563.0,0.049,0.146,0.093871,95.16,0.096,0.0,ETH-26JUN20-240-C,136.56,93.95,0.091,140.0,0.096,3.0,96.05,0.33602,-0.09523,0.13855,0.00387,0.30765
138.62,ETH-27MAR20,1578653945162,open,2.18,0.0,2.083,2.288,2.179722,118.14,None,0.0,ETH-27MAR20-440-P,136.56,0.0,0.003,50.0,0.0,0.0,0.0,0.04506,-0.03462,-0.91915,0.00094,-0.96851
140.91,ETH-26JUN20,1578653945162,open,3.56,0.0,3.414,3.722,3.55899,116.8,None,0.0,ETH-26JUN20-640-P,136.56,0.0,0.01,50.0,0.0,0.0,0.0,0.12109,-0.04212,-2.91255,0.00114,-0.93505
140.91,ETH-26JUN20,1578653945162,open,0.67,0.0,0.59,0.758,0.671435,93.74,None,0.0,ETH-26JUN20-220-P,136.56,0.0,0.561,1.0,0.0,0.0,0.0,0.35429,-0.09891,-0.85584,0.00414,-0.64912
140.91,ETH-26JUN20,1578653945164,open,2.71,0.0,2.591,2.854,2.713851,111.48,None,0.0,ETH-26JUN20-520-P,136.56,0.0,0.01,50.0,0.0,0.0,0.0,0.15345,-0.05095,-2.34946,0.00151,-0.91135
140.91,ETH-26JUN20,1578653945164,open,0.02,635.0,0.004,0.045,0.017083,116.8,0.022,0.0,ETH-26JUN20-640-C,136.56,114.28,0.015,650.0,0.019,770.0,118.96,0.12109,-0.04212,0.03102,0.00114,0.06495
140.91,ETH-26JUN20,1578653945164,open,0.11,780.0,0.062,0.164,0.110155,93.74,0.116,0.0,ETH-26JUN20-220-C,136.56,92.08,0.106,140.0,0.114,3.0,95.26,0.35429,-0.09891,0.15601,0.00414,0.35088
138.62,ETH-27MAR20,1578653945164,open,0.32,1125.0,0.281,0.35,0.315885,85.39,0.346,0.0,ETH-27MAR20-100-C,136.56,57.26,0.29,42.0,0.338,42.0,104.71,0.14943,-0.08299,0.15545,0.00432,0.84833
140.91,ETH-26JUN20,1578653945164,open,0.8,4.0,0.713,0.888,0.797086,95.16,0.934,0.0,ETH-26JUN20-240-P,136.56,0.0,0.01,50.0,0.0,0.0,0.0,0.33602,-0.09523,-0.96529,0.00387,-0.69235
140.91,ETH-26JUN20,1578653945168,open,2.43,0.0,2.317,2.566,2.433569,109.75,None,0.0,ETH-26JUN20-480-P,136.56,0.0,0.01,50.0,0.0,0.0,0.0,0.16921,-0.05531,-2.15966,0.00169,-0.89877
140.91,ETH-26JUN20,1578653945168,open,0.04,4069.0,0.013,0.078,0.038517,106.46,0.043,0.0,ETH-26JUN20-400-C,136.56,104.75,0.036,120.0,0.041,650.0,108.08,0.21182,-0.06716,0.06522,0.00218,0.13915
137.12,SYN.ETH-31JAN20,1578653945168,open,0.46,0.0,0.418,0.513,0.462807,90.31,None,0.0,ETH-31JAN20-200-P,136.56,0.0,0.011,3.0,0.0,0.0,0.0,0.03411,-0.07377,-0.11076,0.00351,-0.94947
140.91,ETH-26JUN20,1578653945170,open,0.04,777.0,0.016,0.087,0.045074,103.38,0.055,0.0,ETH-26JUN20-360-C,136.56,101.5,0.042,790.0,0.048,2.0,105.11,0.23416,-0.0721,0.07561,0.00248,0.16174
140.91,ETH-26JUN20,1578653945170,open,1.6,1.0,1.501,1.711,1.599896,103.38,1.827,0.0,ETH-26JUN20-360-P,136.56,0.0,0.015,2.0,0.0,0.0,0.0,0.23416,-0.0721,-1.58015,0.00248,-0.83826
140.91,ETH-26JUN20,1578653945170,open,0.13,2774.0,0.08,0.188,0.132351,92.86,0.129,0.0,ETH-26JUN20-200-C,136.56,91.2,0.128,140.0,0.136,650.0,94.25,0.37031,-0.10242,0.17651,0.00437,0.40471
140.91,ETH-26JUN20,1578653945175,open,0.15,2035.0,0.103,0.206,0.152699,88.92,0.18,0.0,ETH-26JUN20-120-P,136.56,85.58,0.145,650.0,0.155,20.0,89.92,0.32447,-0.08594,-0.28371,0.004,-0.28506
140.91,ETH-26JUN20,1578653945175,open,0.03,379.0,0.008,0.061,0.02714,109.75,0.032,0.0,ETH-26JUN20-480-C,136.56,107.93,0.025,770.0,0.029,3.0,111.27,0.16921,-0.05531,0.04802,0.00169,0.10123
140.91,ETH-26JUN20,1578653945175,open,0.02,315.0,0.005,0.048,0.019094,115.41,0.023,0.0,ETH-26JUN20-600-C,136.56,113.08,0.017,650.0,0.021,770.0,117.4,0.13136,-0.04515,0.0344,0.00125,0.07217
138.62,ETH-27MAR20,1578653945177,open,2.76,0.0,2.643,2.877,2.754069,120.0,None,0.0,ETH-27MAR20-520-P,136.56,0.0,0.006,50.0,0.0,0.0,0.0,0.02652,-0.0207,-1.09114,0.00055,-0.98322
138.62,ETH-27MAR20,1578653945177,open,0.49,1147.0,0.43,0.558,0.491313,88.76,0.645,0.0,ETH-27MAR20-200-P,136.56,0.0,0.442,1.0,1.144,1.0,500.0,0.19916,-0.11497,-0.36442,0.00554,-0.75688
138.62,ETH-27MAR20,1578653945177,open,3.04,0.0,2.923,3.173,3.041747,120.0,None,0.0,ETH-27MAR20-560-P,136.56,0.0,0.02,50.0,0.0,0.0,0.0,0.01975,-0.01541,-1.17655,0.00041,-0.98809
140.91,ETH-26JUN20,1578653945177,open,1.88,0.0,1.772,1.996,1.877208,106.46,None,0.0,ETH-26JUN20-400-P,136.56,0.0,0.01,50.0,0.0,0.0,0.0,0.21182,-0.06716,-1.77452,0.00218,-0.86085
140.91,ETH-26JUN20,1578653945179,open,0.44,426.0,0.361,0.513,0.435971,91.24,0.47,0.0,ETH-26JUN20-180-P,136.56,84.93,0.419,180.0,0.466,200.0,102.36,0.37983,-0.10322,-0.62887,0.00456,-0.53437
138.62,ETH-27MAR20,1578653945179,open,0.04,1694.0,0.013,0.067,0.035403,91.19,0.034,0.0,ETH-27MAR20-220-C,136.56,89.21,0.033,320.0,0.037,650.0,92.48,0.17012,-0.1009,0.04383,0.00461,0.18554
7901.94,BTC-27MAR20,1578653945210,open,0.01,454.6,0.0005,0.0225,0.00668007,93.45,0.0105,0.0,BTC-27MAR20-18000-C,7762.35,91.81,0.006,33.2,0.0075,24.0,95.3,3.38119,-2.05516,0.62259,3e-05,0.04409
7901.66,BTC-27MAR20,1578653945222,open,0.01,647.1,0.0005,0.0185,0.00485058,97.56,0.005,0.0,BTC-27MAR20-20000-C,7762.35,96.48,0.0045,14.7,0.0055,25.0,99.45,2.61254,-1.65781,0.45423,2e-05,0.03215
7901.94,BTC-27MAR20,1578653945225,open,0.0,161.2,0.0005,0.013,0.00280918,104.31,0.004,0.0,BTC-27MAR20-24000-C,7762.35,102.78,0.0025,16.5,0.0035,39.0,107.36,1.65888,-1.12548,0.26458,1e-05,0.01871
140.91,ETH-26JUN20,1578653945232,open,0.07,611.0,0.033,0.121,0.071915,98.57,0.073,0.0,ETH-26JUN20-280-C,136.56,96.71,0.068,140.0,0.076,650.0,100.47,0.29987,-0.08804,0.11164,0.00333,0.24417
138.62,ETH-27MAR20,1578653945232,open,0.0,3001.0,0.001,0.011,0.000939,120.0,0.002,0.0,ETH-27MAR20-640-C,136.56,120.74,0.001,796.0,0.003,650.0,135.99,0.01108,-0.00865,0.00153,0.00023,0.00617
138.62,ETH-27MAR20,1578653945232,open,0.76,118.0,0.693,0.831,0.758439,94.12,0.978,0.0,ETH-27MAR20-240-P,136.56,0.0,0.005,10.0,0.0,0.0,0.0,0.1455,-0.08907,-0.47084,0.00382,-0.85425
140.91,ETH-26JUN20,1578653945232,open,1.06,0.0,0.969,1.157,1.058999,98.57,None,0.0,ETH-26JUN20-280-P,136.56,0.0,0.011,3.0,0.0,0.0,0.0,0.29987,-0.08804,-1.17618,0.00333,-0.75583
137.12,SYN.ETH-31JAN20,1578653945232,open,0.0,827.0,0.001,0.011,0.001584,105.93,0.002,0.0,ETH-31JAN20-240-C,136.56,99.73,0.001,650.0,0.002,97.0,109.46,0.01495,-0.03793,0.00134,0.00131,0.01863
137.12,SYN.ETH-31JAN20,1578653945232,open,0.61,1.0,0.559,0.66,0.606685,97.02,0.739,0.0,ETH-31JAN20-220-P,136.56,0.0,0.011,3.0,0.0,0.0,0.0,0.02065,-0.04799,-0.12386,0.00198,-0.97267
138.62,ETH-27MAR20,1578653945234,open,0.01,1521.0,0.001,0.023,0.007045,114.48,0.006,0.0,ETH-27MAR20-400-C,136.56,111.69,0.006,260.0,0.008,650.0,116.82,0.05447,-0.04056,0.00953,0.00118,0.03969
140.91,ETH-26JUN20,1578653945234,open,0.06,396.0,0.023,0.101,0.055714,100.87,0.072,0.0,ETH-26JUN20-320-C,136.56,99.4,0.053,140.0,0.058,5.0,102.08,0.26407,-0.07933,0.09074,0.00287,0.19572
138.62,ETH-27MAR20,1578653945234,open,0.15,606.0,0.106,0.202,0.152664,80.7,0.165,0.0,ETH-27MAR20-140-P,136.56,78.67,0.149,20.0,0.157,670.0,83.09,0.25063,-0.13154,-0.17218,0.00767,-0.43706
140.91,ETH-26JUN20,1578653945234,open,1.33,0.0,1.233,1.431,1.326668,100.87,1.06,0.0,ETH-26JUN20-320-P,136.56,0.0,0.015,2.0,0.0,0.0,0.0,0.26407,-0.07933,-1.38105,0.00287,-0.80428
137.12,SYN.ETH-31JAN20,1578653945234,open,0.32,25.0,0.277,0.366,0.319544,77.9,0.35,0.0,ETH-31JAN20-180-P,136.56,0.0,0.012,5.0,1.321,5.0,500.0,0.05137,-0.09584,-0.09676,0.00613,-0.91425
138.62,ETH-27MAR20,1578653945236,open,0.1,2701.0,0.057,0.139,0.09716,83.19,0.1,0.0,ETH-27MAR20-160-C,136.56,81.43,0.094,370.0,0.1,650.0,84.77,0.2495,-0.13499,0.09621,0.00741,0.42669
138.62,ETH-27MAR20,1578653945236,open,0.05,3224.0,0.021,0.084,0.04852,88.76,0.047,0.0,ETH-27MAR20-200-C,136.56,86.99,0.046,320.0,0.05,650.0,89.78,0.19916,-0.11497,0.05681,0.00554,0.24312
140.91,ETH-26JUN20,1578653945238,open,0.3,321.0,0.249,0.351,0.301092,88.92,0.314,0.0,ETH-26JUN20-120-C,136.56,71.51,0.261,49.0,0.309,180.0,92.36,0.32447,-0.08594,0.26821,0.004,0.71494
138.62,ETH-27MAR20,1578653945238,open,0.0,1809.0,0.001,0.011,0.001925,119.99,0.003,0.0,ETH-27MAR20-560-C,136.56,120.51,0.002,870.0,0.004,650.0,131.03,0.01974,-0.01541,0.00292,0.00041,0.01191
140.91,ETH-26JUN20,1578653945238,open,0.04,1009.0,0.022,0.076,0.046015,92.62,0.036,0.0,ETH-26JUN20-80-P,136.56,87.88,0.04,650.0,0.046,200.0,92.61,0.18217,-0.05025,-0.10249,0.00215,-0.11213
138.62,ETH-27MAR20,1578653945238,open,0.08,1696.0,0.047,0.121,0.081325,81.55,0.077,0.0,ETH-27MAR20-120-P,136.56,80.05,0.079,340.0,0.084,650.0,83.27,0.21543,-0.11426,-0.10651,0.00653,-0.28347
138.62,ETH-27MAR20,1578653945238,open,0.37,1550.0,0.307,0.428,0.365935,85.78,0.407,0.0,ETH-27MAR20-180-P,136.56,71.89,0.344,300.0,0.0,0.0,0.0,0.22761,-0.12699,-0.30526,0.00656,-0.67964
138.62,ETH-27MAR20,1578653945238,open,1.89,5.0,1.803,1.993,1.892632,114.48,2.004,0.0,ETH-27MAR20-400-P,136.56,0.0,0.046,50.0,0.0,0.0,0.0,0.05447,-0.04056,-0.83294,0.00118,-0.96031
137.12,SYN.ETH-31JAN20,1578653945238,open,0.9,0.0,0.842,0.96,0.897836,119.23,None,0.0,ETH-31JAN20-260-P,136.56,0.0,0.011,3.0,0.0,0.0,0.0,0.01438,-0.04107,-0.14744,0.00112,-0.9822
140.91,ETH-26JUN20,1578653945240,open,0.33,708.0,0.262,0.403,0.331456,90.87,0.355,0.0,ETH-26JUN20-160-P,136.56,84.4,0.314,180.0,0.35,180.0,97.78,0.37926,-0.10265,-0.51253,0.00457,-0.45938
138.62,ETH-27MAR20,1578653945240,open,3.33,0.0,3.203,3.468,3.329717,120.0,None,0.0,ETH-27MAR20-600-P,136.56,0.0,0.03,50.0,0.0,0.0,0.0,0.01476,-0.01152,-1.26161,0.0003,-0.99146
138.62,ETH-27MAR20,1578653945240,open,0.02,2252.0,0.004,0.041,0.017246,99.77,0.025,0.0,ETH-27MAR20-280-C,136.56,98.14,0.016,330.0,0.018,651.0,100.72,0.10808,-0.07013,0.0229,0.00268,0.09567
137.12,SYN.ETH-31JAN20,1578653945240,open,0.27,1.0,0.25,0.299,0.27457,82.32,0.245,0.0,ETH-31JAN20-100-C,136.56,0.0,0.27,3.0,0.283,35.0,109.39,0.03074,-0.0606,0.05341,0.00347,0.95562
138.62,ETH-27MAR20,1578653945243,open,3.62,0.0,3.483,3.765,3.617878,120.0,None,0.0,ETH-27MAR20-640-P,136.56,0.0,0.01,50.0,0.0,0.0,0.0,0.01109,-0.00865,-1.34643,0.00023,-0.99383
140.91,ETH-26JUN20,1578653945248,open,2.15,0.0,2.044,2.28,2.15436,107.96,None,0.0,ETH-26JUN20-440-P,136.56,0.0,0.01,50.0,0.0,0.0,0.0,0.188,-0.06045,-1.96836,0.00191,-0.8828
138.62,ETH-27MAR20,1578653945249,open,0.01,1189.0,0.001,0.019,0.005575,118.13,0.006,0.0,ETH-27MAR20-440-C,136.56,116.3,0.005,30.0,0.006,650.0,119.41,0.04505,-0.03461,0.00756,0.00094,0.03148
7774.81,SYN.BTC-17JAN20,1578653945268,open,0.07,131.8,0.048,0.101,0.06954373,52.17,0.072,0.0,BTC-17JAN20-8250-P,7762.53,0.0,0.054,9.2,0.0785,7.0,72.49,3.10909,-11.79432,-1.25308,0.00052,-0.78605
7787.49,SYN.BTC-24JAN20,1578653945279,open,0.06,37.9,0.038,0.0915,0.05580711,51.67,0.056,0.0,BTC-24JAN20-8000-P,7762.53,50.6,0.055,26.2,0.058,18.0,54.55,5.91662,-11.01518,-1.89961,0.0005,-0.58585
7850.92,SYN.BTC-28FEB20,1578653945286,open,0.08,119.1,0.056,0.1155,0.08313297,62.78,0.0785,0.0,BTC-28FEB20-8000-C,7762.53,60.98,0.0805,26.4,0.0835,22.7,63.03,11.45498,-7.35707,4.5208,0.00022,0.51316
7901.86,BTC-27MAR20,1578653945289,open,0.02,711.0,0.005,0.0385,0.01546013,84.08,0.017,0.0,BTC-27MAR20-14000-C,7762.53,82.85,0.0145,22.0,0.016,24.0,84.75,6.30041,-3.44527,1.38417,6e-05,0.09863
7787.49,SYN.BTC-24JAN20,1578653945291,open,0.06,37.9,0.038,0.0915,0.05580711,51.67,0.056,0.0,BTC-24JAN20-8000-P,7762.53,50.6,0.055,26.2,0.058,22.7,54.55,5.91662,-11.01518,-1.89961,0.0005,-0.58585
7774.81,SYN.BTC-17JAN20,1578653945291,open,0.0,231.9,0.0005,0.0115,0.0015922,62.0,0.002,0.0,BTC-17JAN20-6750-P,7762.53,56.77,0.001,70.0,0.0025,76.6,68.22,0.99742,-4.49689,-0.0671,0.00014,-0.04423
7774.81,SYN.BTC-17JAN20,1578653945294,open,0.0,231.9,0.0005,0.0115,0.0015922,62.0,0.002,0.0,BTC-17JAN20-6750-P,7762.53,56.77,0.001,70.0,0.0025,91.6,68.22,0.99742,-4.49689,-0.0671,0.00014,-0.04423
7774.81,SYN.BTC-17JAN20,1578653945294,open,0.0,231.9,0.0005,0.0115,0.0015922,62.0,0.002,0.0,BTC-17JAN20-6750-P,7762.53,56.77,0.001,70.0,0.0025,93.7,68.22,0.99742,-4.49689,-0.0671,0.00014,-0.04423
143.02,SYN.ETH-25SEP20,1578653945670,open,0.51,0.0,0.47,0.548,0.509305,89.62,None,0.0,ETH-25SEP20-80-C,136.56,75.64,0.486,53.0,0.533,53.0,102.88,0.24887,-0.04308,0.37029,0.00191,0.87433
140.91,ETH-26JUN20,1578653945818,open,0.48,0.0,0.444,0.513,0.478278,92.62,None,0.0,ETH-26JUN20-80-C,136.56,67.62,0.45,49.0,0.498,49.0,107.17,0.18217,-0.05025,0.26546,0.00215,0.88787
143.02,SYN.ETH-25SEP20,1578653945822,open,0.51,0.0,0.47,0.548,0.509305,89.62,None,0.0,ETH-25SEP20-80-C,136.56,75.0,0.485,53.0,0.533,53.0,102.88,0.24887,-0.04308,0.37029,0.00191,0.87433
7787.68,SYN.BTC-24JAN20,1578653945946,open,0.02,70.0,0.0035,0.036,0.01326302,55.32,0.0125,0.0,BTC-24JAN20-8500-C,7762.53,53.13,0.012,20.0,0.0135,24.0,55.72,4.54666,-9.06338,0.62499,0.00036,0.22437
136.93,SYN.ETH-24JAN20,1578653946015,open,0.27,0.0,0.248,0.295,0.271104,83.29,None,0.0,ETH-24JAN20-100-C,136.56,0.0,0.0,0.0,0.0,0.0,0.0,0.01394,-0.04183,0.03681,0.00235,0.97814
136.74,SYN.ETH-17JAN20,1578653946015,open,0.25,0.0,0.208,0.286,0.244871,85.97,None,0.0,ETH-17JAN20-170-P,136.56,0.0,0.0,0.0,0.0,0.0,0.0,0.0152,-0.09501,-0.03111,0.00502,-0.96294
136.93,SYN.ETH-24JAN20,1578653946015,open,0.0,3.0,0.001,0.011,0.001448,83.8,0.002,0.0,ETH-24JAN20-100-P,136.56,79.01,0.001,950.0,0.002,3.0,88.6,0.01426,-0.04307,-0.00124,0.00239,-0.02247
136.74,SYN.ETH-17JAN20,1578653946015,open,0.0,664.0,0.001,0.011,0.001583,85.14,0.001,0.0,ETH-17JAN20-170-C,136.56,78.95,0.001,695.0,0.002,958.0,88.75,0.0147,-0.091,0.00088,0.0049,0.03558
136.74,SYN.ETH-17JAN20,1578653946017,open,0.32,0.0,0.279,0.359,0.316983,90.25,None,0.0,ETH-17JAN20-180-P,136.56,0.0,0.0,0.0,0.0,0.0,0.0,0.00731,-0.04799,-0.03353,0.0023,-0.9845
136.74,SYN.ETH-17JAN20,1578653946017,open,0.0,640.0,0.001,0.011,0.000561,88.35,0.001,0.0,ETH-17JAN20-180-C,136.56,0.0,0.0,0.0,0.001,104.0,95.79,0.00657,-0.04222,0.00034,0.00211,0.01369
143.02,SYN.ETH-25SEP20,1578653946105,open,0.43,0.0,0.375,0.472,0.424945,89.07,None,0.0,ETH-25SEP20-100-C,136.56,76.58,0.396,52.0,0.456,52.0,102.32,0.33424,-0.0575,0.38341,0.00259,0.80291
137.12,SYN.ETH-31JAN20,1578653946162,open,0.21,0.0,0.177,0.234,0.205913,74.14,None,0.0,ETH-31JAN20-110-C,136.56,0.0,0.197,1.0,0.219,54.0,101.13,0.05392,-0.09575,0.0551,0.00676,0.90848
137.12,SYN.ETH-31JAN20,1578653946162,open,0.09,153.0,0.061,0.126,0.089113,64.2,0.094,0.0,ETH-31JAN20-130-C,136.56,60.62,0.086,180.0,0.09,650.0,65.22,0.11957,-0.18386,0.0451,0.01732,0.66423
137.12,SYN.ETH-31JAN20,1578653946162,open,0.13,432.0,0.088,0.167,0.123337,66.19,0.086,0.0,ETH-31JAN20-150-P,136.56,63.42,0.121,180.0,0.128,180.0,71.63,0.11614,-0.18412,-0.06357,0.01632,-0.68723
137.12,SYN.ETH-31JAN20,1578653946162,open,0.0,787.0,0.001,0.011,0.001932,92.31,0.002,0.0,ETH-31JAN20-90-P,136.56,83.28,0.001,1210.0,0.003,396.0,99.78,0.01709,-0.03779,-0.00186,0.00172,-0.02182
137.12,SYN.ETH-31JAN20,1578653946164,open,0.04,273.0,0.018,0.072,0.037261,64.28,0.043,0.0,ETH-31JAN20-130-P,136.56,62.83,0.036,521.0,0.039,650.0,66.27,0.11959,-0.18412,-0.02926,0.0173,-0.33589
137.12,SYN.ETH-31JAN20,1578653946164,open,0.01,1300.0,0.001,0.022,0.008192,74.29,0.008,0.0,ETH-31JAN20-110-P,136.56,71.17,0.007,564.0,0.01,668.0,78.68,0.05408,-0.09624,-0.00785,0.00677,-0.0919
137.12,SYN.ETH-31JAN20,1578653946164,open,0.03,714.0,0.012,0.059,0.02932,66.1,0.029,0.0,ETH-31JAN20-150-C,136.56,64.53,0.028,240.0,0.031,675.0,68.07,0.11608,-0.18378,0.0222,0.01633,0.31244
137.12,SYN.ETH-31JAN20,1578653946164,open,0.01,566.0,0.001,0.028,0.010647,73.9,0.012,0.0,ETH-31JAN20-170-C,136.56,70.52,0.009,1215.0,0.012,950.0,76.51,0.06925,-0.12256,0.00933,0.00871,0.12967
137.12,SYN.ETH-31JAN20,1578653946164,open,0.25,1.0,0.209,0.295,0.250533,74.07,0.244,0.0,ETH-31JAN20-170-P,136.56,0.0,0.237,245.0,0.266,245.0,99.31,0.0695,-0.1233,-0.08785,0.00872,-0.86966
137.87,SYN.ETH-28FEB20,1578653946176,open,0.02,432.0,0.006,0.037,0.018095,81.47,0.017,0.0,ETH-28FEB20-100-P,136.56,79.87,0.017,260.0,0.019,260.0,82.78,0.0949,-0.0791,-0.02366,0.00458,-0.11006
137.87,SYN.ETH-28FEB20,1578653946176,open,0.01,779.0,0.001,0.024,0.010271,86.17,0.012,0.0,ETH-28FEB20-90-P,136.56,83.36,0.009,500.0,0.012,260.0,89.74,0.06434,-0.05672,-0.01399,0.00293,-0.06549
137.87,SYN.ETH-28FEB20,1578653946176,open,0.03,153.0,0.011,0.053,0.028971,75.9,0.022,0.0,ETH-28FEB20-110-P,136.56,75.93,0.029,260.0,0.03,40.0,77.0,0.12793,-0.09933,-0.03684,0.00662,-0.17055
137.87,SYN.ETH-28FEB20,1578653946176,open,0.18,60.0,0.142,0.214,0.17894,74.48,0.177,0.0,ETH-28FEB20-120-C,136.56,72.84,0.177,260.0,0.184,68.0,78.72,0.16341,-0.1245,0.10372,0.00862,0.74074
137.87,SYN.ETH-28FEB20,1578653946176,open,0.06,134.0,0.026,0.087,0.05469,75.19,0.056,0.0,ETH-28FEB20-160-C,136.56,73.93,0.053,392.0,0.056,650.0,76.16,0.18554,-0.14271,0.05328,0.00969,0.3433
137.87,SYN.ETH-28FEB20,1578653946176,open,0.05,92.0,0.024,0.081,0.04939,74.53,0.044,0.0,ETH-28FEB20-120-P,136.56,73.36,0.048,20.0,0.051,650.0,75.89,0.16343,-0.12461,-0.057,0.00862,-0.25935
137.87,SYN.ETH-28FEB20,1578653946179,open,0.14,29.0,0.097,0.171,0.134606,73.27,0.157,0.0,ETH-28FEB20-130-C,136.56,70.64,0.131,384.0,0.135,650.0,73.56,0.18909,-0.14174,0.09294,0.01014,0.63806
137.87,SYN.ETH-28FEB20,1578653946179,open,0.23,5.0,0.197,0.264,0.231058,75.83,0.229,0.0,ETH-28FEB20-110-C,136.56,53.66,0.213,60.0,0.252,59.0,96.9,0.12787,-0.0992,0.1105,0.00662,0.82959
137.87,SYN.ETH-28FEB20,1578653946179,open,0.1,67.0,0.063,0.136,0.099504,72.99,0.138,0.0,ETH-28FEB20-140-C,136.56,71.95,0.098,220.0,0.1,670.0,73.33,0.20069,-0.14984,0.07954,0.0108,0.53034
137.87,SYN.ETH-28FEB20,1578653946179,open,0.36,20.0,0.332,0.383,0.357434,86.07,0.328,0.0,ETH-28FEB20-90-C,136.56,0.0,0.347,3.0,0.367,39.0,103.64,0.06421,-0.05653,0.10657,0.00293,0.93469
137.87,SYN.ETH-28FEB20,1578653946179,open,0.12,14.0,0.075,0.157,0.115029,73.04,0.12,0.0,ETH-28FEB20-140-P,136.56,71.64,0.113,144.0,0.118,670.0,75.08,0.20069,-0.14995,-0.10793,0.0108,-0.46961
137.87,SYN.ETH-28FEB20,1578653946179,open,0.04,22.0,0.018,0.072,0.041617,77.29,0.041,0.0,ETH-28FEB20-170-C,136.56,75.13,0.039,392.0,0.043,670.0,78.42,0.16818,-0.13297,0.04299,0.00855,0.27448
137.87,SYN.ETH-28FEB20,1578653946179,open,0.16,0.0,0.117,0.208,0.161244,73.61,None,0.0,ETH-28FEB20-150-P,136.56,72.05,0.159,144.0,0.168,144.0,78.3,0.19809,-0.14918,-0.13514,0.01057,-0.57078
137.87,SYN.ETH-28FEB20,1578653946179,open,0.22,0.0,0.168,0.265,0.215291,75.25,None,0.0,ETH-28FEB20-160-P,136.56,19.32,0.161,1.0,0.0,0.0,0.0,0.18558,-0.14286,-0.16095,0.00969,-0.65649
137.87,SYN.ETH-28FEB20,1578653946179,open,0.29,21.0,0.263,0.323,0.29272,81.4,0.267,0.0,ETH-28FEB20-100-C,136.56,44.82,0.276,59.0,0.306,58.0,98.85,0.0948,-0.07894,0.11029,0.00458,0.8901
137.87,SYN.ETH-28FEB20,1578653946182,open,0.28,0.0,0.225,0.327,0.274755,77.36,None,0.0,ETH-28FEB20-170-P,136.56,0.0,0.001,5.0,0.0,0.0,0.0,0.16827,-0.13317,-0.18461,0.00855,-0.72524
137.87,SYN.ETH-28FEB20,1578653946182,open,0.41,0.0,0.352,0.459,0.403099,81.45,None,0.0,ETH-28FEB20-190-P,136.56,0.0,0.001,5.0,0.0,0.0,0.0,0.13097,-0.10912,-0.22637,0.00632,-0.82305
137.87,SYN.ETH-28FEB20,1578653946182,open,0.07,313.0,0.041,0.108,0.073182,73.56,0.103,0.0,ETH-28FEB20-150-C,136.56,72.73,0.072,364.0,0.075,650.0,74.82,0.19808,-0.14906,0.06571,0.01058,0.42909
137.87,SYN.ETH-28FEB20,1578653946182,open,0.03,205.0,0.008,0.05,0.024886,81.34,0.028,0.0,ETH-28FEB20-190-C,136.56,79.33,0.023,372.0,0.026,670.0,82.51,0.13077,-0.10882,0.028,0.00632,0.17654
137.87,SYN.ETH-28FEB20,1578653946182,open,0.03,464.0,0.012,0.059,0.031869,79.22,0.044,0.0,ETH-28FEB20-180-C,136.56,77.48,0.03,392.0,0.033,650.0,80.26,0.14907,-0.12081,0.03459,0.00739,0.21921
137.87,SYN.ETH-28FEB20,1578653946182,open,0.34,0.0,0.287,0.392,0.337544,79.31,None,0.0,ETH-28FEB20-180-P,136.56,0.0,0.001,5.0,0.0,0.0,0.0,0.14921,-0.12106,-0.2064,0.00739,-0.78044
7901.8,BTC-27MAR20,1578653946251,open,2.04,0.0,1.9785,2.1105,2.0400687,104.21,None,0.0,BTC-27MAR20-24000-P,7762.51,0.0,0.0005,5.0,0.0,0.0,0.0,1.64954,-1.11799,-50.2855,1e-05,-0.98142
8065.04,BTC-26JUN20,1578653946251,open,0.03,1007.2,0.0125,0.0715,0.03269883,93.37,0.032,0.0,BTC-26JUN20-20000-C,7762.51,92.18,0.031,1.0,0.034,15.0,94.26,11.68397,-3.2491,3.67778,4e-05,0.13185
8065.04,BTC-26JUN20,1578653946251,open,0.01,223.0,0.0035,0.04,0.01336109,104.68,0.013,0.0,BTC-26JUN20-32000-C,7762.51,102.85,0.012,27.3,0.0145,31.0,106.13,6.20072,-1.93331,1.59407,2e-05,0.05633
7901.78,BTC-27MAR20,1578653946252,open,0.79,60.2,0.7435,0.841,0.78719392,84.05,0.79,0.0,BTC-27MAR20-14000-P,7762.51,0.0,0.69,1.0,0.81,1.0,106.69,6.29647,-3.44218,-28.10348,6e-05,-0.90145
8065.04,BTC-26JUN20,1578653946252,open,0.04,343.6,0.0205,0.0685,0.03923434,76.95,0.0385,0.0,BTC-26JUN20-5000-P,7762.51,75.29,0.037,39.4,0.0415,14.7,78.61,10.91494,-2.50168,-5.89136,5e-05,-0.11959
7800.37,SYN.BTC-31JAN20,1578653946252,open,0.17,51.2,0.153,0.196,0.17354968,61.3,0.17,0.0,BTC-31JAN20-6500-C,7762.51,0.0,0.152,7.0,0.1855,7.0,85.21,3.1256,-4.58929,3.26822,0.00015,0.90612
7774.99,SYN.BTC-17JAN20,1578653946251,open,0.03,264.9,0.0145,0.0585,0.02759465,47.49,0.028,0.0,BTC-17JAN20-7750-C,7762.51,45.48,0.0265,39.3,0.028,7.2,48.23,4.24289,-14.65225,0.73974,0.00078,0.53267
7787.68,SYN.BTC-24JAN20,1578653946251,open,0.01,41.2,0.0005,0.0275,0.00842184,54.7,0.0085,0.0,BTC-24JAN20-7000-P,7762.51,53.75,0.008,21.0,0.0085,30.0,54.88,3.47933,-6.85862,-0.45763,0.00028,-0.14616
7901.78,BTC-27MAR20,1578653946253,open,2.3,0.0,2.2265,2.3675,2.29264707,107.35,None,0.0,BTC-27MAR20-26000-P,7762.51,0.0,0.0,0.0,0.0,0.0,0.0,1.37022,-0.9567,-54.54922,1e-05,-0.98504
7787.68,SYN.BTC-24JAN20,1578653946251,open,0.01,43.1,0.0005,0.016,0.00445473,61.59,0.006,0.0,BTC-24JAN20-9250-C,7762.51,60.05,0.004,16.2,0.005,42.5,63.34,2.36029,-5.23819,0.2381,0.00017,0.08488
8185.7,SYN.BTC-25SEP20,1578653946250,open,0.27,33.4,0.2175,0.324,0.26626062,78.08,0.292,0.0,BTC-25SEP20-8000-C,7762.51,76.89,0.2625,9.1,0.2765,9.1,81.35,25.74202,-3.88222,21.81177,7e-05,0.64196
7774.99,SYN.BTC-17JAN20,1578653946251,open,0.03,155.1,0.012,0.0565,0.02440362,47.53,0.0245,0.0,BTC-17JAN20-7750-P,7762.51,46.79,0.024,18.5,0.025,0.3,48.62,4.2429,-14.66543,-0.72021,0.00078,-0.46734
8185.7,SYN.BTC-25SEP20,1578653946251,open,0.17,57.3,0.117,0.2295,0.16665677,80.45,0.1895,0.0,BTC-25SEP20-11000-C,7762.51,80.7,0.1675,13.8,0.176,8.8,83.24,27.37197,-4.25321,17.10098,7e-05,0.46121
7774.99,SYN.BTC-17JAN20,1578653946251,open,0.01,1332.5,0.0005,0.0305,0.00845495,52.23,0.0085,0.0,BTC-17JAN20-8250-C,7762.51,49.8,0.0075,44.5,0.0085,1.5,52.34,3.11258,-11.82206,0.30157,0.00052,0.21436
7774.99,SYN.BTC-17JAN20,1578653946251,open,0.02,276.5,0.0055,0.043,0.01540709,49.5,0.0145,0.0,BTC-17JAN20-8000-C,7762.51,47.71,0.0145,23.7,0.016,1.5,50.66,3.95159,-14.22366,0.48969,0.0007,0.34976
8185.7,SYN.BTC-25SEP20,1578653946251,open,0.25,15.2,0.1915,0.3075,0.243596,78.09,0.2445,0.0,BTC-25SEP20-8000-P,7762.51,75.36,0.235,6.5,0.2465,11.5,79.01,25.74178,-3.88253,-34.9288,7e-05,-0.35803
8185.7,SYN.BTC-25SEP20,1578653946251,open,2.47,0.0,2.371,2.5715,2.46034521,96.22,None,0.0,BTC-25SEP20-28000-P,7762.51,0.0,0.0,0.0,0.0,0.0,0.0,14.81177,-2.75263,-193.17797,3e-05,-0.86704
7787.68,SYN.BTC-24JAN20,1578653946251,open,0.08,0.0,0.064,0.1135,0.08330897,52.74,None,0.0,BTC-24JAN20-7250-C,7762.51,24.9,0.0705,7.0,0.099,7.0,77.43,4.58219,-8.70775,2.04043,0.00038,0.77252
7787.68,SYN.BTC-24JAN20,1578653946251,open,0.06,16.6,0.043,0.093,0.06084847,51.99,0.0585,0.0,BTC-24JAN20-7500-C,7762.51,47.97,0.058,24.6,0.062,18.0,53.61,5.54153,-10.38184,1.78413,0.00046,0.66349
7774.99,SYN.BTC-17JAN20,1578653946260,open,0.07,131.8,0.048,0.101,0.06957417,52.29,0.072,0.0,BTC-17JAN20-8250-P,7762.51,0.0,0.054,9.2,0.0785,8.0,72.53,3.1151,-11.84565,-1.25213,0.00052,-0.78535
143.01,SYN.ETH-25SEP20,1578653946433,open,0.71,0.0,0.617,0.805,0.709156,93.04,None,0.0,ETH-25SEP20-220-P,136.56,0.0,0.0,0.0,0.733,1.0,100.2,0.47452,-0.08527,-1.29005,0.00352,-0.56273
143.02,SYN.ETH-25SEP20,1578653946482,open,0.43,0.0,0.375,0.472,0.424945,89.07,None,0.0,ETH-25SEP20-100-C,136.56,76.15,0.395,52.0,0.456,52.0,102.32,0.33424,-0.0575,0.38341,0.00259,0.80291
143.01,SYN.ETH-25SEP20,1578653946488,open,0.07,317.0,0.038,0.105,0.068676,89.62,0.06,0.0,ETH-25SEP20-80-P,136.56,87.5,0.065,650.0,0.073,170.0,92.09,0.24888,-0.04308,-0.19715,0.00191,-0.1257
143.01,SYN.ETH-25SEP20,1578653946488,open,0.3,23.0,0.238,0.359,0.299999,89.09,0.297,0.0,ETH-25SEP20-140-C,136.56,87.8,0.296,470.0,0.308,160.0,91.68,0.44291,-0.07621,0.3618,0.00343,0.6567
143.01,SYN.ETH-25SEP20,1578653946488,open,0.22,180.0,0.152,0.278,0.215545,89.09,0.239,0.0,ETH-25SEP20-180-C,136.56,89.22,0.216,5.0,0.229,120.0,93.11,0.47935,-0.08248,0.31622,0.00371,0.52731
143.01,SYN.ETH-25SEP20,1578653946488,open,0.03,812.0,0.014,0.055,0.031382,91.95,0.028,0.0,ETH-25SEP20-60-P,136.56,89.7,0.029,650.0,0.034,170.0,94.34,0.15392,-0.02733,-0.09844,0.00115,-0.06567
143.01,SYN.ETH-25SEP20,1578653946489,open,0.36,0.0,0.299,0.411,0.356325,89.09,0.359,0.0,ETH-25SEP20-120-C,136.56,81.12,0.334,160.0,0.374,160.0,95.45,0.39916,-0.06869,0.37771,0.00309,0.72872
143.01,SYN.ETH-25SEP20,1578653946488,open,0.25,178.0,0.19,0.315,0.253707,89.09,0.267,0.0,ETH-25SEP20-160-C,136.56,88.26,0.251,558.0,0.263,120.0,91.93,0.46841,-0.0806,0.34029,0.00362,0.5892
143.01,SYN.ETH-25SEP20,1578653946490,open,0.19,53.0,0.129,0.256,0.19207,91.51,0.21,0.0,ETH-25SEP20-200-C,136.56,90.0,0.187,760.0,0.2,110.0,93.87,0.47987,-0.08481,0.29213,0.00362,0.48009
137.87,SYN.ETH-28FEB20,1578653946635,open,0.43,0.0,0.404,0.449,0.426097,94.24,None,0.0,ETH-28FEB20-80-C,136.56,0.0,0.419,1.0,0.433,42.0,112.14,0.04347,-0.04191,0.09857,0.00181,0.96
137.87,SYN.ETH-28FEB20,1578653946635,open,0.01,688.0,0.001,0.017,0.006355,94.24,0.008,0.0,ETH-28FEB20-80-P,136.56,89.67,0.005,500.0,0.008,332.0,99.15,0.04347,-0.04191,-0.00856,0.00181,-0.04
137.87,SYN.ETH-28FEB20,1578653946635,open,0.02,154.0,0.006,0.043,0.019852,83.61,0.018,0.0,ETH-28FEB20-200-C,136.56,81.33,0.018,439.0,0.021,670.0,84.98,0.11441,-0.09786,0.0229,0.00538,0.14391
137.87,SYN.ETH-28FEB20,1578653946635,open,0.47,0.0,0.418,0.528,0.470497,83.61,None,0.0,ETH-28FEB20-200-P,136.56,0.0,0.001,5.0,0.0,0.0,0.0,0.11441,-0.09786,-0.24491,0.00538,-0.85609
140.91,ETH-26JUN20,1578653946661,open,0.3,321.0,0.249,0.351,0.301092,88.92,0.314,0.0,ETH-26JUN20-120-C,136.56,71.07,0.26,49.0,0.309,180.0,92.36,0.32447,-0.08594,0.26821,0.004,0.71494
138.62,ETH-27MAR20,1578653946665,open,0.32,1125.0,0.281,0.35,0.315886,85.39,0.346,0.0,ETH-27MAR20-100-C,136.56,55.83,0.289,42.0,0.338,42.0,104.71,0.14943,-0.08299,0.15545,0.00432,0.84833
140.91,ETH-26JUN20,1578653946667,open,0.48,0.0,0.444,0.513,0.478279,92.62,None,0.0,ETH-26JUN20-80-C,136.56,67.62,0.45,49.0,0.499,49.0,107.88,0.18217,-0.05025,0.26546,0.00215,0.88787
140.91,ETH-26JUN20,1578653946944,open,0.6,3.0,0.571,0.619,0.594577,99.0,0.588,0.0,ETH-26JUN20-60-C,136.56,60.54,0.576,53.0,0.602,53.0,108.36,0.10476,-0.03089,0.22776,0.00116,0.94601
7774.97,SYN.BTC-17JAN20,1578653946989,open,0.07,100.8,0.054,0.1,0.07312329,50.88,0.0705,0.0,BTC-17JAN20-7250-C,7762.51,34.87,0.069,0.1,0.0815,7.0,73.27,2.489,-9.20847,1.1377,0.00043,0.84992
7774.97,SYN.BTC-17JAN20,1578653946991,open,0.07,100.8,0.054,0.1,0.07312329,50.88,0.0705,0.0,BTC-17JAN20-7250-C,7762.51,34.87,0.069,0.1,0.0815,8.6,73.27,2.489,-9.20847,1.1377,0.00043,0.84992
7774.97,SYN.BTC-17JAN20,1578653947020,open,0.07,100.8,0.054,0.1,0.07312329,50.88,0.0705,0.0,BTC-17JAN20-7250-C,7762.51,34.87,0.069,0.1,0.081,7.0,72.06,2.489,-9.20847,1.1377,0.00043,0.84992
143.01,SYN.ETH-25SEP20,1578653947081,open,0.05,0.0,0.02,0.105,0.054519,106.99,None,0.0,ETH-25SEP20-520-C,136.56,104.77,0.05,650.0,0.059,650.0,109.11,0.29661,-0.06129,0.11003,0.00191,0.163
143.01,SYN.ETH-25SEP20,1578653947081,open,2.69,0.0,2.554,2.844,2.690428,106.87,None,0.0,ETH-25SEP20-520-P,136.56,0.0,0.0,0.0,0.0,0.0,0.0,0.29597,-0.06109,-3.57835,0.00191,-0.83754
7774.97,SYN.BTC-17JAN20,1578653947345,open,0.01,232.8,0.0005,0.021,0.0047249,55.43,0.0045,0.0,BTC-17JAN20-8500-C,7762.65,52.83,0.004,50.0,0.005,0.9,56.38,2.23864,-9.02442,0.1812,0.00035,0.12844
138.61,ETH-27MAR20,1578653947346,open,0.37,0.0,0.344,0.404,0.373592,87.37,None,0.0,ETH-27MAR20-90-C,136.56,50.68,0.353,42.0,0.391,42.0,106.79,0.11222,-0.06377,0.15347,0.00317,0.89929
138.61,ETH-27MAR20,1578653947346,open,0.5,0.0,0.483,0.527,0.504472,99.67,None,0.0,ETH-27MAR20-70-C,136.56,67.18,0.496,46.0,0.513,46.0,117.08,0.05759,-0.03733,0.13225,0.00143,0.95749
8185.68,SYN.BTC-25SEP20,1578653947347,open,0.07,136.0,0.0325,0.122,0.06665756,90.2,0.066,0.0,BTC-25SEP20-20000-C,7762.65,89.1,0.064,0.1,0.069,0.5,91.15,20.02988,-3.48931,8.49233,5e-05,0.21293
8065.04,BTC-26JUN20,1578653947355,open,0.08,378.4,0.049,0.119,0.07867971,76.95,0.0715,0.0,BTC-26JUN20-6000-P,7762.65,75.03,0.075,8.0,0.0785,5.3,76.86,15.49159,-3.55046,-10.48262,7e-05,-0.20392
8065.04,BTC-26JUN20,1578653947358,open,0.08,378.4,0.049,0.119,0.07867971,76.95,0.0715,0.0,BTC-26JUN20-6000-P,7762.65,75.03,0.075,8.0,0.0785,0.3,76.86,15.49159,-3.55046,-10.48262,7e-05,-0.20392
136.74,SYN.ETH-17JAN20,1578653947618,open,0.13,3.0,0.097,0.154,0.12603,69.92,0.128,0.0,ETH-17JAN20-120-C,136.56,0.0,0.122,60.0,0.129,60.0,82.59,0.02775,-0.14108,0.02047,0.01127,0.92059
136.74,SYN.ETH-17JAN20,1578653947620,open,0.06,294.0,0.032,0.092,0.061219,56.97,0.058,0.0,ETH-17JAN20-130-C,136.56,54.12,0.06,650.0,0.061,12.0,56.47,0.05918,-0.24519,0.01783,0.02949,0.7536
136.74,SYN.ETH-17JAN20,1578653947620,open,0.05,112.0,0.018,0.079,0.044829,56.87,0.047,0.0,ETH-17JAN20-140-P,136.56,53.4,0.043,650.0,0.047,650.0,60.96,0.07234,-0.29914,-0.0167,0.03611,-0.60354
136.74,SYN.ETH-17JAN20,1578653947622,open,0.11,267.0,0.069,0.14,0.103631,63.31,0.103,0.0,ETH-17JAN20-150-P,136.56,54.44,0.101,60.0,0.107,60.0,72.92,0.04444,-0.20457,-0.02447,0.01993,-0.84649
140.91,ETH-26JUN20,1578653947657,open,0.38,1.0,0.339,0.43,0.385211,92.6,0.38,0.0,ETH-26JUN20-100-C,136.56,70.32,0.345,48.0,0.407,48.0,104.16,0.26337,-0.07264,0.27217,0.00311,0.80513
140.91,ETH-26JUN20,1578653947663,open,0.38,1.0,0.339,0.43,0.385211,92.6,0.38,0.0,ETH-26JUN20-100-C,136.56,69.73,0.344,48.0,0.407,48.0,104.16,0.26337,-0.07264,0.27217,0.00311,0.80513
140.91,ETH-26JUN20,1578653947665,open,0.38,1.0,0.339,0.43,0.385211,92.6,0.38,0.0,ETH-26JUN20-100-C,136.56,69.73,0.344,48.0,0.408,48.0,104.69,0.26337,-0.07264,0.27217,0.00311,0.80513
143.01,SYN.ETH-25SEP20,1578653947761,open,0.09,14.0,0.042,0.146,0.087984,100.3,0.078,0.0,ETH-25SEP20-360-C,136.56,98.42,0.083,597.0,0.093,100.0,102.15,0.38371,-0.07433,0.16557,0.00264,0.25123
143.01,SYN.ETH-25SEP20,1578653947761,open,0.07,45.0,0.028,0.121,0.06756,103.87,0.057,0.0,ETH-25SEP20-440-C,136.56,101.9,0.063,630.0,0.072,708.0,105.74,0.33553,-0.06731,0.13269,0.00223,0.19838
143.01,SYN.ETH-25SEP20,1578653947761,open,0.1,61.0,0.053,0.164,0.103331,98.44,0.12,0.0,ETH-25SEP20-320-C,136.56,96.22,0.097,750.0,0.109,702.0,100.4,0.41143,-0.07822,0.18807,0.00288,0.28876
143.01,SYN.ETH-25SEP20,1578653947761,open,2.14,0.0,2.02,2.283,2.144099,103.78,None,0.0,ETH-25SEP20-440-P,136.56,0.0,0.0,0.0,0.0,0.0,0.0,0.33509,-0.06716,-2.98822,0.00223,-0.80205
143.01,SYN.ETH-25SEP20,1578653947761,open,0.06,67.0,0.024,0.112,0.060223,105.41,0.055,0.0,ETH-25SEP20-480-C,136.56,103.46,0.056,642.0,0.064,100.0,107.1,0.31464,-0.06406,0.12022,0.00206,0.17875
143.01,SYN.ETH-25SEP20,1578653947763,open,2.42,0.0,2.286,2.563,2.416447,105.3,None,0.0,ETH-25SEP20-480-P,136.56,0.0,0.0,0.0,0.0,0.0,0.0,0.3141,-0.06388,-3.28443,0.00206,-0.82174
136.93,SYN.ETH-24JAN20,1578653947892,open,0.01,21.0,0.001,0.027,0.009842,66.69,0.011,0.0,ETH-24JAN20-120-P,136.56,64.72,0.009,300.0,0.011,650.0,69.31,0.05944,-0.14285,-0.0078,0.01251,-0.14007
136.93,SYN.ETH-24JAN20,1578653947892,open,0.0,20.0,0.001,0.015,0.004271,76.79,0.004,0.0,ETH-24JAN20-110-P,136.56,70.98,0.003,950.0,0.005,300.0,79.73,0.03266,-0.09037,-0.00345,0.00597,-0.06208
136.93,SYN.ETH-24JAN20,1578653947895,open,0.13,0.0,0.103,0.163,0.133493,66.72,None,0.0,ETH-24JAN20-120-C,136.56,58.04,0.13,60.0,0.137,60.0,74.37,0.05947,-0.14296,0.03781,0.01251,0.85985
136.93,SYN.ETH-24JAN20,1578653947897,open,0.02,3.0,0.004,0.039,0.017789,64.15,0.021,0.0,ETH-24JAN20-150-C,136.56,62.88,0.017,240.0,0.018,10.0,64.49,0.08531,-0.19721,0.01222,0.01866,0.25261
136.93,SYN.ETH-24JAN20,1578653947897,open,0.03,4.0,0.008,0.051,0.025726,61.7,0.028,0.0,ETH-24JAN20-130-P,136.56,59.18,0.024,240.0,0.027,650.0,63.54,0.09437,-0.20981,-0.01755,0.02146,-0.3114
136.93,SYN.ETH-24JAN20,1578653947899,open,0.12,0.0,0.077,0.152,0.113225,64.13,None,0.0,ETH-24JAN20-150-P,136.56,60.5,0.111,60.0,0.118,60.0,71.59,0.08529,-0.1971,-0.0448,0.01866,-0.74748
137.12,SYN.ETH-31JAN20,1578653948095,open,0.01,2223.0,0.001,0.02,0.006729,77.66,0.007,0.0,ETH-31JAN20-180-C,136.56,75.65,0.006,520.0,0.007,100.0,78.39,0.05102,-0.09491,0.00614,0.00611,0.08499
138.61,ETH-27MAR20,1578653948099,open,0.25,4565.0,0.196,0.309,0.251418,83.17,0.209,0.0,ETH-27MAR20-160-P,136.56,79.59,0.245,144.0,0.258,144.0,86.82,0.24947,-0.13494,-0.24081,0.00741,-0.57344
140.9,ETH-26JUN20,1578653948104,open,0.24,819.0,0.183,0.293,0.239472,88.94,0.261,0.0,ETH-26JUN20-140-C,136.56,86.81,0.234,180.0,0.245,625.0,91.08,0.36308,-0.09617,0.24826,0.00447,0.62255
143.01,SYN.ETH-25SEP20,1578653948144,open,0.05,54.0,0.018,0.099,0.049784,108.47,0.059,0.0,ETH-25SEP20-560-C,136.56,106.5,0.046,617.0,0.054,650.0,110.58,0.28048,-0.05876,0.10138,0.00178,0.14974
138.61,ETH-27MAR20,1578653948156,open,0.44,20.0,0.412,0.463,0.437195,92.05,0.613,0.0,ETH-27MAR20-80-C,136.56,44.24,0.423,45.0,0.45,44.0,111.08,0.08087,-0.04842,0.14526,0.00217,0.93477
138.61,ETH-27MAR20,1578653948156,open,0.01,1012.0,0.005,0.031,0.014313,91.98,0.015,0.0,ETH-27MAR20-80-P,136.56,89.68,0.013,320.0,0.017,580.0,96.42,0.08077,-0.04832,-0.02319,0.00217,-0.06512
137.12,SYN.ETH-31JAN20,1578653948156,open,0.08,808.0,0.045,0.115,0.072628,63.9,0.079,0.0,ETH-31JAN20-140-P,136.56,62.19,0.071,420.0,0.075,670.0,66.39,0.13059,-0.19986,-0.04678,0.01901,-0.52383
138.61,ETH-27MAR20,1578653948162,open,0.14,680.0,0.099,0.185,0.142709,80.71,0.145,0.0,ETH-27MAR20-140-C,136.56,78.11,0.138,814.0,0.147,700.0,83.09,0.25062,-0.13156,0.12266,0.00767,0.56288
138.61,ETH-27MAR20,1578653948162,open,0.62,30.0,0.559,0.692,0.622475,91.1,0.554,0.0,ETH-27MAR20-220-P,136.56,0.0,0.58,16.0,0.668,16.0,123.0,0.1699,-0.10067,-0.4196,0.00461,-0.81483
140.9,ETH-26JUN20,1578653948162,open,3.0,0.0,2.865,3.143,2.995286,113.25,None,0.0,ETH-26JUN20-560-P,136.56,0.0,0.01,50.0,0.0,0.0,0.0,0.14054,-0.0474,-2.53802,0.00136,-0.92113
138.61,ETH-27MAR20,1578653948162,open,0.0,2448.0,0.001,0.012,0.002807,120.01,0.005,0.0,ETH-27MAR20-520-C,136.56,115.28,0.002,3206.0,0.004,650.0,125.5,0.02652,-0.0207,0.00408,0.00055,0.01678
137.12,SYN.ETH-31JAN20,1578653948162,open,0.0,1626.0,0.001,0.015,0.004121,89.89,0.003,0.0,ETH-31JAN20-200-C,136.56,84.9,0.003,950.0,0.005,975.0,93.28,0.03362,-0.0724,0.00357,0.00348,0.04964
138.61,ETH-27MAR20,1578653948168,open,0.22,158.0,0.173,0.256,0.215623,81.55,0.211,0.0,ETH-27MAR20-120-C,136.56,77.28,0.209,68.0,0.222,48.0,85.65,0.21544,-0.11427,0.14621,0.00653,0.71645
137.12,SYN.ETH-31JAN20,1578653948170,open,0.0,4174.0,0.001,0.013,0.003911,82.53,0.006,0.0,ETH-31JAN20-100-P,136.56,78.21,0.003,950.0,0.005,300.0,87.05,0.03095,-0.06118,-0.00382,0.00349,-0.04476
