underlying_price,underlying_index,timestamp,state,settlement_price,open_interest,min_price,max_price,mark_price,mark_iv,last_price,interest_rate,instrument_name,index_price,bid_iv,best_bid_price,best_bid_amount,best_ask_price,best_ask_amount,ask_iv,vega,theta,rho,gamma,delta
198.85,ETH-26JUN20,1580727540179,open,2.0,0.0,1.934,2.144,2.032666,98.49,None,0.0,ETH-26JUN20-600-P,187.68,0.0,0.01,50.0,0.0,0.0,0.0,0.16738,-0.05729,-2.32232,0.00109,-0.93014
198.85,ETH-26JUN20,1580727540179,open,0.01,1009.0,0.001,0.022,0.009969,94.72,0.01,0.0,ETH-26JUN20-80-P,187.68,92.61,0.009,650.0,0.011,200.0,96.86,0.09361,-0.03081,-0.03426,0.00063,-0.03374
192.86,ETH-27MAR20,1580727540179,open,2.27,0.0,2.222,2.424,2.319243,115.75,None,0.0,ETH-27MAR20-640-P,187.68,0.0,0.01,50.0,0.0,0.0,0.0,0.01279,-0.014,-0.92563,0.00021,-0.99383
192.86,ETH-27MAR20,1580727540179,open,0.22,3236.0,0.179,0.252,0.216051,80.17,0.222,0.0,ETH-27MAR20-160-C,187.68,75.66,0.211,320.0,0.227,10.0,89.65,0.2186,-0.16571,0.15694,0.00506,0.77779
198.85,ETH-26JUN20,1580727540180,open,0.21,305.0,0.158,0.275,0.21539,85.61,0.2,0.0,ETH-26JUN20-200-P,187.68,82.56,0.208,180.0,0.22,399.0,87.51,0.48176,-0.14333,-0.48095,0.00361,-0.3982
198.85,ETH-26JUN20,1580727540179,open,0.04,1429.0,0.019,0.068,0.040314,87.42,0.038,0.0,ETH-26JUN20-120-P,187.68,86.35,0.039,541.0,0.042,1.0,88.79,0.244,-0.07413,-0.12262,0.00179,-0.11612
198.84,ETH-26JUN20,1580727540181,open,1.61,0.0,1.548,1.74,1.638,96.61,None,0.0,ETH-26JUN20-520-P,187.68,0.0,0.01,50.0,0.0,0.0,0.0,0.21905,-0.07354,-1.98927,0.00145,-0.90003
198.84,ETH-26JUN20,1580727540181,open,1.8,0.0,1.741,1.941,1.834667,97.31,None,0.0,ETH-26JUN20-560-P,187.68,0.0,0.01,50.0,0.0,0.0,0.0,0.1897,-0.06415,-2.15723,0.00125,-0.91765
198.84,ETH-26JUN20,1580727540181,open,2.19,0.0,2.129,2.347,2.23142,99.36,None,0.0,ETH-26JUN20-640-P,187.68,0.0,0.01,50.0,0.0,0.0,0.0,0.14707,-0.05079,-2.48638,0.00095,-0.94084
192.86,ETH-27MAR20,1580727540183,open,0.08,1776.0,0.051,0.126,0.086685,80.06,0.075,0.0,ETH-27MAR20-180-P,187.68,77.45,0.083,670.0,0.088,476.0,80.99,0.27257,-0.20635,-0.12268,0.00632,-0.35241
188.07,SYN.ETH-7FEB20,1580727540179,open,0.03,433.0,0.009,0.066,0.034744,70.99,0.033,0.0,ETH-7FEB20-190-P,187.68,61.82,0.031,180.0,0.037,455.0,76.5,0.0769,-0.70433,-0.0115,0.02884,-0.54102
190.13,SYN.ETH-28FEB20,1580727540182,open,0.07,153.0,0.043,0.113,0.076298,73.72,0.068,0.0,ETH-28FEB20-190-P,187.68,69.57,0.072,614.0,0.078,164.0,75.36,0.19703,-0.29194,-0.06953,0.01085,-0.46029
190.13,SYN.ETH-28FEB20,1580727540181,open,0.02,1413.0,0.004,0.037,0.01655,81.56,0.019,0.0,ETH-28FEB20-240-C,187.68,79.09,0.015,217.0,0.018,1022.0,83.79,0.1216,-0.19935,0.01881,0.00605,0.16169
188.07,SYN.ETH-7FEB20,1580727540180,open,0.03,1468.0,0.004,0.052,0.024534,71.12,0.023,0.0,ETH-7FEB20-190-C,187.68,67.37,0.023,10.0,0.026,501.0,74.71,0.07691,-0.70565,0.00868,0.02879,0.4591
190.13,SYN.ETH-28FEB20,1580727540179,open,0.01,3123.0,0.003,0.03,0.012058,82.79,0.012,0.0,ETH-28FEB20-250-C,187.68,80.76,0.011,240.0,0.013,494.0,84.53,0.1012,-0.16841,0.01442,0.00496,0.12331
190.13,SYN.ETH-28FEB20,1580727540179,open,0.05,106.0,0.024,0.083,0.050992,73.74,0.042,0.0,ETH-28FEB20-180-P,187.68,69.61,0.047,1350.0,0.052,192.0,74.78,0.18418,-0.27298,-0.05219,0.01014,-0.35176
203.81,SYN.ETH-25SEP20,1580727540181,open,0.12,342.0,0.064,0.172,0.114565,90.4,0.115,0.0,ETH-25SEP20-360-C,187.68,88.84,0.11,285.0,0.119,482.0,91.91,0.59669,-0.11483,0.29112,0.00247,0.33654
203.81,SYN.ETH-25SEP20,1580727540179,open,0.05,55.0,0.017,0.09,0.046957,96.62,0.055,0.0,ETH-25SEP20-600-C,187.68,94.53,0.043,299.0,0.051,354.0,98.68,0.3934,-0.08092,0.14473,0.00152,0.15732
190.13,SYN.ETH-28FEB20,1580727540179,open,0.0,899.0,0.001,0.015,0.004924,92.58,0.003,0.0,ETH-28FEB20-130-P,187.68,88.65,0.004,780.0,0.006,1215.0,96.7,0.04718,-0.0878,-0.00649,0.00207,-0.04516
188.07,SYN.ETH-7FEB20,1580727540182,open,0.16,166.0,0.124,0.178,0.150736,90.92,0.158,0.0,ETH-7FEB20-160-C,187.68,0.0,0.149,1.0,0.167,50.0,178.82,0.01608,-0.18865,0.0162,0.00471,0.96181
203.81,SYN.ETH-25SEP20,1580727540183,open,2.14,0.0,2.067,2.312,2.181626,97.28,None,0.0,ETH-25SEP20-640-P,187.68,0.0,0.0,0.0,0.0,0.0,0.0,0.3655,-0.07569,-3.98787,0.00141,-0.85909
203.81,SYN.ETH-25SEP20,1580727540195,open,0.1,505.0,0.05,0.151,0.096298,91.7,0.097,0.0,ETH-25SEP20-400-C,187.68,90.13,0.092,20.0,0.1,103.0,93.04,0.56105,-0.10953,0.2561,0.00229,0.29157
203.81,SYN.ETH-25SEP20,1580727540199,open,0.1,505.0,0.05,0.151,0.096298,91.7,0.097,0.0,ETH-25SEP20-400-C,187.68,90.13,0.092,308.0,0.1,103.0,93.04,0.56105,-0.10953,0.2561,0.00229,0.29157
192.86,ETH-27MAR20,1580727540260,open,0.59,20.0,0.573,0.602,0.587032,111.25,0.613,0.0,ETH-27MAR20-80-C,187.68,0.0,0.578,50.0,0.596,50.0,154.37,0.02129,-0.02239,0.1123,0.00036,0.98898
203.81,SYN.ETH-25SEP20,1580727540268,open,0.63,0.0,0.606,0.651,0.627978,90.76,None,0.0,ETH-25SEP20-80-C,187.68,64.76,0.612,56.0,0.641,56.0,105.05,0.1676,-0.03238,0.42282,0.00069,0.95038
203.81,SYN.ETH-25SEP20,1580727540451,open,0.56,0.0,0.519,0.581,0.549752,89.14,None,0.0,ETH-25SEP20-100-C,187.68,67.88,0.526,53.0,0.567,53.0,101.91,0.26107,-0.04954,0.4751,0.0011,0.91201
198.85,ETH-26JUN20,1580727540453,open,0.44,318.0,0.403,0.471,0.436867,87.44,0.379,0.0,ETH-26JUN20-120-C,187.68,64.14,0.412,47.0,0.459,47.0,104.4,0.24404,-0.07416,0.35036,0.00179,0.88385
198.85,ETH-26JUN20,1580727540460,open,0.44,318.0,0.403,0.471,0.436867,87.44,0.379,0.0,ETH-26JUN20-120-C,187.68,62.97,0.411,47.0,0.459,47.0,104.4,0.24404,-0.07416,0.35036,0.00179,0.88385
198.85,ETH-26JUN20,1580727540462,open,0.44,318.0,0.403,0.471,0.436867,87.44,0.379,0.0,ETH-26JUN20-120-C,187.68,62.97,0.411,47.0,0.46,47.0,105.13,0.24404,-0.07416,0.35036,0.00179,0.88385
9755.08,BTC-26JUN20,1580727540511,open,0.16,617.6,0.119,0.202,0.15682721,67.17,0.1595,0.0,BTC-26JUN20-10000-C,9299.34,66.63,0.1555,0.8,0.158,11.0,67.64,24.15283,-5.63779,15.5194,0.0001,0.56043
188.76,SYN.ETH-14FEB20,1580727540561,open,0.12,2.0,0.081,0.144,0.112953,72.97,0.09,0.0,ETH-14FEB20-170-C,187.68,73.07,0.113,20.0,0.116,598.0,79.39,0.08718,-0.29248,0.03944,0.01125,0.81429
188.76,SYN.ETH-14FEB20,1580727540564,open,0.12,2.0,0.081,0.144,0.112953,72.97,0.09,0.0,ETH-14FEB20-170-C,187.68,70.89,0.112,650.0,0.116,598.0,79.39,0.08718,-0.29248,0.03944,0.01125,0.81429
188.76,SYN.ETH-14FEB20,1580727540569,open,0.08,33.0,0.042,0.106,0.074364,70.85,0.087,0.0,ETH-14FEB20-180-C,187.68,68.65,0.073,20.0,0.077,650.0,75.07,0.11749,-0.38271,0.03369,0.01562,0.67346
188.76,SYN.ETH-14FEB20,1580727540571,open,0.08,33.0,0.042,0.106,0.074364,70.85,0.087,0.0,ETH-14FEB20-180-C,187.68,67.04,0.072,830.0,0.077,650.0,75.07,0.11749,-0.38271,0.03369,0.01562,0.67346
188.76,SYN.ETH-14FEB20,1580727540571,open,0.02,45.0,0.008,0.055,0.027928,70.77,0.027,0.0,ETH-14FEB20-180-P,187.68,66.04,0.025,601.0,0.029,915.0,72.49,0.11747,-0.38221,-0.01993,0.01564,-0.3264
188.76,SYN.ETH-14FEB20,1580727540573,open,0.05,97.0,0.016,0.071,0.042266,65.87,0.045,0.0,ETH-14FEB20-190-C,187.68,66.94,0.043,821.0,0.047,602.0,72.75,0.12998,-0.39365,0.02572,0.01859,0.49962
190.13,SYN.ETH-28FEB20,1580727540587,open,0.02,271.0,0.006,0.04,0.019385,76.18,0.016,0.0,ETH-28FEB20-160-P,187.68,74.04,0.018,1093.0,0.021,538.0,78.63,0.12408,-0.19,-0.02413,0.00661,-0.16681
190.13,SYN.ETH-28FEB20,1580727540593,open,0.03,431.0,0.012,0.058,0.031905,74.14,0.03,0.0,ETH-28FEB20-170-P,187.68,71.83,0.03,602.0,0.034,805.0,76.65,0.15769,-0.23499,-0.03651,0.00863,-0.24988
190.13,SYN.ETH-28FEB20,1580727540595,open,0.08,2430.0,0.045,0.11,0.077018,73.77,0.088,0.0,ETH-28FEB20-190-C,187.68,72.79,0.076,4.0,0.078,650.0,74.72,0.19703,-0.29214,0.05996,0.01084,0.53973
188.07,SYN.ETH-7FEB20,1580727540600,open,0.11,900.0,0.07,0.129,0.099586,76.26,0.126,0.0,ETH-7FEB20-170-C,187.68,83.93,0.101,479.0,0.103,471.0,93.38,0.03215,-0.3163,0.01613,0.01122,0.90737
188.07,SYN.ETH-7FEB20,1580727540602,open,0.06,1504.0,0.025,0.086,0.055807,73.43,0.07,0.0,ETH-7FEB20-180-C,187.68,68.04,0.054,650.0,0.058,650.0,79.79,0.0639,-0.60525,0.01349,0.02317,0.73154
192.86,ETH-27MAR20,1580727540853,open,0.0,2827.0,0.001,0.012,0.002165,103.63,0.003,0.0,ETH-27MAR20-480-C,187.68,94.44,0.001,1070.0,0.004,976.0,112.69,0.03131,-0.03068,0.00421,0.00056,0.01723
192.86,ETH-27MAR20,1580727540860,open,0.0,2827.0,0.001,0.012,0.002165,103.63,0.003,0.0,ETH-27MAR20-480-C,187.68,94.44,0.001,1290.0,0.004,976.0,112.69,0.03131,-0.03068,0.00421,0.00056,0.01723
9755.14,BTC-26JUN20,1580727540931,open,0.08,279.8,0.0495,0.1165,0.07821377,67.17,0.073,0.0,BTC-26JUN20-8000-P,9299.32,64.28,0.0725,27.8,0.077,9.2,66.56,19.37421,-4.5224,-12.5388,8e-05,-0.24787
9538.58,BTC-27MAR20,1580727540931,open,0.43,0.0,0.4125,0.4425,0.42638017,79.0,None,0.0,BTC-27MAR20-5500-C,9299.32,51.33,0.4235,8.0,0.44,8.0,115.66,2.03348,-1.51904,7.59793,2e-05,0.97624
9538.56,BTC-27MAR20,1580727540932,open,0.06,318.9,0.04,0.0965,0.06445965,61.07,0.062,0.0,BTC-27MAR20-9000-P,9299.32,59.34,0.062,2.5,0.064,14.6,60.75,13.54395,-7.8213,-5.82494,0.00017,-0.35709
9755.12,BTC-26JUN20,1580727540934,open,0.0,246.4,0.0005,0.011,0.00144532,85.66,0.0015,0.0,BTC-26JUN20-3000-P,9299.32,81.52,0.001,49.4,0.002,11.8,89.76,1.1809,-0.35152,-0.32153,0.0,-0.00692
9971.58,SYN.BTC-25SEP20,1580727540931,open,0.04,204.6,0.0205,0.0665,0.03880797,67.74,0.0365,0.0,BTC-25SEP20-6000-P,9299.32,65.91,0.036,17.7,0.04,9.9,68.51,15.41243,-2.22268,-9.79345,4e-05,-0.11382
9971.58,SYN.BTC-25SEP20,1580727540932,open,0.11,156.9,0.0745,0.1545,0.10931615,67.75,0.102,0.0,BTC-25SEP20-8000-P,9299.32,65.06,0.1025,8.6,0.1085,16.6,67.42,25.37427,-3.65935,-23.00301,6e-05,-0.24917
9348.51,SYN.BTC-14FEB20,1580727541976,open,0.0,6.2,0.0005,0.0115,0.00168331,71.87,0.001,0.0,BTC-14FEB20-7500-P,9299.32,70.39,0.0015,30.0,0.002,34.0,74.24,1.18938,-3.93013,-0.09674,6e-05,-0.03305
9348.51,SYN.BTC-14FEB20,1580727541976,open,0.2,0.0,0.182,0.2185,0.19941967,71.9,None,0.0,BTC-14FEB20-7500-C,9299.32,0.0,0.1915,6.0,0.2165,6.0,133.91,1.1908,-3.93634,2.13785,6e-05,0.96691
9348.51,SYN.BTC-14FEB20,1580727541976,open,0.0,26.0,0.0005,0.012,0.00225659,66.6,0.003,0.0,BTC-14FEB20-7750-P,9299.32,65.0,0.002,30.0,0.0025,0.6,68.03,1.54706,-4.73681,-0.13342,9e-05,-0.04564
9348.51,SYN.BTC-14FEB20,1580727541976,open,0.13,0.0,0.102,0.1455,0.12202827,57.16,None,0.0,BTC-14FEB20-8250-C,9299.32,0.0,0.11,10.2,0.1445,11.8,109.48,2.70729,-7.11453,2.18364,0.00018,0.90595
9348.51,SYN.BTC-14FEB20,1580727541978,open,0.15,0.6,0.128,0.168,0.14727716,61.19,0.154,0.0,BTC-14FEB20-8000-C,9299.32,0.0,0.137,10.2,0.168,11.8,117.44,2.00436,-5.63845,2.19895,0.00013,0.9367
9348.51,SYN.BTC-14FEB20,1580727541978,open,0.0,55.9,0.0005,0.018,0.00451827,57.15,0.005,0.0,BTC-14FEB20-8250-P,9299.32,55.31,0.004,30.0,0.005,20.2,58.78,2.70628,-7.11024,-0.27443,0.00018,-0.094
9348.51,SYN.BTC-14FEB20,1580727541978,open,0.18,0.0,0.155,0.1935,0.17325083,66.62,None,0.0,BTC-14FEB20-7750-C,9299.32,0.0,0.1645,6.0,0.192,6.0,125.49,1.5484,-4.74248,2.17566,9e-05,0.95431
9348.51,SYN.BTC-14FEB20,1580727541980,open,0.1,0.8,0.078,0.1245,0.09780207,53.81,0.101,0.0,BTC-14FEB20-8500-C,9299.32,38.8,0.093,10.2,0.121,11.8,100.47,3.62861,-8.97678,2.1172,0.00026,0.85788
9348.51,SYN.BTC-14FEB20,1580727541982,open,0.08,0.4,0.0565,0.105,0.07562351,51.93,0.0855,0.0,BTC-14FEB20-8750-C,9299.32,31.9,0.067,11.8,0.0935,6.0,83.72,4.73816,-11.31103,1.97092,0.00035,0.78318
9348.51,SYN.BTC-14FEB20,1580727541982,open,0.01,189.0,0.0005,0.026,0.00703419,53.8,0.006,0.0,BTC-14FEB20-8500-P,9299.32,52.4,0.0065,30.0,0.0075,20.0,54.99,3.62789,-8.9733,-0.41537,0.00026,-0.14208
9348.51,SYN.BTC-14FEB20,1580727541984,open,0.04,145.7,0.0275,0.078,0.04530119,52.78,0.043,0.0,BTC-14FEB20-9500-P,9299.32,48.68,0.0425,2.5,0.0445,28.5,51.61,6.38286,-15.48901,-1.66397,0.00046,-0.55206
9348.51,SYN.BTC-14FEB20,1580727541989,open,0.06,4.0,0.0385,0.0875,0.05637766,51.2,0.0635,0.0,BTC-14FEB20-9000-C,9299.32,48.96,0.055,2.5,0.063,17.7,61.8,5.75362,-13.54453,1.74341,0.00043,0.68226
9348.51,SYN.BTC-14FEB20,1580727541989,open,0.01,297.7,0.0005,0.0285,0.01039247,58.51,0.01,0.0,BTC-14FEB20-10250-C,9299.32,56.61,0.0095,30.4,0.0115,64.0,60.81,4.44401,-11.9549,0.5132,0.00029,0.19463
9348.51,SYN.BTC-14FEB20,1580727541989,open,0.08,2.5,0.0605,0.116,0.08359802,55.21,0.0695,0.0,BTC-14FEB20-10000-P,9299.32,43.45,0.0775,2.5,0.0855,2.5,58.59,5.18021,-13.14777,-2.30848,0.00036,-0.74515
9348.51,SYN.BTC-14FEB20,1580727541989,open,0.03,231.7,0.0165,0.062,0.02997305,51.1,0.03,0.0,BTC-14FEB20-9250-P,9299.32,47.45,0.0275,13.9,0.03,30.1,51.14,6.35155,-14.92025,-1.29459,0.00048,-0.43479
9348.51,SYN.BTC-14FEB20,1580727541989,open,0.17,0.0,0.1555,0.2115,0.18134371,67.56,None,0.0,BTC-14FEB20-11000-P,9299.32,0.0,0.0,0.0,0.0,0.0,0.0,2.63511,-8.1849,-3.03808,0.00015,-0.90932
9348.51,SYN.BTC-14FEB20,1580727541989,open,0.1,0.0,0.0815,0.137,0.10681944,58.5,None,0.0,BTC-14FEB20-10250-P,9299.32,0.0,0.0625,4.2,0.162,2.0,148.66,4.44338,-11.95116,-2.54104,0.00029,-0.80541
9348.51,SYN.BTC-14FEB20,1580727541989,open,0.02,261.0,0.004,0.037,0.01391318,55.22,0.0145,0.0,BTC-14FEB20-10000-C,9299.32,54.47,0.0135,0.1,0.0145,2.0,56.27,5.18061,-13.15077,0.67125,0.00036,0.25489
9348.51,SYN.BTC-14FEB20,1580727541991,open,0.15,0.0,0.1295,0.1855,0.15560649,63.64,None,0.0,BTC-14FEB20-10750-P,9299.32,0.0,0.0,0.0,0.0,0.0,0.0,3.0713,-8.98636,-2.90734,0.00019,-0.88812
9348.51,SYN.BTC-14FEB20,1580727541991,open,0.0,81.3,0.0005,0.0135,0.00295701,73.17,0.004,0.0,BTC-14FEB20-11500-C,9299.32,70.76,0.0025,50.0,0.0035,8.8,75.78,1.85716,-6.24736,0.15171,0.0001,0.05742
9348.51,SYN.BTC-14FEB20,1580727541991,open,0.01,116.0,0.0005,0.023,0.00768393,61.2,0.008,0.0,BTC-14FEB20-10500-C,9299.32,59.46,0.007,30.0,0.0085,20.0,63.21,3.72265,-10.47482,0.38982,0.00023,0.14763
9348.51,SYN.BTC-14FEB20,1580727541991,open,0.06,19.4,0.042,0.096,0.06336369,54.19,0.0585,0.0,BTC-14FEB20-9750-P,9299.32,45.59,0.058,2.5,0.065,2.5,56.76,5.93625,-14.79004,-2.00501,0.00042,-0.65643
9348.51,SYN.BTC-14FEB20,1580727541991,open,0.01,179.1,0.0005,0.0175,0.00469038,67.58,0.005,0.0,BTC-14FEB20-11000-C,9299.32,65.04,0.004,50.0,0.0055,59.7,70.34,2.63649,-8.19135,0.23969,0.00015,0.09074
9348.51,SYN.BTC-14FEB20,1580727541991,open,0.23,0.0,0.207,0.264,0.23309458,73.14,None,0.0,BTC-14FEB20-11500-P,9299.32,0.0,0.0,0.0,0.0,0.0,0.0,1.85533,-6.23889,-3.27506,0.0001,-0.94265
9348.51,SYN.BTC-14FEB20,1580727541991,open,0.2,0.0,0.181,0.2375,0.20708156,70.33,None,0.0,BTC-14FEB20-11250-P,9299.32,0.0,0.0,0.0,0.0,0.0,0.0,2.20351,-7.12514,-3.16304,0.00012,-0.92845
9348.51,SYN.BTC-14FEB20,1580727541991,open,0.25,0.0,0.233,0.2905,0.25933424,76.19,None,0.0,BTC-14FEB20-11750-P,9299.32,0.0,0.0045,0.1,0.0,0.0,0.0,1.58893,-5.56536,-3.37647,8e-05,-0.95282
9348.51,SYN.BTC-14FEB20,1580727541991,open,0.0,97.1,0.0005,0.0155,0.00368611,70.36,0.0055,0.0,BTC-14FEB20-11250-C,9299.32,67.29,0.003,50.0,0.0045,31.3,73.63,2.20512,-7.1326,0.18923,0.00012,0.07162
9348.51,SYN.BTC-14FEB20,1580727541991,open,0.0,51.7,0.0005,0.012,0.00245454,76.22,0.0035,0.0,BTC-14FEB20-11750-C,9299.32,73.39,0.002,50.0,0.003,8.9,79.24,1.59095,-5.57479,0.1248,8e-05,0.04726
188.75,SYN.ETH-14FEB20,1580727542135,open,0.02,45.0,0.008,0.055,0.027939,70.76,0.027,0.0,ETH-14FEB20-180-P,187.68,66.01,0.025,597.0,0.029,915.0,72.46,0.11749,-0.38218,-0.01994,0.01564,-0.32653
203.81,SYN.ETH-25SEP20,1580727542142,open,0.04,239.0,0.019,0.067,0.040393,89.12,0.038,0.0,ETH-25SEP20-100-P,187.68,87.24,0.038,436.0,0.043,470.0,91.15,0.26102,-0.04952,-0.16834,0.0011,-0.08797
203.81,SYN.ETH-25SEP20,1580727542145,open,0.07,503.0,0.037,0.103,0.06694,87.09,0.058,0.0,ETH-25SEP20-120-P,187.68,85.4,0.064,431.0,0.07,463.0,88.86,0.35324,-0.06549,-0.26357,0.00152,-0.13404
203.81,SYN.ETH-25SEP20,1580727542147,open,0.18,893.0,0.115,0.235,0.174685,89.01,0.163,0.0,ETH-25SEP20-280-C,187.68,88.79,0.174,3.0,0.175,400.0,89.11,0.64973,-0.12312,0.38076,0.00273,0.46503
203.81,SYN.ETH-25SEP20,1580727542155,open,0.08,46.0,0.039,0.134,0.08148,92.71,0.083,0.0,ETH-25SEP20-440-C,187.68,90.95,0.077,291.0,0.086,100.0,94.46,0.52358,-0.10334,0.22585,0.00211,0.2537
203.81,SYN.ETH-25SEP20,1580727542166,open,0.07,157.0,0.032,0.122,0.071066,94.23,0.072,0.0,ETH-25SEP20-480-C,187.68,92.52,0.067,314.0,0.075,765.0,95.84,0.49036,-0.09836,0.20191,0.00195,0.22503
203.81,SYN.ETH-25SEP20,1580727542167,open,0.07,157.0,0.032,0.122,0.071066,94.23,0.072,0.0,ETH-25SEP20-480-C,187.68,92.52,0.067,314.0,0.075,766.0,95.84,0.49036,-0.09836,0.20191,0.00195,0.22503
203.81,SYN.ETH-25SEP20,1580727542169,open,0.05,560.0,0.021,0.099,0.053433,95.85,0.049,0.0,ETH-25SEP20-560-C,187.68,93.67,0.049,298.0,0.058,298.0,98.01,0.42317,-0.08634,0.16092,0.00165,0.17614
203.81,SYN.ETH-25SEP20,1580727542171,open,0.01,813.0,0.001,0.02,0.009435,95.94,0.009,0.0,ETH-25SEP20-60-P,187.68,92.66,0.008,1026.0,0.011,170.0,99.24,0.093,-0.01899,-0.04412,0.00036,-0.0242
203.81,SYN.ETH-25SEP20,1580727542177,open,0.04,1651.0,0.015,0.083,0.041562,97.36,0.049,0.0,ETH-25SEP20-640-C,187.68,95.34,0.038,301.0,0.045,352.0,99.24,0.36616,-0.07589,0.13078,0.00141,0.14129
203.81,SYN.ETH-25SEP20,1580727542179,open,0.04,1651.0,0.015,0.083,0.041562,97.36,0.049,0.0,ETH-25SEP20-640-C,187.68,95.34,0.038,301.0,0.045,353.0,99.24,0.36616,-0.07589,0.13078,0.00141,0.14129
203.81,SYN.ETH-25SEP20,1580727542181,open,0.02,318.0,0.008,0.039,0.020489,90.73,0.026,0.0,ETH-25SEP20-80-P,187.68,90.14,0.02,432.0,0.021,150.0,91.35,0.16754,-0.03236,-0.09191,0.00069,-0.0496
198.84,ETH-26JUN20,1580727542184,open,0.02,796.0,0.009,0.042,0.021969,90.98,0.02,0.0,ETH-26JUN20-100-P,187.68,89.81,0.021,464.0,0.023,272.0,92.22,0.16439,-0.05198,-0.07071,0.00116,-0.06826
198.84,ETH-26JUN20,1580727542186,open,0.04,1429.0,0.019,0.068,0.040324,87.42,0.038,0.0,ETH-26JUN20-120-P,187.68,86.34,0.039,542.0,0.042,1.0,88.78,0.244,-0.07413,-0.12262,0.00179,-0.11613
198.84,ETH-26JUN20,1580727542188,open,0.07,1316.0,0.037,0.105,0.068431,85.63,0.066,0.0,ETH-26JUN20-140-P,187.68,84.77,0.067,470.0,0.068,1.0,85.38,0.32576,-0.09694,-0.19345,0.00244,-0.17841
198.84,ETH-26JUN20,1580727542190,open,0.11,984.0,0.059,0.154,0.104655,87.89,0.099,0.0,ETH-26JUN20-280-C,187.68,86.76,0.102,415.0,0.108,140.0,89.3,0.46936,-0.14337,0.20427,0.00343,0.36528
198.84,ETH-26JUN20,1580727542192,open,0.08,631.0,0.039,0.124,0.077942,89.94,0.072,0.0,ETH-26JUN20-320-C,187.68,88.56,0.075,427.0,0.081,140.0,91.36,0.4257,-0.13306,0.16436,0.00304,0.28766
198.84,ETH-26JUN20,1580727542193,open,1.22,0.0,1.165,1.342,1.248315,94.23,None,0.0,ETH-26JUN20-440-P,187.67,0.0,0.01,50.0,0.0,0.0,0.0,0.28798,-0.09431,-1.6465,0.00196,-0.85238
192.86,ETH-27MAR20,1580727542193,open,0.64,0.0,0.626,0.65,0.637732,111.15,None,0.0,ETH-27MAR20-70-C,187.67,0.0,0.635,54.0,0.646,54.0,168.1,0.00979,-0.01029,0.09994,0.00016,0.99544
198.84,ETH-26JUN20,1580727542193,open,0.02,227.0,0.007,0.052,0.02296,96.72,0.024,0.0,ETH-26JUN20-520-C,187.67,94.91,0.021,300.0,0.025,120.0,98.53,0.21968,-0.07384,0.06067,0.00146,0.10037
198.84,ETH-26JUN20,1580727542193,open,0.67,0.0,0.611,0.769,0.687276,89.94,1.06,0.0,ETH-26JUN20-320-P,187.67,0.0,0.015,2.0,0.0,0.0,0.0,0.42569,-0.13305,-1.09702,0.00304,-0.71236
198.84,ETH-26JUN20,1580727542193,open,0.71,3.0,0.691,0.716,0.702597,103.37,0.588,0.0,ETH-26JUN20-60-C,187.67,0.0,0.698,61.0,0.71,60.0,126.27,0.04722,-0.01696,0.22136,0.00029,0.98502
192.86,ETH-27MAR20,1580727542193,open,0.0,5123.0,0.001,0.011,0.000946,118.15,0.001,0.0,ETH-27MAR20-640-C,187.67,0.0,0.0,0.0,0.001,650.0,118.85,0.01483,-0.01657,0.00177,0.00023,0.00729
198.84,ETH-26JUN20,1580727542193,open,0.06,1985.0,0.026,0.102,0.059545,91.87,0.059,0.0,ETH-26JUN20-360-C,187.67,89.99,0.056,499.0,0.063,432.0,93.67,0.37854,-0.12085,0.13315,0.00264,0.22942
192.86,ETH-27MAR20,1580727542193,open,0.0,2306.0,0.001,0.013,0.003553,102.27,0.005,0.0,ETH-27MAR20-440-C,187.67,99.82,0.003,94.0,0.004,389.0,104.07,0.04597,-0.04445,0.00659,0.00083,0.02715
192.86,ETH-27MAR20,1580727542193,open,0.13,2082.0,0.099,0.189,0.142733,80.07,0.13,0.0,ETH-27MAR20-200-P,187.67,76.29,0.137,212.0,0.146,376.0,82.22,0.29268,-0.2216,-0.17588,0.00678,-0.4868
192.86,ETH-27MAR20,1580727542193,open,0.0,1728.0,0.001,0.014,0.004924,101.14,0.005,0.0,ETH-27MAR20-100-P,187.67,97.23,0.004,25.0,0.006,1190.0,105.2,0.04829,-0.04618,-0.00942,0.00089,-0.0288
198.84,ETH-26JUN20,1580727542193,open,0.1,1923.0,0.067,0.154,0.108559,85.64,0.121,0.0,ETH-26JUN20-160-P,187.67,83.86,0.105,518.0,0.111,274.0,86.86,0.3971,-0.11819,-0.2814,0.00298,-0.25046
192.86,ETH-27MAR20,1580727542193,open,0.0,2591.0,0.001,0.011,0.001444,112.16,0.002,0.0,ETH-27MAR20-560-C,187.67,107.66,0.001,97.0,0.002,650.0,116.57,0.02159,-0.0229,0.00273,0.00036,0.0112
192.85,ETH-27MAR20,1580727542193,open,0.01,677.0,0.005,0.033,0.015095,86.5,0.014,0.0,ETH-27MAR20-130-P,187.67,84.65,0.014,970.0,0.016,265.0,87.99,0.11575,-0.09468,-0.02839,0.00248,-0.08653
192.85,ETH-27MAR20,1580727542193,open,0.0,275.0,0.001,0.011,0.00069,111.14,0.003,0.0,ETH-27MAR20-70-P,187.67,0.0,0.0,0.0,0.002,950.0,128.4,0.00979,-0.01029,-0.00147,0.00016,-0.00457
192.86,ETH-27MAR20,1580727542193,open,0.01,1643.0,0.001,0.025,0.010393,90.57,0.011,0.0,ETH-27MAR20-120-P,187.67,87.43,0.009,970.0,0.012,565.0,93.97,0.08827,-0.0756,-0.01987,0.00181,-0.06073
198.83,ETH-26JUN20,1580727542193,open,0.18,1111.0,0.122,0.226,0.173941,85.68,0.17,0.0,ETH-26JUN20-220-C,187.67,84.1,0.17,498.0,0.178,447.0,87.31,0.49638,-0.14781,0.28081,0.00372,0.53224
192.85,ETH-27MAR20,1580727542193,open,0.44,20.0,0.415,0.459,0.436573,94.88,0.272,0.0,ETH-27MAR20-110-C,187.67,70.98,0.431,62.0,0.451,62.0,126.41,0.06498,-0.0583,0.14585,0.00127,0.95865
198.83,ETH-26JUN20,1580727542193,open,0.0,1453.0,0.001,0.014,0.004348,103.37,0.005,0.0,ETH-26JUN20-60-P,187.67,97.06,0.003,650.0,0.006,950.0,109.69,0.04722,-0.01696,-0.01515,0.00029,-0.01498
192.85,ETH-27MAR20,1580727542193,open,0.85,7.0,0.815,0.942,0.875061,94.91,1.702,0.0,ETH-27MAR20-360-P,187.67,0.0,0.01,30.0,1.414,1.0,500.0,0.08845,-0.07938,-0.50683,0.00173,-0.93911
198.83,ETH-26JUN20,1580727542194,open,0.85,1.0,0.791,0.956,0.870046,91.83,1.827,0.0,ETH-26JUN20-360-P,187.67,0.0,0.015,2.0,0.0,0.0,0.0,0.37832,-0.12073,-1.28601,0.00264,-0.77079
198.83,ETH-26JUN20,1580727542194,open,1.04,0.0,0.976,1.148,1.057554,93.22,None,0.0,ETH-26JUN20-400-P,187.67,0.0,0.01,50.0,0.0,0.0,0.0,0.33167,-0.10745,-1.46869,0.00228,-0.81638
198.83,ETH-26JUN20,1580727542194,open,0.21,2499.0,0.157,0.26,0.209587,85.62,0.209,0.0,ETH-26JUN20-200-C,187.67,83.73,0.205,451.0,0.214,441.0,87.44,0.48173,-0.14333,0.30735,0.00361,0.60174
192.85,ETH-27MAR20,1580727542194,open,0.2,1202.0,0.162,0.263,0.211484,79.83,0.201,0.0,ETH-27MAR20-220-P,187.67,76.75,0.207,144.0,0.218,164.0,84.27,0.28144,-0.21245,-0.22974,0.00654,-0.61087
198.83,ETH-26JUN20,1580727542194,open,0.15,372.0,0.108,0.211,0.157883,85.62,0.145,0.0,ETH-26JUN20-180-P,187.67,83.91,0.154,511.0,0.161,257.0,87.0,0.44927,-0.13369,-0.37843,0.00337,-0.32496
192.85,ETH-27MAR20,1580727542194,open,0.4,158.0,0.363,0.414,0.38818,90.64,0.211,0.0,ETH-27MAR20-120-C,187.67,70.48,0.381,61.0,0.405,61.0,119.76,0.0884,-0.07576,0.15393,0.00181,0.93916
192.85,ETH-27MAR20,1580727542194,open,1.25,0.0,1.216,1.362,1.285001,101.77,None,0.0,ETH-27MAR20-440-P,187.67,0.0,0.003,50.0,0.0,0.0,0.0,0.04496,-0.04327,-0.63098,0.00082,-0.97356
192.85,ETH-27MAR20,1580727542194,open,0.35,112.0,0.313,0.369,0.341031,86.56,0.194,0.0,ETH-27MAR20-130-C,187.67,71.04,0.333,60.0,0.361,60.0,114.5,0.11586,-0.09484,0.15989,0.00248,0.91336
192.85,ETH-27MAR20,1580727542194,open,0.0,5555.0,0.001,0.011,0.001819,108.62,0.002,0.0,ETH-27MAR20-520-C,187.67,101.35,0.001,889.0,0.003,951.0,115.8,0.02647,-0.02719,0.00345,0.00045,0.01417
198.83,ETH-26JUN20,1580727542194,open,0.15,1124.0,0.096,0.198,0.146409,86.54,0.147,0.0,ETH-26JUN20-240-C,187.67,84.78,0.142,436.0,0.151,412.0,88.38,0.49663,-0.14936,0.2538,0.00368,0.47024
192.85,ETH-27MAR20,1580727542194,open,0.65,10.0,0.617,0.737,0.673277,90.79,1.59,0.0,ETH-27MAR20-320-P,187.67,0.0,0.011,5.0,1.228,1.0,500.0,0.12698,-0.10902,-0.44007,0.0026,-0.90194
198.83,ETH-26JUN20,1580727542194,open,0.03,641.0,0.009,0.059,0.027971,95.24,0.03,0.0,ETH-26JUN20-480-C,187.67,93.64,0.026,300.0,0.03,260.0,96.82,0.24971,-0.08265,0.07212,0.00168,0.12
198.83,ETH-26JUN20,1580727542194,open,0.05,3962.0,0.018,0.085,0.045887,93.28,0.042,0.0,ETH-26JUN20-400-C,187.67,92.15,0.044,400.0,0.048,120.0,94.54,0.33196,-0.10762,0.10815,0.00228,0.18388
192.85,ETH-27MAR20,1580727542194,open,0.54,0.0,0.52,0.554,0.536224,104.94,None,0.0,ETH-27MAR20-90-C,187.67,0.0,0.533,1.0,0.547,47.0,144.08,0.03176,-0.03152,0.12467,0.00056,0.98248
198.83,ETH-26JUN20,1580727542194,open,0.26,3317.0,0.201,0.301,0.252633,85.64,0.235,0.0,ETH-26JUN20-180-C,187.67,83.59,0.248,379.0,0.256,436.0,87.13,0.44927,-0.13372,0.33106,0.00337,0.67504
192.85,ETH-27MAR20,1580727542194,open,2.07,0.0,2.021,2.212,2.112508,116.58,None,0.0,ETH-27MAR20-600-P,187.67,0.0,0.03,50.0,0.0,0.0,0.0,0.01912,-0.02108,-0.86683,0.0003,-0.99026
198.83,ETH-26JUN20,1580727542194,open,0.31,412.0,0.256,0.349,0.303892,85.65,0.289,0.0,ETH-26JUN20-160-C,187.67,71.54,0.276,47.0,0.313,180.0,90.21,0.39711,-0.11821,0.34924,0.00298,0.7495
198.83,ETH-26JUN20,1580727542194,open,0.02,2638.0,0.004,0.039,0.015462,98.67,0.016,0.0,ETH-26JUN20-600-C,187.67,96.89,0.014,300.0,0.017,120.0,100.44,0.16827,-0.0577,0.04302,0.00109,0.07036
192.85,ETH-27MAR20,1580727542195,open,0.0,2357.0,0.001,0.011,0.00182,111.06,0.001,0.0,ETH-27MAR20-80-P,187.67,102.08,0.001,1235.0,0.003,950.0,120.17,0.02113,-0.02219,-0.00356,0.00035,-0.01093
198.83,ETH-26JUN20,1580727542194,open,0.34,4.0,0.286,0.423,0.35341,86.52,0.934,0.0,ETH-26JUN20-240-P,187.67,0.0,0.01,50.0,0.0,0.0,0.0,0.49662,-0.14932,-0.69224,0.00368,-0.52983
198.83,ETH-26JUN20,1580727542195,open,0.04,930.0,0.012,0.07,0.03548,94.24,0.036,0.0,ETH-26JUN20-440-C,187.67,92.5,0.033,758.0,0.038,120.0,95.95,0.28796,-0.0943,0.08788,0.00196,0.14761
192.85,ETH-27MAR20,1580727542195,open,1.86,0.0,1.82,1.998,1.905105,110.77,None,0.0,ETH-27MAR20-560-P,187.67,0.0,0.02,50.0,0.0,0.0,0.0,0.01996,-0.02091,-0.80875,0.00033,-0.98977
192.85,ETH-27MAR20,1580727542195,open,0.01,2210.0,0.001,0.024,0.008422,95.12,0.012,0.0,ETH-27MAR20-360-C,187.67,91.87,0.007,613.0,0.01,1235.0,98.37,0.08902,-0.08007,0.0148,0.00174,0.0614
192.85,ETH-27MAR20,1580727542195,open,0.0,13638.0,0.001,0.011,0.001443,118.14,0.003,0.0,ETH-27MAR20-600-C,187.67,113.47,0.001,319.0,0.002,950.0,122.71,0.02082,-0.02326,0.0026,0.00033,0.01074
192.85,ETH-27MAR20,1580727542195,open,0.46,161.0,0.423,0.537,0.477616,86.94,1.397,0.0,ETH-27MAR20-280-P,187.67,0.0,0.002,50.0,0.0,0.0,0.0,0.18447,-0.15167,-0.36582,0.00394,-0.8318
192.85,ETH-27MAR20,1580727542195,open,0.01,2597.0,0.001,0.02,0.00651,102.22,0.008,0.0,ETH-27MAR20-400-C,187.67,100.81,0.006,20.0,0.007,1201.0,103.52,0.07133,-0.06895,0.01115,0.0013,0.04642
192.85,ETH-27MAR20,1580727542195,open,0.3,668.0,0.265,0.327,0.296207,83.64,0.272,0.0,ETH-27MAR20-140-C,187.67,68.94,0.286,59.0,0.303,320.0,92.07,0.14852,-0.11747,0.16255,0.0033,0.87804
198.83,ETH-26JUN20,1580727542195,open,0.5,0.0,0.44,0.589,0.512822,87.86,None,0.0,ETH-26JUN20-280-P,187.67,0.0,0.011,3.0,0.0,0.0,0.0,0.46928,-0.14329,-0.8995,0.00343,-0.63487
203.8,SYN.ETH-25SEP20,1580727542194,open,0.1,802.0,0.063,0.146,0.102105,85.93,0.12,0.0,ETH-25SEP20-140-P,187.67,84.02,0.098,644.0,0.106,282.0,87.73,0.43915,-0.08033,-0.37901,0.00191,-0.1869
203.8,SYN.ETH-25SEP20,1580727542194,open,0.32,176.0,0.259,0.369,0.315457,85.65,0.315,0.0,ETH-25SEP20-180-C,187.67,82.98,0.308,120.0,0.32,414.0,87.28,0.56846,-0.10365,0.50424,0.00248,0.69995
192.85,ETH-27MAR20,1580727542195,open,1.46,0.0,1.417,1.572,1.491017,102.82,None,0.0,ETH-27MAR20-480-P,187.67,0.0,0.004,50.0,0.0,0.0,0.0,0.03001,-0.02917,-0.69134,0.00054,-0.9836
188.06,SYN.ETH-7FEB20,1580727542193,open,0.0,2708.0,0.001,0.017,0.003463,75.98,0.004,0.0,ETH-7FEB20-170-P,187.67,73.17,0.003,950.0,0.004,4.0,79.03,0.03198,-0.31348,-0.00191,0.01121,-0.09198
190.12,SYN.ETH-28FEB20,1580727542193,open,0.38,102.0,0.35,0.394,0.371731,98.17,0.377,0.0,ETH-28FEB20-120-C,187.67,0.0,0.363,58.0,0.385,58.0,145.12,0.03113,-0.06141,0.07788,0.00129,0.9728
190.12,SYN.ETH-28FEB20,1580727542193,open,0.0,837.0,0.001,0.011,0.001824,105.45,0.001,0.0,ETH-28FEB20-110-P,187.67,96.4,0.001,910.0,0.003,955.0,114.64,0.0207,-0.04387,-0.00241,0.0008,-0.01678
192.85,ETH-27MAR20,1580727542196,open,1.66,0.0,1.619,1.786,1.698075,107.58,None,0.0,ETH-27MAR20-520-P,187.67,0.0,0.006,50.0,0.0,0.0,0.0,0.02503,-0.02547,-0.75006,0.00043,-0.98672
203.8,SYN.ETH-25SEP20,1580727542193,open,0.69,0.0,0.621,0.8,0.7085,89.0,None,0.0,ETH-25SEP20-320-P,187.67,0.0,0.0,0.0,0.0,0.0,0.0,0.628,-0.11898,-1.72695,0.00264,-0.60835
198.83,ETH-26JUN20,1580727542196,open,0.01,3810.0,0.003,0.034,0.012911,99.58,0.015,0.0,ETH-26JUN20-640-C,187.67,96.89,0.011,420.0,0.015,571.0,102.26,0.14815,-0.05127,0.03668,0.00095,0.05971
198.83,ETH-26JUN20,1580727542196,open,0.27,0.0,0.218,0.345,0.280359,85.66,None,0.0,ETH-26JUN20-220-P,187.67,78.32,0.262,180.0,1.101,1.0,500.0,0.49639,-0.14777,-0.58638,0.00372,-0.46781
203.8,SYN.ETH-25SEP20,1580727542193,open,1.22,0.0,1.143,1.347,1.240378,92.67,None,0.0,ETH-25SEP20-440-P,187.67,0.0,0.0,0.0,0.0,0.0,0.0,0.52331,-0.10324,-2.60568,0.00211,-0.74653
192.85,ETH-27MAR20,1580727542196,open,0.49,1148.0,0.467,0.507,0.486413,101.24,0.346,0.0,ETH-27MAR20-100-C,187.67,0.0,0.481,66.0,0.499,65.0,135.62,0.04843,-0.04637,0.13541,0.00089,0.97109
198.83,ETH-26JUN20,1580727542196,open,0.02,1681.0,0.005,0.044,0.018471,97.45,0.015,0.0,ETH-26JUN20-560-C,187.67,95.88,0.017,300.0,0.02,120.0,99.02,0.19047,-0.06451,0.05042,0.00125,0.0828
190.12,SYN.ETH-28FEB20,1580727542194,open,0.0,731.0,0.001,0.012,0.002888,97.96,0.003,0.0,ETH-28FEB20-120-P,187.67,91.9,0.002,1150.0,0.004,1215.0,104.17,0.03092,-0.06088,-0.00387,0.00128,-0.02698
203.8,SYN.ETH-25SEP20,1580727542193,open,0.53,0.0,0.466,0.634,0.54853,88.99,None,0.0,ETH-25SEP20-280-P,187.67,0.0,0.0,0.0,0.0,0.0,0.0,0.64968,-0.12308,-1.42107,0.00273,-0.53508
192.85,ETH-27MAR20,1580727542196,open,0.0,230.0,0.001,0.012,0.002884,104.79,0.004,0.0,ETH-27MAR20-90-P,187.67,98.78,0.002,970.0,0.004,950.0,110.94,0.0316,-0.03131,-0.00567,0.00056,-0.01742
188.06,SYN.ETH-7FEB20,1580727542194,open,0.06,507.0,0.039,0.11,0.073277,75.49,0.052,0.0,ETH-7FEB20-200-P,187.67,60.59,0.069,60.0,0.076,80.0,84.0,0.05825,-0.56722,-0.01692,0.02055,-0.77413
190.12,SYN.ETH-28FEB20,1580727542194,open,0.06,2909.0,0.027,0.086,0.05534,73.7,0.069,0.0,ETH-28FEB20-200-C,187.67,72.39,0.054,164.0,0.057,650.0,75.31,0.19525,-0.28924,0.04901,0.01076,0.43361
190.12,SYN.ETH-28FEB20,1580727542193,open,0.48,21.0,0.458,0.491,0.474698,106.12,0.267,0.0,ETH-28FEB20-100-C,187.67,0.0,0.47,43.0,0.485,43.0,172.14,0.00966,-0.02061,0.06716,0.00037,0.99301
190.12,SYN.ETH-28FEB20,1580727542194,open,0.22,1.0,0.188,0.278,0.231614,79.11,0.292,0.0,ETH-28FEB20-230-P,187.67,0.0,0.001,1.0,0.299,1.0,153.03,0.1416,-0.22517,-0.13283,0.00727,-0.79356
198.83,ETH-26JUN20,1580727542197,open,1.41,0.0,1.355,1.54,1.441972,95.14,None,0.0,ETH-26JUN20-480-P,187.67,0.0,0.01,50.0,0.0,0.0,0.0,0.24918,-0.08239,-1.82013,0.00168,-0.88036
203.8,SYN.ETH-25SEP20,1580727542193,open,1.58,0.0,1.508,1.729,1.612876,95.04,None,0.0,ETH-25SEP20-520-P,187.67,0.0,0.0,0.0,0.0,0.0,0.0,0.45547,-0.09216,-3.16641,0.00179,-0.8016
203.8,SYN.ETH-25SEP20,1580727542193,open,0.86,0.0,0.79,0.978,0.880925,90.37,None,0.0,ETH-25SEP20-360-P,187.67,0.0,0.0,0.0,0.0,0.0,0.0,0.59654,-0.11476,-2.02557,0.00247,-0.66363
188.06,SYN.ETH-7FEB20,1580727542193,open,0.16,0.0,0.136,0.211,0.171654,89.44,None,0.0,ETH-7FEB20-220-P,187.67,0.0,0.001,2.0,0.0,0.0,0.0,0.01962,-0.22644,-0.02242,0.00584,-0.95113
188.75,SYN.ETH-14FEB20,1580727542193,open,0.21,0.0,0.186,0.269,0.225373,85.49,None,0.0,ETH-14FEB20-230-P,187.67,0.0,0.0,0.0,0.0,0.0,0.0,0.05834,-0.22928,-0.06313,0.00643,-0.89721
188.75,SYN.ETH-14FEB20,1580727542193,open,0.26,0.0,0.236,0.321,0.276032,89.46,None,0.0,ETH-14FEB20-240-P,187.67,0.0,0.0,0.0,0.0,0.0,0.0,0.04357,-0.17917,-0.06785,0.00459,-0.93037
188.06,SYN.ETH-7FEB20,1580727542194,open,0.01,1157.0,0.001,0.036,0.012856,73.26,0.013,0.0,ETH-7FEB20-180-P,187.67,64.66,0.01,920.0,0.013,499.0,73.68,0.06387,-0.60361,-0.00561,0.02322,-0.26828
188.06,SYN.ETH-7FEB20,1580727542194,open,0.0,400.0,0.001,0.011,1.8e-05,91.03,0.001,0.0,ETH-7FEB20-140-P,187.67,0.0,0.0,0.0,0.001,657.0,141.51,0.00047,-0.00344,-1e-05,0.00014,-0.0007
203.8,SYN.ETH-25SEP20,1580727542193,open,0.14,302.0,0.083,0.197,0.138392,89.02,0.139,0.0,ETH-25SEP20-320-C,187.67,87.6,0.134,301.0,0.142,150.0,90.19,0.62805,-0.11902,0.33228,0.00264,0.39176
190.12,SYN.ETH-28FEB20,1580727542194,open,0.28,113.0,0.244,0.298,0.271049,85.46,0.233,0.0,ETH-28FEB20-140-C,187.67,0.0,0.263,57.0,0.289,56.0,123.89,0.06592,-0.11322,0.08551,0.00313,0.93098
203.8,SYN.ETH-25SEP20,1580727542193,open,0.22,267.0,0.154,0.273,0.21396,86.34,0.2,0.0,ETH-25SEP20-240-C,187.67,84.47,0.208,380.0,0.22,782.0,88.24,0.64825,-0.11915,0.43267,0.00281,0.54388
203.8,SYN.ETH-25SEP20,1580727542194,open,1.4,0.0,1.325,1.538,1.426228,94.18,None,0.0,ETH-25SEP20-480-P,187.67,0.0,0.0,0.0,0.0,0.0,0.0,0.49002,-0.09824,-2.88705,0.00195,-0.77523
190.12,SYN.ETH-28FEB20,1580727542195,open,0.01,834.0,0.002,0.028,0.011883,80.1,0.012,0.0,ETH-28FEB20-150-P,187.67,78.25,0.011,260.0,0.013,566.0,82.37,0.09202,-0.14815,-0.01552,0.00466,-0.10787
190.12,SYN.ETH-28FEB20,1580727542193,open,0.0,404.0,0.001,0.011,0.000663,105.57,0.001,0.0,ETH-28FEB20-100-P,187.67,0.0,0.0,0.0,0.002,960.0,123.46,0.0094,-0.01994,-0.00096,0.00036,-0.00677
188.06,SYN.ETH-7FEB20,1580727542194,open,0.0,101.0,0.001,0.011,0.0,91.68,0.001,0.0,ETH-7FEB20-120-P,187.67,0.0,0.0,0.0,0.001,661.0,204.74,0.0,0.0,0.0,0.0,0.0
190.12,SYN.ETH-28FEB20,1580727542194,open,0.14,145.0,0.104,0.188,0.144858,75.19,0.138,0.0,ETH-28FEB20-210-P,187.67,0.0,0.031,20.0,0.243,20.0,171.32,0.18214,-0.27526,-0.1041,0.00983,-0.65859
188.06,SYN.ETH-7FEB20,1580727542194,open,0.0,753.0,0.001,0.011,1e-06,91.41,0.001,0.0,ETH-7FEB20-130-P,187.67,0.0,0.0,0.0,0.001,661.0,172.12,3e-05,-0.00015,0.0,1e-05,-4e-05
203.8,SYN.ETH-25SEP20,1580727542194,open,1.04,0.0,0.964,1.161,1.058921,91.67,None,0.0,ETH-25SEP20-400-P,187.67,0.0,0.0,0.0,0.0,0.0,0.0,0.56084,-0.10944,-2.31801,0.00229,-0.70863
203.8,SYN.ETH-25SEP20,1580727542193,open,0.31,1.0,0.252,0.393,0.321592,85.87,0.319,0.0,ETH-25SEP20-220-P,187.67,0.0,0.0,0.0,0.0,0.0,0.0,0.63468,-0.11602,-0.95646,0.00277,-0.40774
203.8,SYN.ETH-25SEP20,1580727542194,open,0.38,0.0,0.317,0.468,0.391541,86.32,None,0.0,ETH-25SEP20-240-P,187.67,0.0,0.0,0.0,0.0,0.0,0.0,0.64826,-0.11912,-1.11171,0.00281,-0.45617
188.75,SYN.ETH-14FEB20,1580727542193,open,0.01,63.0,0.001,0.018,0.004546,89.75,0.005,0.0,ETH-14FEB20-240-C,187.67,87.32,0.004,300.0,0.005,438.0,91.65,0.04391,-0.18116,0.0037,0.00461,0.07034
190.12,SYN.ETH-28FEB20,1580727542194,open,0.26,0.0,0.234,0.327,0.278856,81.46,None,0.0,ETH-28FEB20-240-P,187.67,0.0,0.001,1.0,0.0,0.0,0.0,0.12138,-0.19873,-0.14481,0.00605,-0.83875
190.12,SYN.ETH-28FEB20,1580727542195,open,0.43,46.0,0.404,0.443,0.423264,105.73,0.428,0.0,ETH-28FEB20-110-C,187.67,0.0,0.417,41.0,0.435,41.0,158.9,0.02091,-0.04444,0.07253,0.0008,0.98301
188.06,SYN.ETH-7FEB20,1580727542194,open,0.0,745.0,0.001,0.011,0.000214,90.68,0.001,0.0,ETH-7FEB20-150-P,187.67,0.0,0.0,0.0,0.001,8.0,112.48,0.00369,-0.04017,-0.00014,0.00108,-0.00682
188.06,SYN.ETH-7FEB20,1580727542194,open,0.01,1933.0,0.001,0.031,0.009842,75.67,0.016,0.0,ETH-7FEB20-200-C,187.67,72.92,0.009,240.0,0.011,516.0,79.35,0.05833,-0.56945,0.00433,0.02053,0.22648
188.06,SYN.ETH-7FEB20,1580727542193,open,0.0,652.0,0.001,0.011,0.001441,90.39,0.001,0.0,ETH-7FEB20-160-P,187.67,84.58,0.001,950.0,0.002,9.0,96.43,0.01582,-0.18446,-0.00078,0.00466,-0.03742
190.12,SYN.ETH-28FEB20,1580727542193,open,0.01,1421.0,0.001,0.02,0.007399,85.34,0.006,0.0,ETH-28FEB20-140-P,187.67,81.1,0.006,1150.0,0.009,1475.0,89.76,0.06576,-0.1128,-0.00987,0.00313,-0.0688
190.12,SYN.ETH-28FEB20,1580727542194,open,0.18,2.0,0.144,0.232,0.186672,77.03,0.257,0.0,ETH-28FEB20-220-P,187.67,0.0,0.001,1.0,0.0,0.0,0.0,0.16283,-0.25213,-0.11931,0.00858,-0.73414
188.06,SYN.ETH-7FEB20,1580727542193,open,0.01,1002.0,0.001,0.019,0.004016,82.02,0.005,0.0,ETH-7FEB20-210-C,187.67,76.17,0.003,1281.0,0.005,408.0,87.08,0.03481,-0.36833,0.00198,0.0113,0.10324
203.8,SYN.ETH-25SEP20,1580727542197,open,1.96,0.0,1.88,2.116,1.990904,96.54,None,0.0,ETH-25SEP20-600-P,187.67,0.0,0.0,0.0,0.0,0.0,0.0,0.3928,-0.08073,-3.71651,0.00152,-0.84304
188.06,SYN.ETH-7FEB20,1580727542194,open,0.11,3.0,0.085,0.159,0.120623,81.7,0.106,0.0,ETH-7FEB20-210-P,187.67,0.0,0.001,1.0,1.121,10.0,500.0,0.03457,-0.36442,-0.02033,0.01127,-0.89771
190.12,SYN.ETH-28FEB20,1580727542194,open,0.03,655.0,0.01,0.055,0.02955,77.1,0.03,0.0,ETH-28FEB20-220-C,187.67,75.28,0.028,217.0,0.031,830.0,78.79,0.16291,-0.25248,0.03065,0.00858,0.26611
190.12,SYN.ETH-28FEB20,1580727542195,open,0.19,513.0,0.145,0.209,0.177853,76.25,0.149,0.0,ETH-28FEB20-160-C,187.67,55.49,0.166,56.0,0.203,56.0,110.56,0.12419,-0.19034,0.08488,0.00661,0.83295
190.12,SYN.ETH-28FEB20,1580727542194,open,0.31,0.0,0.282,0.376,0.326963,82.66,None,0.0,ETH-28FEB20-250-P,187.67,0.0,0.001,1.0,0.0,0.0,0.0,0.10091,-0.16766,-0.15602,0.00496,-0.87719
188.06,SYN.ETH-7FEB20,1580727542194,open,0.21,84.0,0.178,0.227,0.202637,92.71,0.215,0.0,ETH-7FEB20-150-C,187.67,0.0,0.193,51.0,0.217,51.0,209.55,0.00419,-0.05009,0.01577,0.0012,0.99213
188.06,SYN.ETH-7FEB20,1580727542196,open,0.26,7.0,0.233,0.277,0.255613,100.57,0.232,0.0,ETH-7FEB20-140-C,187.67,0.0,0.248,33.0,0.268,33.0,242.13,0.00116,-0.01499,0.01483,0.00031,0.99813
188.75,SYN.ETH-14FEB20,1580727542193,open,0.01,450.0,0.001,0.023,0.006865,85.7,0.009,0.0,ETH-14FEB20-230-C,187.67,82.82,0.006,300.0,0.008,980.0,89.23,0.05859,-0.23084,0.00543,0.00644,0.10341
190.12,SYN.ETH-28FEB20,1580727542195,open,0.04,229.0,0.017,0.069,0.040333,75.25,0.044,0.0,ETH-28FEB20-210-C,187.67,73.85,0.039,192.0,0.042,650.0,76.98,0.18218,-0.27554,0.03903,0.00983,0.34159
203.8,SYN.ETH-25SEP20,1580727542193,open,0.28,209.0,0.217,0.332,0.275422,85.55,0.26,0.0,ETH-25SEP20-200-C,187.67,83.74,0.27,330.0,0.281,374.0,87.42,0.60893,-0.1109,0.48404,0.00266,0.64451
203.8,SYN.ETH-25SEP20,1580727542194,open,0.25,41.0,0.193,0.323,0.256739,85.54,0.399,0.0,ETH-25SEP20-200-P,187.67,79.96,0.24,221.0,0.266,221.0,88.64,0.60894,-0.11088,-0.80292,0.00266,-0.35551
203.8,SYN.ETH-25SEP20,1580727542195,open,0.14,290.0,0.098,0.199,0.146582,85.67,0.165,0.0,ETH-25SEP20-160-P,187.67,83.84,0.142,457.0,0.151,269.0,87.43,0.51202,-0.09338,-0.51132,0.00224,-0.24331
188.06,SYN.ETH-7FEB20,1580727542193,open,0.32,67.0,0.288,0.329,0.308768,119.04,0.258,0.0,ETH-7FEB20-130-C,187.67,0.0,0.301,35.0,0.32,35.0,279.66,0.00069,-0.01062,0.01378,0.00015,0.99893
190.12,SYN.ETH-28FEB20,1580727542194,open,0.0,830.0,0.001,0.011,0.000193,105.71,0.001,0.0,ETH-28FEB20-90-P,187.67,0.0,0.0,0.0,0.001,660.0,128.06,0.00343,-0.00729,-0.00031,0.00013,-0.0022
188.06,SYN.ETH-7FEB20,1580727542194,open,0.37,2.0,0.343,0.381,0.361939,141.75,0.372,0.0,ETH-7FEB20-120-C,187.67,0.0,0.355,37.0,0.372,37.0,317.72,0.00054,-0.00994,0.01272,0.0001,0.99918
203.8,SYN.ETH-25SEP20,1580727542195,open,0.25,667.0,0.182,0.3,0.242143,85.89,0.237,0.0,ETH-25SEP20-220-C,187.67,83.92,0.236,377.0,0.248,750.0,87.77,0.63467,-0.11604,0.4592,0.00276,0.5923
190.12,SYN.ETH-28FEB20,1580727542194,open,0.23,676.0,0.193,0.252,0.222936,80.19,0.246,0.0,ETH-28FEB20-150-C,187.67,46.13,0.212,55.0,0.244,55.0,115.81,0.09215,-0.14851,0.08668,0.00467,0.89193
188.06,SYN.ETH-7FEB20,1580727542193,open,0.0,2939.0,0.001,0.013,0.001875,90.03,0.004,0.0,ETH-7FEB20-220-C,187.67,80.31,0.001,2035.0,0.003,364.0,99.27,0.02,-0.23229,0.00096,0.00592,0.05004
203.8,SYN.ETH-25SEP20,1580727542193,open,0.06,25.0,0.026,0.11,0.06145,95.1,0.059,0.0,ETH-25SEP20-520-C,187.67,93.08,0.057,296.0,0.066,662.0,97.11,0.45585,-0.09229,0.17995,0.00179,0.19867
190.12,SYN.ETH-28FEB20,1580727542193,open,0.33,38.0,0.297,0.346,0.321173,92.73,0.281,0.0,ETH-28FEB20-130-C,187.67,0.0,0.316,1.0,0.337,57.0,135.29,0.04738,-0.08831,0.08207,0.00207,0.9546
190.12,SYN.ETH-28FEB20,1580727542193,open,0.58,1.0,0.567,0.591,0.579271,109.62,0.522,0.0,ETH-28FEB20-80-C,187.67,0.0,0.576,49.0,0.588,49.0,211.82,0.00131,-0.00289,0.05441,5e-05,0.99923
198.84,ETH-26JUN20,1580727542202,open,0.06,1985.0,0.026,0.102,0.059545,91.87,0.059,0.0,ETH-26JUN20-360-C,187.67,89.99,0.056,500.0,0.063,432.0,93.67,0.37854,-0.12085,0.13315,0.00264,0.22942
203.8,SYN.ETH-25SEP20,1580727542194,open,0.19,702.0,0.142,0.258,0.198642,85.64,0.219,0.0,ETH-25SEP20-180-P,187.67,83.97,0.194,441.0,0.203,255.0,87.2,0.56847,-0.10363,-0.65401,0.00248,-0.30006
203.8,SYN.ETH-25SEP20,1580727542194,open,0.37,31.0,0.309,0.411,0.361528,85.68,0.362,0.0,ETH-25SEP20-160-C,187.67,79.5,0.346,120.0,0.378,120.0,92.24,0.51202,-0.09339,0.51822,0.00224,0.75669
203.8,SYN.ETH-25SEP20,1580727542194,open,1.77,0.0,1.693,1.922,1.801122,95.78,None,0.0,ETH-25SEP20-560-P,187.67,0.0,0.0,0.0,0.0,0.0,0.0,0.42266,-0.08618,-3.4429,0.00165,-0.82419
190.12,SYN.ETH-28FEB20,1580727542194,open,0.53,20.0,0.512,0.541,0.526825,107.03,0.328,0.0,ETH-28FEB20-90-C,187.67,0.0,0.523,46.0,0.536,46.0,189.01,0.00375,-0.00808,0.06099,0.00014,0.99757
190.12,SYN.ETH-28FEB20,1580727542194,open,0.11,1851.0,0.07,0.138,0.104278,73.79,0.104,0.0,ETH-28FEB20-180-C,187.67,70.4,0.101,384.0,0.105,634.0,74.54,0.1842,-0.2732,0.07046,0.01013,0.64809
190.12,SYN.ETH-28FEB20,1580727542194,open,0.0,1339.0,0.001,0.011,4.2e-05,105.86,0.002,0.0,ETH-28FEB20-80-P,187.67,0.0,0.0,0.0,0.001,660.0,146.58,0.00094,-0.002,-8e-05,4e-05,-0.00054
190.12,SYN.ETH-28FEB20,1580727542196,open,0.02,1035.0,0.006,0.045,0.021896,79.2,0.023,0.0,ETH-28FEB20-230-C,187.67,77.99,0.021,217.0,0.023,830.0,80.67,0.14173,-0.22561,0.02395,0.00727,0.20675
192.85,ETH-27MAR20,1580727542209,open,0.16,3675.0,0.113,0.192,0.153387,80.09,0.165,0.0,ETH-27MAR20-180-C,187.67,77.7,0.15,1089.0,0.157,1265.0,82.65,0.27257,-0.20644,0.13805,0.00632,0.64752
198.83,ETH-26JUN20,1580727542217,open,0.05,3962.0,0.018,0.085,0.045887,93.28,0.042,0.0,ETH-26JUN20-400-C,187.67,92.15,0.044,401.0,0.048,120.0,94.54,0.33196,-0.10762,0.10815,0.00228,0.18388
198.83,ETH-26JUN20,1580727542219,open,0.04,930.0,0.012,0.07,0.03548,94.24,0.036,0.0,ETH-26JUN20-440-C,187.67,92.5,0.033,759.0,0.038,120.0,95.95,0.28796,-0.0943,0.08788,0.00196,0.14761
192.85,ETH-27MAR20,1580727542240,open,0.01,262.0,0.001,0.018,0.006935,94.79,0.01,0.0,ETH-27MAR20-110-P,187.67,91.91,0.006,957.0,0.008,585.0,97.84,0.06483,-0.05811,-0.01346,0.00127,-0.04124
192.85,ETH-27MAR20,1580727542242,open,0.02,2787.0,0.008,0.044,0.022122,83.59,0.018,0.0,ETH-27MAR20-140-P,187.67,82.12,0.021,507.0,0.024,565.0,86.0,0.14843,-0.11733,-0.04023,0.0033,-0.12186
192.85,ETH-27MAR20,1580727542244,open,0.16,3675.0,0.113,0.192,0.153387,80.09,0.165,0.0,ETH-27MAR20-180-C,187.67,77.7,0.15,1087.0,0.157,1265.0,82.65,0.27257,-0.20644,0.13805,0.00632,0.64752
192.85,ETH-27MAR20,1580727542246,open,0.08,3033.0,0.038,0.107,0.07076,79.87,0.07,0.0,ETH-27MAR20-220-C,187.67,78.66,0.069,1131.0,0.072,200.0,80.72,0.28147,-0.21258,0.08898,0.00654,0.38924
192.85,ETH-27MAR20,1580727542261,open,0.05,4875.0,0.022,0.083,0.049472,82.1,0.061,0.0,ETH-27MAR20-240-C,187.67,80.98,0.048,830.0,0.051,225.0,83.27,0.25259,-0.19611,0.06813,0.00571,0.29333
192.86,ETH-27MAR20,1580727542262,open,0.03,3137.0,0.008,0.052,0.025786,87.02,0.032,0.0,ETH-27MAR20-280-C,187.67,85.13,0.024,515.0,0.028,772.0,89.29,0.1847,-0.15198,0.03987,0.00394,0.1685
190.12,SYN.ETH-28FEB20,1580727542266,open,0.0,899.0,0.001,0.015,0.004927,92.58,0.003,0.0,ETH-28FEB20-130-P,187.67,88.64,0.004,775.0,0.006,1215.0,96.68,0.0472,-0.08783,-0.00649,0.00207,-0.04518
190.12,SYN.ETH-28FEB20,1580727542268,open,0.02,271.0,0.006,0.04,0.019396,76.18,0.016,0.0,ETH-28FEB20-160-P,187.67,74.02,0.018,1090.0,0.021,538.0,78.61,0.12411,-0.19004,-0.02413,0.00661,-0.16687
190.12,SYN.ETH-28FEB20,1580727542270,open,0.03,431.0,0.012,0.058,0.031921,74.14,0.03,0.0,ETH-28FEB20-170-P,187.67,71.81,0.03,599.0,0.034,805.0,76.64,0.15771,-0.23503,-0.03652,0.00863,-0.24997
188.06,SYN.ETH-7FEB20,1580727542285,open,0.11,900.0,0.07,0.129,0.099543,76.26,0.126,0.0,ETH-7FEB20-170-C,187.67,84.14,0.101,487.0,0.103,471.0,93.56,0.03218,-0.31658,0.01613,0.01124,0.90726
9971.58,SYN.BTC-25SEP20,1580727542362,open,0.04,204.6,0.0205,0.0665,0.03880544,67.74,0.0365,0.0,BTC-25SEP20-6000-P,9299.32,65.91,0.036,17.8,0.04,9.9,68.51,15.41243,-2.22268,-9.79345,4e-05,-0.11382
9755.2,BTC-26JUN20,1580727542945,open,0.18,199.8,0.1405,0.2325,0.18192886,67.17,0.172,0.0,BTC-26JUN20-10000-P,9299.25,60.75,0.166,15.8,0.19,15.2,70.43,24.153,-5.63791,-23.89819,0.0001,-0.43956
9755.2,BTC-26JUN20,1580727542945,open,1.26,0.0,1.2175,1.338,1.27171097,80.14,None,0.0,BTC-26JUN20-22000-P,9299.25,0.0,0.11,1.0,2.22,0.1,500.0,9.62749,-2.68119,-84.04122,3e-05,-0.91384
9538.36,BTC-27MAR20,1580727542945,open,0.0,341.9,0.0005,0.012,0.00216512,96.5,0.0025,0.0,BTC-27MAR20-22000-C,9299.25,92.1,0.0015,93.0,0.003,71.4,100.88,1.62489,-1.48277,0.22203,1e-05,0.01823
9755.2,BTC-26JUN20,1580727542945,open,0.86,1.0,0.824,0.938,0.87488932,75.84,0.9,0.0,BTC-26JUN20-18000-P,9299.25,0.0,0.0,0.0,2.1,0.1,500.0,14.10338,-3.71719,-66.43377,5e-05,-0.85277
9755.2,BTC-26JUN20,1580727542945,open,0.6,0.5,0.5835,0.61,0.59495202,80.66,0.589,0.0,BTC-26JUN20-4000-C,9299.25,44.87,0.59,12.4,0.6055,12.2,103.34,3.2181,-0.90213,14.72826,1e-05,0.97797
9538.36,BTC-27MAR20,1580727542945,open,0.24,0.0,0.208,0.2565,0.23062174,62.22,None,0.0,BTC-27MAR20-7500-C,9299.25,57.49,0.227,12.0,0.234,2.5,66.32,7.61771,-4.4821,8.85572,9e-05,0.87152
9755.2,BTC-26JUN20,1580727542945,open,0.01,110.3,0.0005,0.0285,0.00919278,87.02,0.011,0.0,BTC-26JUN20-28000-C,9299.25,85.9,0.0085,29.0,0.01,26.5,88.26,6.19398,-1.87316,1.52248,2e-05,0.04879
9755.2,BTC-26JUN20,1580727542945,open,0.32,6.7,0.279,0.3835,0.32631012,68.6,0.4395,0.0,BTC-26JUN20-12000-P,9299.25,0.0,0.033,0.4,0.54,0.1,154.96,23.58742,-5.62292,-35.80053,9e-05,-0.60471
9538.36,BTC-27MAR20,1580727542945,open,0.01,1925.5,0.0005,0.022,0.00722428,80.12,0.008,0.0,BTC-27MAR20-16000-C,9299.25,79.63,0.007,32.0,0.0075,8.9,80.71,4.39843,-3.33224,0.74737,4e-05,0.06131
9538.36,BTC-27MAR20,1580727542946,open,1.08,5.2,1.0565,1.1505,1.09995077,92.18,2.035,0.0,BTC-27MAR20-20000-P,9299.25,0.0,0.0,0.0,0.0,0.0,0.0,2.22772,-1.94181,-28.65042,2e-05,-0.9735
9538.36,BTC-27MAR20,1580727542946,open,0.03,1703.5,0.012,0.0545,0.02846569,66.91,0.03,0.0,BTC-27MAR20-12000-C,9299.25,66.49,0.028,0.3,0.029,21.5,67.38,10.73284,-6.79072,2.63842,0.00012,0.21941
9538.36,BTC-27MAR20,1580727542946,open,0.0,162.0,0.0005,0.0105,0.00059291,118.43,0.0005,0.0,BTC-27MAR20-34000-C,9299.25,0.0,0.0,0.0,0.001,21.1,124.74,0.5003,-0.56027,0.05727,0.0,0.00474
9755.2,BTC-26JUN20,1580727542946,open,0.01,493.2,0.0035,0.036,0.01322316,82.53,0.014,0.0,BTC-26JUN20-24000-C,9299.25,81.66,0.0125,15.0,0.014,10.8,83.44,8.19338,-2.35003,2.17045,3e-05,0.06967
9538.36,BTC-27MAR20,1580727542946,open,0.0,1437.8,0.0005,0.0105,0.00029217,87.16,0.0015,0.0,BTC-27MAR20-4000-P,9299.25,0.0,0.0,0.0,0.001,40.0,100.91,0.29938,-0.24676,-0.04098,0.0,-0.00267
9538.36,BTC-27MAR20,1580727542946,open,0.01,1286.5,0.001,0.0255,0.01064446,64.99,0.0105,0.0,BTC-27MAR20-7000-P,9299.25,64.74,0.0105,44.0,0.011,3.2,65.59,5.63111,-3.46061,-1.31657,7e-05,-0.08464
9538.36,BTC-27MAR20,1580727542946,open,0.0,212.4,0.0005,0.0115,0.00173197,101.74,0.002,0.0,BTC-27MAR20-24000-C,9299.25,99.97,0.0015,20.0,0.002,1.1,103.58,1.31838,-1.26833,0.17347,1e-05,0.01429
9755.2,BTC-26JUN20,1580727542946,open,0.0,443.5,0.0005,0.0145,0.00499226,80.67,0.0045,0.0,BTC-26JUN20-4000-P,9299.25,79.14,0.0045,27.0,0.0055,44.3,82.17,3.21902,-0.90247,-1.03932,1e-05,-0.02204
9538.36,BTC-27MAR20,1580727542946,open,0.33,0.0,0.308,0.3465,0.32557208,69.29,None,0.0,BTC-27MAR20-6500-C,9299.25,53.63,0.3205,12.0,0.344,12.0,99.94,4.11669,-2.69721,8.54041,5e-05,0.94365
9755.2,BTC-26JUN20,1580727542946,open,0.7,26.6,0.684,0.7035,0.69391507,85.64,0.6925,0.0,BTC-26JUN20-3000-C,9299.25,57.47,0.6925,9.0,0.7025,9.0,120.06,1.17984,-0.35114,11.50422,0.0,0.99309
9538.36,BTC-27MAR20,1580727542946,open,0.0,736.7,0.0005,0.017,0.00470146,86.85,0.0045,0.0,BTC-27MAR20-18000-C,9299.25,86.22,0.0045,24.0,0.005,8.5,87.75,3.1006,-2.54649,0.4817,3e-05,0.03956
9755.2,BTC-26JUN20,1580727542946,open,1.46,0.0,1.417,1.5425,1.47346968,82.56,None,0.0,BTC-26JUN20-24000-P,9299.25,0.0,0.0005,1.0,0.0,0.0,0.0,8.20042,-2.35273,-92.43053,3e-05,-0.93025
9755.2,BTC-26JUN20,1580727542946,open,0.33,115.9,0.2975,0.3595,0.3257912,67.16,0.3235,0.0,BTC-26JUN20-7000-C,9299.25,63.63,0.3205,21.0,0.3335,21.0,72.13,14.85097,-3.46636,19.8051,6e-05,0.84084
9538.36,BTC-27MAR20,1580727542946,open,0.28,66.3,0.251,0.3285,0.28651682,66.89,0.2675,0.0,BTC-27MAR20-12000-P,9299.25,59.89,0.279,14.9,0.31,0.1,85.99,10.7298,-6.78638,-14.7465,0.00012,-0.7807
9538.36,BTC-27MAR20,1580727542947,open,0.0,162.3,0.0005,0.0105,0.0008984,113.1,0.001,0.0,BTC-27MAR20-30000-C,9299.25,106.68,0.0005,51.6,0.0015,64.0,119.59,0.72609,-0.77654,0.0872,0.0,0.00721
9538.36,BTC-27MAR20,1580727542947,open,2.54,0.0,2.495,2.641,2.56507225,116.93,None,0.0,BTC-27MAR20-34000-P,9299.25,0.0,0.0,0.0,0.0,0.0,0.0,0.45183,-0.49959,-49.20283,0.0,-0.99577
9538.36,BTC-27MAR20,1580727542947,open,0.0,1315.4,0.0005,0.0145,0.00476293,74.46,0.004,0.0,BTC-27MAR20-6000-P,9299.25,73.6,0.0045,24.0,0.005,16.1,75.2,2.98395,-2.10088,-0.58734,3e-05,-0.03774
9538.36,BTC-27MAR20,1580727542947,open,0.0,538.6,0.0005,0.0115,0.00174489,83.29,0.0015,0.0,BTC-27MAR20-5000-P,9299.25,81.41,0.0015,43.0,0.002,2.1,85.09,1.29966,-1.02365,-0.21827,1e-05,-0.01405
9538.36,BTC-27MAR20,1580727542947,open,0.48,21.6,0.466,0.4915,0.47755675,83.37,0.485,0.0,BTC-27MAR20-5000-C,9299.25,63.42,0.476,8.0,0.489,8.0,124.08,1.30484,-1.02873,7.02393,1e-05,0.98588
9755.2,BTC-26JUN20,1580727542947,open,0.07,693.0,0.034,0.1035,0.06227853,71.08,0.0645,0.0,BTC-26JUN20-14000-C,9299.25,70.0,0.06,29.4,0.0645,22.3,72.13,20.5752,-5.08272,8.32705,8e-05,0.27883
9538.36,BTC-27MAR20,1580727542946,open,0.0,318.1,0.0005,0.0105,0.00039493,118.43,0.0005,0.0,BTC-27MAR20-36000-C,9299.25,0.0,0.0,0.0,0.001,59.3,129.41,0.35721,-0.40004,0.03948,0.0,0.00325
9755.2,BTC-26JUN20,1580727542947,open,0.01,417.9,0.001,0.025,0.01075127,73.62,0.01,0.0,BTC-26JUN20-5000-P,9299.25,72.38,0.01,25.0,0.0115,20.7,74.82,5.98788,-1.53206,-2.21176,2e-05,-0.04677
9538.29,BTC-27MAR20,1580727542947,open,0.0,898.4,0.0005,0.0105,0.0001799,118.43,0.0005,0.0,BTC-27MAR20-40000-C,9299.25,0.0,0.0,0.0,0.0005,32.0,129.1,0.18402,-0.20608,0.01912,0.0,0.00156
9755.2,BTC-26JUN20,1580727542947,open,0.01,428.2,0.0005,0.0235,0.00671557,90.71,0.007,0.0,BTC-26JUN20-32000-C,9299.25,89.21,0.006,31.0,0.0075,23.1,92.24,4.82513,-1.52102,1.1198,1e-05,0.03584
9755.13,BTC-26JUN20,1580727542947,open,0.41,79.7,0.384,0.432,0.40570972,67.81,0.4075,0.0,BTC-26JUN20-6000-C,9299.25,54.86,0.3945,12.0,0.425,16.0,84.79,9.76284,-2.30057,19.47661,4e-05,0.91222
9538.29,BTC-27MAR20,1580727542947,open,0.04,338.7,0.0235,0.0715,0.04353437,61.07,0.0375,0.0,BTC-27MAR20-8500-P,9299.25,59.45,0.0415,2.5,0.0435,52.4,61.04,12.00935,-6.93516,-4.33582,0.00015,-0.27025
9755.13,BTC-26JUN20,1580727542948,open,0.04,283.2,0.02,0.079,0.04244961,73.7,0.046,0.0,BTC-26JUN20-16000-C,9299.25,72.87,0.041,0.5,0.044,14.3,74.57,17.19954,-4.40527,6.09779,6e-05,0.20103
9538.29,BTC-27MAR20,1580727542947,open,0.0,135.9,0.0005,0.0125,0.00298588,78.99,0.003,0.0,BTC-27MAR20-5500-P,9299.25,76.59,0.0025,62.0,0.0035,18.8,81.29,2.03349,-1.51896,-0.36965,2e-05,-0.02377
9538.29,BTC-27MAR20,1580727542948,open,2.75,0.0,2.7005,2.854,2.77454952,115.22,None,0.0,BTC-27MAR20-36000-P,9299.25,0.0,0.0,0.0,0.0,0.0,0.0,0.27991,-0.30498,-52.12106,0.0,-0.99752
9755.13,BTC-26JUN20,1580727542948,open,0.01,104.7,0.0005,0.0275,0.00848144,90.11,0.009,0.0,BTC-26JUN20-30000-C,9299.25,89.28,0.008,1.0,0.009,35.5,90.98,5.73239,-1.79511,1.37728,2e-05,0.0443
9755.13,BTC-26JUN20,1580727542947,open,0.04,230.4,0.0235,0.073,0.04336311,67.17,0.0425,0.0,BTC-26JUN20-7000-P,9299.25,66.6,0.0425,1.0,0.0435,10.7,67.26,14.85148,-3.46663,-7.78806,6e-05,-0.15917
9538.29,BTC-27MAR20,1580727542947,open,0.16,76.1,0.125,0.1835,0.15241453,61.09,0.16,0.0,BTC-27MAR20-8500-C,9299.25,57.96,0.1485,2.5,0.154,10.0,62.35,12.01026,-6.93797,7.97678,0.00015,0.7297
9538.29,BTC-27MAR20,1580727542948,open,0.58,33.4,0.571,0.5905,0.58094166,87.54,0.5875,0.0,BTC-27MAR20-4000-C,9299.25,0.0,0.5775,10.0,0.5895,10.0,146.05,0.3082,-0.25512,5.75224,0.0,0.99724
9755.13,BTC-26JUN20,1580727542948,open,0.02,413.0,0.009,0.041,0.02077135,67.81,0.02,0.0,BTC-26JUN20-6000-P,9299.25,67.03,0.02,36.0,0.0215,0.7,68.53,9.76294,-2.30061,-4.17426,4e-05,-0.08778
9755.13,BTC-26JUN20,1580727542948,open,1.06,0.1,1.0195,1.136,1.07169801,77.81,1.85,0.0,BTC-26JUN20-20000-P,9299.25,0.0,0.0005,2.0,1.88,0.1,493.92,11.53253,-3.11841,-75.42451,4e-05,-0.88979
9755.13,BTC-26JUN20,1580727542948,open,0.01,404.4,0.001,0.0315,0.01085972,84.78,0.0125,0.0,BTC-26JUN20-26000-C,9299.25,83.56,0.01,31.5,0.0115,7.1,85.65,7.06147,-2.08044,1.79556,2e-05,0.05755
9538.29,BTC-27MAR20,1580727542948,open,0.02,763.6,0.0065,0.0355,0.01690395,62.2,0.017,0.0,BTC-27MAR20-7500-P,9299.25,61.69,0.0165,26.5,0.0175,16.2,62.94,7.61518,-4.47903,-2.00807,9e-05,-0.12842
9411.78,SYN.BTC-28FEB20,1580727542945,open,0.17,266.9,0.1385,0.1835,0.16003994,57.93,0.165,0.0,BTC-28FEB20-8000-C,9299.25,41.74,0.153,11.0,0.1705,11.0,74.98,5.05851,-5.89013,4.58588,0.00014,0.87498
9538.29,BTC-27MAR20,1580727542949,open,0.0,338.5,0.0005,0.011,0.00143463,106.55,0.001,0.0,BTC-27MAR20-26000-C,9299.25,102.28,0.001,37.9,0.002,65.2,110.88,1.10123,-1.1095,0.14049,1e-05,0.0116
9538.29,BTC-27MAR20,1580727542948,open,0.0,36.9,0.0005,0.0105,0.00091233,87.13,0.002,0.0,BTC-27MAR20-4500-P,9299.25,80.8,0.0005,83.0,0.0015,40.0,93.37,0.75402,-0.62123,-0.11658,1e-05,-0.00752
9538.29,BTC-27MAR20,1580727542948,open,0.0,815.0,0.0005,0.0135,0.00320257,92.39,0.004,0.0,BTC-27MAR20-20000-C,9299.25,89.16,0.0025,77.5,0.004,45.9,95.53,2.24973,-1.96539,0.32623,2e-05,0.02681
9538.29,BTC-27MAR20,1580727542948,open,0.47,67.8,0.4445,0.5235,0.48044851,72.86,0.48,0.0,BTC-27MAR20-14000-P,9299.25,0.0,0.4,0.1,0.6795,1.5,224.47,6.67138,-4.59646,-18.9841,7e-05,-0.89346
9538.29,BTC-27MAR20,1580727542948,open,0.02,644.6,0.0065,0.04,0.0181956,69.39,0.023,0.0,BTC-27MAR20-13000-C,9299.25,68.6,0.0175,24.0,0.019,0.1,70.29,8.43054,-5.53191,1.80876,9e-05,0.1491
9755.13,BTC-26JUN20,1580727542949,open,0.67,1.6,0.6325,0.7445,0.68261396,73.7,0.667,0.0,BTC-26JUN20-16000-P,9299.25,0.0,0.0,0.0,0.757,1.0,109.16,17.19978,-4.40539,-56.97089,6e-05,-0.79897
9538.29,BTC-27MAR20,1580727542949,open,1.91,0.0,1.878,2.0,1.93635229,106.27,None,0.0,BTC-27MAR20-28000-P,9299.25,0.0,0.0,0.0,0.0,0.0,0.0,0.70214,-0.70555,-40.47755,1e-05,-0.99306
9538.29,BTC-27MAR20,1580727542949,open,0.57,0.0,0.5455,0.626,0.58202669,76.61,None,0.0,BTC-27MAR20-15000-P,9299.25,0.0,0.0,0.0,0.94,1.0,340.85,5.38274,-3.89922,-20.75836,5e-05,-0.92028
9538.29,BTC-27MAR20,1580727542948,open,0.53,28.5,0.519,0.541,0.52914301,87.3,0.5365,0.0,BTC-27MAR20-4500-C,9299.25,0.0,0.525,9.0,0.539,9.0,134.35,0.76146,-0.62857,6.40099,1e-05,0.99239
9538.29,BTC-27MAR20,1580727542949,open,0.01,278.8,0.0005,0.0265,0.00946228,76.68,0.01,0.0,BTC-27MAR20-15000-C,9299.25,75.86,0.009,24.0,0.01,28.2,77.62,5.39597,-3.91282,0.97435,5e-05,0.07998
9755.13,BTC-26JUN20,1580727542949,open,0.02,1146.7,0.0075,0.0495,0.02149258,77.81,0.0235,0.0,BTC-26JUN20-20000-C,9299.25,77.39,0.021,3.0,0.022,7.7,78.23,11.53197,-3.11819,3.41128,4e-05,0.11021
9538.29,BTC-27MAR20,1580727542949,open,1.29,5.6,1.262,1.362,1.30859293,96.12,1.545,0.0,BTC-27MAR20-22000-P,9299.25,0.0,0.0,0.0,0.0,0.0,0.0,1.59147,-1.44646,-31.65341,1e-05,-0.98221
9972.0,SYN.BTC-25SEP20,1580727542945,open,0.04,58.5,0.015,0.075,0.03597376,79.04,0.0395,0.0,BTC-25SEP20-24000-C,9299.25,78.22,0.0345,1.0,0.0375,16.9,79.88,18.04068,-3.0357,6.85152,4e-05,0.14275
9538.29,BTC-27MAR20,1580727542949,open,1.71,0.0,1.673,1.788,1.72721295,105.86,None,0.0,BTC-27MAR20-26000-P,9299.25,0.0,0.0,0.0,0.0,0.0,0.0,1.05887,-1.06,-37.53039,1e-05,-0.98891
9538.29,BTC-27MAR20,1580727542950,open,0.28,454.1,0.2565,0.3,0.27678106,65.02,0.28,0.0,BTC-27MAR20-7000-C,9299.25,62.8,0.2755,2.5,0.2825,12.0,73.84,5.63586,-3.46533,8.82237,7e-05,0.91527
9316.84,SYN.BTC-7FEB20,1580727542945,open,0.05,117.8,0.0315,0.0815,0.05403199,56.93,0.0405,0.0,BTC-7FEB20-9750-P,9299.25,44.63,0.0505,2.5,0.0575,2.5,67.55,2.90124,-21.30814,-0.81715,0.00055,-0.77196
9755.13,BTC-26JUN20,1580727542950,open,0.49,12.5,0.448,0.5575,0.49742233,71.09,0.619,0.0,BTC-26JUN20-14000-P,9299.25,0.0,0.0,0.0,0.69,1.0,150.79,20.57511,-5.0828,-46.8582,8e-05,-0.72117
9411.78,SYN.BTC-28FEB20,1580727542945,open,0.0,303.8,0.0005,0.0105,0.00020146,90.78,0.0005,0.0,BTC-28FEB20-5000-P,9299.25,0.0,0.0,0.0,0.001,41.0,109.9,0.20147,-0.36763,-0.01833,0.0,-0.00266
9755.13,BTC-26JUN20,1580727542951,open,0.02,108.9,0.005,0.0415,0.01648948,80.12,0.018,0.0,BTC-26JUN20-22000-C,9299.25,79.62,0.016,3.0,0.017,7.4,80.64,9.62304,-2.67949,2.67688,3e-05,0.0861
9972.0,SYN.BTC-25SEP20,1580727542946,open,0.01,128.4,0.0005,0.021,0.00897528,72.65,0.01,0.0,BTC-25SEP20-4000-P,9299.25,70.88,0.008,15.0,0.01,12.3,74.4,5.67082,-0.87702,-2.5988,1e-05,-0.03152
9538.29,BTC-27MAR20,1580727542951,open,0.0,206.5,0.0005,0.0105,0.00089872,107.35,0.0015,0.0,BTC-27MAR20-28000-C,9299.25,101.17,0.0005,90.2,0.0015,56.0,113.61,0.7539,-0.76532,0.09154,1e-05,0.00752
9316.84,SYN.BTC-7FEB20,1580727542947,open,0.31,0.3,0.2885,0.316,0.30234128,95.76,0.308,0.0,BTC-7FEB20-6500-C,9299.25,0.0,0.2975,6.0,0.3145,6.0,280.0,0.00411,-0.05076,0.69008,0.0,0.99989
9348.49,SYN.BTC-14FEB20,1580727542945,open,0.23,0.0,0.209,0.2435,0.22541316,73.52,None,0.0,BTC-14FEB20-7250-C,9299.25,0.0,0.2175,6.0,0.242,6.0,144.42,0.76106,-2.57252,2.10361,4e-05,0.98061
9755.13,BTC-26JUN20,1580727542952,open,0.26,224.4,0.224,0.298,0.25812971,67.17,0.269,0.0,BTC-26JUN20-8000-C,9299.25,64.07,0.252,15.0,0.265,22.0,70.61,19.37415,-4.52228,18.99576,8e-05,0.75213
9348.49,SYN.BTC-14FEB20,1580727542945,open,0.0,140.3,0.0005,0.0105,0.00093468,73.46,0.001,0.0,BTC-14FEB20-7250-P,9299.25,67.0,0.0005,70.9,0.0015,16.7,79.43,0.75847,-2.56159,-0.0564,4e-05,-0.01931
9972.0,SYN.BTC-25SEP20,1580727542946,open,0.86,0.2,0.81,0.9465,0.8708375,74.21,1.02,0.0,BTC-25SEP20-18000-P,9299.25,0.0,0.0,0.0,1.17,0.5,171.86,25.07597,-3.96155,-104.41136,5e-05,-0.75629
9411.78,SYN.BTC-28FEB20,1580727542948,open,0.01,313.2,0.0005,0.0225,0.00793537,68.18,0.008,0.0,BTC-28FEB20-12000-C,9299.25,66.09,0.007,52.0,0.009,60.0,70.42,4.34313,-5.95186,0.59688,0.00011,0.10099
9538.29,BTC-27MAR20,1580727542953,open,2.12,0.0,2.084,2.2145,2.14602723,111.89,None,0.0,BTC-27MAR20-30000-P,9299.25,0.0,0.0,0.0,0.0,0.0,0.0,0.67236,-0.71137,-43.37935,0.0,-0.99339
9348.49,SYN.BTC-14FEB20,1580727542945,open,0.0,46.8,0.0005,0.0115,0.00195097,78.41,0.0025,0.0,BTC-14FEB20-12000-C,9299.25,74.98,0.0015,68.0,0.0025,10.1,82.0,1.32735,-4.78502,0.0998,7e-05,0.03778
9411.78,SYN.BTC-28FEB20,1580727542945,open,0.21,94.8,0.1895,0.23,0.20865144,62.78,0.221,0.0,BTC-28FEB20-7500-C,9299.25,47.0,0.2045,11.0,0.23,11.0,103.55,3.33995,-4.21439,4.61974,9e-05,0.92887
9316.84,SYN.BTC-7FEB20,1580727542949,open,0.17,1.0,0.1515,0.186,0.16841135,76.56,0.175,0.0,BTC-7FEB20-7750-C,9299.25,0.0,0.168,0.1,0.1845,9.4,188.89,0.22916,-2.2635,0.81396,3e-05,0.99118
9411.78,SYN.BTC-28FEB20,1580727542946,open,0.38,0.0,0.356,0.4215,0.38592739,74.82,None,0.0,BTC-28FEB20-13000-P,9299.25,0.0,0.0055,0.1,1.0,1.0,500.0,2.92137,-4.39322,-8.50592,6e-05,-0.94014
9348.49,SYN.BTC-14FEB20,1580727542945,open,0.0,180.8,0.0005,0.013,0.00302512,61.17,0.0025,0.0,BTC-14FEB20-8000-P,9299.25,58.6,0.0025,44.6,0.0035,20.2,63.31,2.00316,-5.63346,-0.18461,0.00013,-0.06325
9972.0,SYN.BTC-25SEP20,1580727542946,open,0.28,31.2,0.232,0.3445,0.28288066,68.55,0.355,0.0,BTC-25SEP20-11000-P,9299.25,53.72,0.2355,3.0,0.327,3.0,82.48,31.76446,-4.6354,-47.76957,7e-05,-0.46155
9411.78,SYN.BTC-28FEB20,1580727542947,open,0.02,208.3,0.0095,0.045,0.02338535,59.68,0.026,0.0,BTC-28FEB20-10500-C,9299.25,58.06,0.022,23.6,0.025,61.3,61.55,8.0665,-9.67686,1.55756,0.00022,0.26621
9411.78,SYN.BTC-28FEB20,1580727542948,open,0.42,4.1,0.404,0.43,0.41635683,90.85,0.414,0.0,BTC-28FEB20-5500-C,9299.25,0.0,0.412,8.0,0.428,8.0,152.76,0.57229,-1.04508,3.68872,1e-05,0.99143
9316.84,SYN.BTC-7FEB20,1580727542947,open,0.0,592.7,0.0005,0.019,0.00375931,55.22,0.004,0.0,BTC-7FEB20-8750-P,9299.25,51.56,0.003,27.4,0.0045,70.5,58.52,2.01904,-14.3831,-0.13124,0.0004,-0.1289
9316.84,SYN.BTC-7FEB20,1580727542948,open,0.28,0.0,0.261,0.29,0.27550856,87.01,None,0.0,BTC-7FEB20-6750-C,9299.25,0.0,0.2705,6.0,0.2885,6.0,262.09,0.0051,-0.05722,0.7166,0.0,0.99986
9411.78,SYN.BTC-28FEB20,1580727542945,open,0.0,289.3,0.0005,0.0105,0.00072393,90.74,0.0005,0.0,BTC-28FEB20-5500-P,9299.25,86.55,0.0005,5.4,0.001,21.6,94.82,0.56852,-1.03687,-0.05922,1e-05,-0.00851
9411.78,SYN.BTC-28FEB20,1580727542946,open,0.12,432.5,0.0935,0.1425,0.11681922,56.03,0.12,0.0,BTC-28FEB20-8500-C,9299.25,31.68,0.101,12.0,0.1435,12.0,87.63,7.28867,-8.2081,4.24931,0.00022,0.77929
9316.84,SYN.BTC-7FEB20,1580727542945,open,0.18,0.0,0.158,0.2095,0.18165785,84.15,None,0.0,BTC-7FEB20-11000-P,9299.25,0.0,0.0005,10.0,0.0,0.0,0.0,0.66421,-7.21045,-1.13873,9e-05,-0.96939
9411.78,SYN.BTC-28FEB20,1580727542945,open,0.01,650.4,0.0005,0.0245,0.01002845,57.91,0.0095,0.0,BTC-28FEB20-8000-P,9299.25,55.96,0.009,44.0,0.011,73.5,59.69,5.05658,-5.88593,-0.86582,0.00014,-0.12495
9411.78,SYN.BTC-28FEB20,1580727542948,open,0.06,265.1,0.0395,0.092,0.06308927,55.75,0.058,0.0,BTC-28FEB20-9500-P,9299.25,51.34,0.0585,37.8,0.0635,60.6,56.14,9.80182,-10.98358,-3.58969,0.00029,-0.49654
9411.78,SYN.BTC-28FEB20,1580727542946,open,0.28,0.2,0.2535,0.3175,0.28291814,68.15,0.2675,0.0,BTC-28FEB20-12000-P,9299.25,0.0,0.0,0.0,0.0,0.0,0.0,4.33916,-5.9435,-7.58214,0.00011,-0.89914
9411.78,SYN.BTC-28FEB20,1580727542945,open,0.09,2.6,0.071,0.1295,0.09784602,57.44,0.084,0.0,BTC-28FEB20-10000-P,9299.25,45.18,0.086,21.0,0.101,21.0,60.63,9.28497,-10.72068,-4.66241,0.00027,-0.62902
9316.84,SYN.BTC-7FEB20,1580727542945,open,0.2,0.0,0.184,0.2365,0.20820058,88.53,None,0.0,BTC-7FEB20-11250-P,9299.25,0.0,0.0035,0.1,0.0,0.0,0.0,0.49673,-5.67315,-1.17387,6e-05,-0.97837
9316.84,SYN.BTC-7FEB20,1580727542945,open,0.15,0.0,0.1315,0.1825,0.1550674,77.42,None,0.0,BTC-7FEB20-10750-P,9299.25,0.0,0.1025,3.0,0.203,3.0,247.98,0.82313,-8.22148,-1.10338,0.00012,-0.96025
9411.78,SYN.BTC-28FEB20,1580727542946,open,0.03,279.8,0.019,0.0625,0.03752251,55.75,0.0325,0.0,BTC-28FEB20-9000-P,9299.25,51.58,0.0335,44.3,0.037,20.0,55.21,9.11889,-10.21862,-2.49801,0.00027,-0.35192
9316.84,SYN.BTC-7FEB20,1580727542945,open,0.0,169.2,0.0005,0.011,0.00100457,84.21,0.0015,0.0,BTC-7FEB20-11000-C,9299.25,75.58,0.0005,93.4,0.0015,1.0,90.32,0.666,-7.23514,0.02939,9e-05,0.03071
9316.84,SYN.BTC-7FEB20,1580727542948,open,0.0,717.7,0.0005,0.011,0.00146589,71.88,0.0015,0.0,BTC-7FEB20-8250-P,9299.25,66.74,0.001,4.5,0.002,72.2,76.76,0.93568,-8.67666,-0.04754,0.00014,-0.04659
9316.84,SYN.BTC-7FEB20,1580727542947,open,0.02,1002.9,0.003,0.0375,0.01259201,50.53,0.0135,0.0,BTC-7FEB20-9500-C,9299.25,51.58,0.013,0.1,0.015,47.7,56.7,3.60517,-23.49955,0.34761,0.00077,0.36396
9316.84,SYN.BTC-7FEB20,1580727542945,open,0.0,189.0,0.0005,0.0105,0.00071427,88.61,0.001,0.0,BTC-7FEB20-11250-C,9299.25,84.14,0.0005,68.5,0.001,5.0,93.39,0.49875,-5.70167,0.0208,6e-05,0.02173
9411.78,SYN.BTC-28FEB20,1580727542946,open,0.23,0.2,0.2035,0.267,0.23279243,65.01,0.216,0.0,BTC-28FEB20-11500-P,9299.25,0.0,0.0,0.0,0.0,0.0,0.0,5.37663,-7.02514,-7.03169,0.00014,-0.86345
9972.0,SYN.BTC-25SEP20,1580727542947,open,0.35,2.5,0.301,0.42,0.35487035,69.02,0.333,0.0,BTC-25SEP20-12000-P,9299.25,62.0,0.3325,1.5,0.4555,0.5,100.6,31.86,-4.681,-56.32891,7e-05,-0.52295
9316.84,SYN.BTC-7FEB20,1580727542946,open,0.0,295.3,0.0005,0.0105,0.00023525,76.44,0.0005,0.0,BTC-7FEB20-7750-P,9299.25,0.0,0.0,0.0,0.001,72.1,94.43,0.2271,-2.19179,-0.00886,3e-05,-0.00873
9972.0,SYN.BTC-25SEP20,1580727542945,open,0.26,106.7,0.2145,0.305,0.25596207,67.74,0.2545,0.0,BTC-25SEP20-9000-C,9299.25,65.67,0.25,7.8,0.2575,15.8,68.27,28.70326,-4.13892,27.04307,7e-05,0.6774
9411.78,SYN.BTC-28FEB20,1580727542946,open,0.0,864.1,0.0005,0.013,0.00349613,70.06,0.003,0.0,BTC-28FEB20-7000-P,9299.25,67.91,0.003,24.0,0.004,38.0,72.07,2.27106,-3.19796,-0.3022,5e-05,-0.04362
9316.84,SYN.BTC-7FEB20,1580727542948,open,0.01,1051.6,0.0005,0.0185,0.00444095,61.86,0.0045,0.0,BTC-7FEB20-10000-C,9299.25,59.91,0.004,52.1,0.005,0.5,64.24,2.14181,-17.09332,0.13458,0.00038,0.14048
9316.84,SYN.BTC-7FEB20,1580727542946,open,0.25,0.0,0.2335,0.2635,0.2486777,80.64,None,0.0,BTC-7FEB20-7000-C,9299.25,0.0,0.2435,6.0,0.2625,6.0,244.06,0.00891,-0.09265,0.74303,0.0,0.99975
9316.84,SYN.BTC-7FEB20,1580727542946,open,0.01,600.1,0.0005,0.03,0.00802056,51.33,0.008,0.0,BTC-7FEB20-9000-P,9299.25,48.16,0.007,10.0,0.009,74.9,54.3,3.03829,-20.11985,-0.25335,0.00064,-0.24807
9316.84,SYN.BTC-7FEB20,1580727542947,open,0.23,0.0,0.206,0.2375,0.22185627,77.8,None,0.0,BTC-7FEB20-7250-C,9299.25,0.0,0.2165,6.0,0.236,6.0,223.39,0.02528,-0.25372,0.76906,0.0,0.99923
9972.0,SYN.BTC-25SEP20,1580727542947,open,0.61,1.1,0.595,0.625,0.60783524,72.62,0.607,0.0,BTC-25SEP20-4000-C,9299.25,53.64,0.6005,6.1,0.62,6.0,89.64,5.66532,-0.87581,23.14447,1e-05,0.96851
9316.84,SYN.BTC-7FEB20,1580727542948,open,0.0,273.3,0.0005,0.0105,0.00072995,76.32,0.0005,0.0,BTC-7FEB20-8000-P,9299.25,71.9,0.0005,20.5,0.001,1.0,80.52,0.54277,-5.34438,-0.02449,8e-05,-0.02403
9972.0,SYN.BTC-25SEP20,1580727542945,open,0.31,33.6,0.269,0.352,0.30703004,67.74,0.291,0.0,BTC-25SEP20-8000-C,9299.25,60.01,0.2875,13.0,0.3105,13.0,69.1,25.37368,-3.65874,28.48015,6e-05,0.75086
9972.0,SYN.BTC-25SEP20,1580727542945,open,0.44,1.0,0.411,0.469,0.43709529,67.73,0.425,0.0,BTC-25SEP20-6000-C,9299.25,56.05,0.4205,5.0,0.461,5.0,82.17,15.4091,-2.22175,28.82029,4e-05,0.88622
9972.0,SYN.BTC-25SEP20,1580727542946,open,0.03,94.1,0.0095,0.0595,0.02572536,81.51,0.0285,0.0,BTC-25SEP20-28000-C,9299.25,80.66,0.0245,10.0,0.027,7.6,82.37,14.57326,-2.5287,5.10465,3e-05,0.10528
9316.84,SYN.BTC-7FEB20,1580727542948,open,0.07,98.4,0.044,0.0885,0.06460329,55.24,0.07,0.0,BTC-7FEB20-8750-C,9299.25,40.39,0.062,2.5,0.071,2.5,79.63,2.01976,-14.39242,0.7978,0.0004,0.87103
9972.0,SYN.BTC-25SEP20,1580727542947,open,0.09,205.7,0.0485,0.134,0.08399903,72.35,0.084,0.0,BTC-25SEP20-16000-C,9299.25,71.63,0.082,9.3,0.086,7.4,73.07,27.81288,-4.28385,13.8602,6e-05,0.29999
9411.78,SYN.BTC-28FEB20,1580727542946,open,0.02,694.1,0.005,0.0345,0.01567684,62.12,0.017,0.0,BTC-28FEB20-11000-C,9299.25,60.43,0.0145,46.3,0.017,63.3,63.97,6.65268,-8.3067,1.11375,0.00018,0.18931
9316.84,SYN.BTC-7FEB20,1580727542945,open,0.0,287.4,0.0005,0.0105,6.359e-05,76.55,0.0005,0.0,BTC-7FEB20-7500-P,9299.25,0.0,0.0,0.0,0.0005,2.1,97.66,0.07826,-0.59246,-0.00267,1e-05,-0.00264
9972.0,SYN.BTC-25SEP20,1580727542946,open,0.22,117.3,0.1695,0.2645,0.21303838,67.74,0.22,0.0,BTC-25SEP20-10000-C,9299.25,67.24,0.2115,0.2,0.2145,7.0,68.21,30.79919,-4.44121,25.1573,7e-05,0.60508
9316.84,SYN.BTC-7FEB20,1580727542946,open,0.0,49.7,0.0005,0.0105,1.411e-05,76.65,0.0005,0.0,BTC-7FEB20-7250-P,9299.25,0.0,0.0,0.0,0.0005,40.6,110.92,0.0218,-0.13148,-0.00066,0.0,-0.00065
9348.49,SYN.BTC-14FEB20,1580727542945,open,0.28,0.0,0.259,0.3165,0.28557279,78.35,None,0.0,BTC-14FEB20-12000-P,9299.25,0.0,0.0,0.0,0.0,0.0,0.0,1.32394,-4.76911,-3.47608,6e-05,-0.96234
9316.84,SYN.BTC-7FEB20,1580727542947,open,0.0,191.1,0.0005,0.0125,0.00195128,73.39,0.003,0.0,BTC-7FEB20-10500-C,9299.25,69.53,0.0015,87.1,0.0025,0.5,77.5,1.16477,-11.02861,0.05883,0.00017,0.06142
9348.49,SYN.BTC-14FEB20,1580727542945,open,0.02,213.7,0.009,0.048,0.01909171,51.19,0.0185,0.0,BTC-14FEB20-9000-P,9299.25,47.77,0.017,39.1,0.0195,47.5,51.86,5.75343,-13.54097,-0.93819,0.00043,-0.31772
9411.78,SYN.BTC-28FEB20,1580727542946,open,0.0,694.1,0.0005,0.0165,0.00469606,74.87,0.005,0.0,BTC-28FEB20-13000-C,9299.25,72.53,0.004,44.0,0.0055,75.5,77.35,2.92711,-4.40503,0.35477,6e-05,0.06001
9972.0,SYN.BTC-25SEP20,1580727542947,open,0.51,2.9,0.4585,0.5865,0.51621426,71.04,0.695,0.0,BTC-25SEP20-14000-P,9299.25,0.0,0.0,0.0,0.722,0.1,136.11,30.4116,-4.59908,-73.03091,7e-05,-0.62188
9411.78,SYN.BTC-28FEB20,1580727542948,open,0.01,198.5,0.001,0.0275,0.01093395,65.03,0.011,0.0,BTC-28FEB20-11500-C,9299.25,63.37,0.01,64.1,0.012,82.5,66.86,5.37961,-7.03184,0.80647,0.00014,0.13666
9411.78,SYN.BTC-28FEB20,1580727542948,open,0.33,0.0,0.3045,0.369,0.33419797,71.7,None,0.0,BTC-28FEB20-12500-P,9299.25,0.0,0.0,0.0,0.0,0.0,0.0,3.56412,-5.13638,-8.06126,8e-05,-0.92255
9316.84,SYN.BTC-7FEB20,1580727542948,open,0.15,11.5,0.124,0.1615,0.14207302,76.38,0.17,0.0,BTC-7FEB20-8000-C,9299.25,0.0,0.133,5.0,0.159,8.4,171.83,0.54424,-5.36266,0.82489,8e-05,0.97589
9411.78,SYN.BTC-28FEB20,1580727542947,open,0.18,0.3,0.1555,0.218,0.18441104,62.1,0.171,0.0,BTC-28FEB20-11000-P,9299.25,0.0,0.0,0.0,0.0,0.0,0.0,6.65071,-8.30157,-6.38352,0.00018,-0.81078
9972.0,SYN.BTC-25SEP20,1580727542948,open,1.43,0.0,1.377,1.5245,1.442814,79.1,None,0.0,BTC-25SEP20-24000-P,9299.25,0.0,0.0,0.0,0.0,0.0,0.0,18.06389,-3.04176,-147.57635,4e-05,-0.85698
9411.78,SYN.BTC-28FEB20,1580727542948,open,0.13,0.6,0.1105,0.172,0.13899527,59.67,0.1255,0.0,BTC-28FEB20-10500-P,9299.25,39.2,0.1235,17.0,0.145,13.4,66.5,8.06546,-9.67305,-5.5988,0.00022,-0.73386
9972.0,SYN.BTC-25SEP20,1580727542951,open,0.16,386.2,0.117,0.2105,0.15852716,67.75,0.152,0.0,BTC-25SEP20-9000-P,9299.25,65.48,0.152,15.9,0.159,15.8,67.91,28.70305,-4.1397,-30.87355,7e-05,-0.3226
9972.0,SYN.BTC-25SEP20,1580727542947,open,0.68,4.9,0.629,0.7615,0.68855919,72.38,0.7755,0.0,BTC-25SEP20-16000-P,9299.25,0.0,0.0,0.0,0.858,0.3,127.14,27.81828,-4.28612,-89.09509,6e-05,-0.69988
9316.84,SYN.BTC-7FEB20,1580727542949,open,0.12,0.0,0.1055,0.1565,0.1289385,73.36,None,0.0,BTC-7FEB20-10500-P,9299.25,0.0,0.0765,3.0,0.177,3.0,232.0,1.16344,-11.01095,-1.05618,0.00017,-0.93867
9348.49,SYN.BTC-14FEB20,1580727542945,open,0.01,47.8,0.0005,0.0195,0.00569497,63.66,0.007,0.0,BTC-14FEB20-10750-C,9299.25,61.48,0.005,62.9,0.0065,30.4,66.04,3.07239,-8.99165,0.29592,0.00019,0.11193
9316.84,SYN.BTC-7FEB20,1580727542950,open,0.0,198.4,0.0005,0.011,0.00124715,77.47,0.0025,0.0,BTC-7FEB20-10750-C,9299.25,74.5,0.001,90.0,0.0015,1.0,80.17,0.82479,-8.24329,0.03819,0.00012,0.03985
9411.78,SYN.BTC-28FEB20,1580727542948,open,0.01,920.1,0.0005,0.0165,0.00551567,62.75,0.005,0.0,BTC-28FEB20-7500-P,9299.25,61.26,0.005,44.0,0.006,0.1,64.09,3.33717,-4.20906,-0.49115,9e-05,-0.07105
9316.84,SYN.BTC-7FEB20,1580727542948,open,0.0,101.2,0.0005,0.0105,2.51e-06,76.74,0.0005,0.0,BTC-7FEB20-7000-P,9299.25,0.0,0.0,0.0,0.0005,40.1,124.5,0.00481,-0.0234,-0.00013,0.0,-0.00013
9411.78,SYN.BTC-28FEB20,1580727542947,open,0.0,406.5,0.0005,0.011,0.00109167,82.0,0.0015,0.0,BTC-28FEB20-6000-P,9299.25,73.73,0.0005,74.8,0.002,74.0,90.17,0.85264,-1.4054,-0.09394,2e-05,-0.01355
9316.84,SYN.BTC-7FEB20,1580727542948,open,0.0,343.3,0.0005,0.013,0.00224392,63.26,0.0025,0.0,BTC-7FEB20-8500-P,9299.25,61.54,0.002,0.5,0.0025,62.1,64.97,1.3576,-11.07921,-0.07632,0.00023,-0.0749
9316.84,SYN.BTC-7FEB20,1580727542949,open,0.0,55.0,0.0005,0.0105,3.5e-07,76.8,0.0005,0.0,BTC-7FEB20-6750-P,9299.25,0.0,0.0,0.0,0.0005,40.1,138.45,0.00082,-0.00324,-2e-05,0.0,-2e-05
9411.78,SYN.BTC-28FEB20,1580727542950,open,0.08,343.8,0.0575,0.108,0.08128543,55.76,0.0845,0.0,BTC-28FEB20-9000-C,9299.25,30.26,0.0575,12.2,0.0875,13.8,62.15,9.11907,-10.22102,3.63553,0.00027,0.64806
9316.84,SYN.BTC-7FEB20,1580727542947,open,0.2,0.2,0.179,0.2115,0.19507272,76.9,0.1115,0.0,BTC-7FEB20-7500-C,9299.25,0.0,0.187,6.0,0.21,6.0,205.22,0.08101,-0.80365,0.7936,1e-05,0.99726
9411.78,SYN.BTC-28FEB20,1580727542945,open,0.06,353.9,0.032,0.08,0.05372791,55.76,0.054,0.0,BTC-28FEB20-9500-C,9299.25,54.1,0.052,34.2,0.0565,39.8,58.42,9.80181,-10.98591,2.8848,0.00029,0.50347
9316.84,SYN.BTC-7FEB20,1580727542946,open,0.0,60.8,0.0005,0.0105,4e-08,76.84,0.0005,0.0,BTC-7FEB20-6500-P,9299.25,0.0,0.0,0.0,0.0005,40.5,152.81,0.0001,-0.00034,0.0,0.0,0.0
9411.78,SYN.BTC-28FEB20,1580727542946,open,0.47,0.6,0.458,0.4805,0.46895864,91.08,0.465,0.0,BTC-28FEB20-5000-C,9299.25,0.0,0.4655,8.0,0.4795,8.0,168.98,0.20619,-0.37748,3.38881,0.0,0.99727
9316.84,SYN.BTC-7FEB20,1580727542948,open,0.03,223.9,0.0145,0.0615,0.03224712,50.52,0.0295,0.0,BTC-7FEB20-9500-P,9299.25,45.97,0.0305,18.0,0.0325,1.0,51.17,3.60507,-23.49434,-0.66116,0.00077,-0.63607
9316.84,SYN.BTC-7FEB20,1580727542948,open,0.1,11.7,0.0795,0.131,0.10336522,69.62,0.087,0.0,BTC-7FEB20-10250-P,9299.25,0.0,0.0505,3.0,0.103,10.0,67.5,1.65641,-14.87621,-0.9949,0.00026,-0.9023
9972.0,SYN.BTC-25SEP20,1580727542947,open,0.02,151.9,0.0065,0.0515,0.02048937,84.7,0.0205,0.0,BTC-25SEP20-32000-C,9299.25,84.3,0.02,12.8,0.021,20.0,85.1,12.37593,-2.23137,4.09771,2e-05,0.08435
9972.0,SYN.BTC-25SEP20,1580727542946,open,0.37,5.6,0.3345,0.4065,0.36719414,67.73,0.315,0.0,BTC-25SEP20-7000-C,9299.25,59.29,0.35,13.0,0.3735,13.0,70.73,20.84442,-3.00557,29.18357,5e-05,0.82198
9972.0,SYN.BTC-25SEP20,1580727542948,open,0.02,375.4,0.0085,0.0385,0.01926838,68.84,0.02,0.0,BTC-25SEP20-5000-P,9299.25,67.55,0.018,19.5,0.0205,18.0,70.06,9.95739,-1.45921,-5.30966,2e-05,-0.06348
9972.0,SYN.BTC-25SEP20,1580727542945,open,0.52,0.0,0.499,0.542,0.51784333,68.82,None,0.0,BTC-25SEP20-5000-C,9299.25,54.46,0.506,5.1,0.536,5.0,84.65,9.95284,-1.45809,26.86884,2e-05,0.93656
9972.0,SYN.BTC-25SEP20,1580727542946,open,1.05,0.1,0.996,1.1365,1.05864681,76.06,1.21,0.0,BTC-25SEP20-20000-P,9299.25,0.0,0.0,0.0,1.35,0.4,173.22,22.51024,-3.64492,-119.15801,5e-05,-0.79828
192.86,ETH-27MAR20,1580727543042,open,0.0,2827.0,0.001,0.012,0.002165,103.62,0.003,0.0,ETH-27MAR20-480-C,187.67,94.44,0.001,1070.0,0.004,976.0,112.69,0.0313,-0.03067,0.00421,0.00056,0.01723
192.86,ETH-27MAR20,1580727543054,open,0.0,2827.0,0.001,0.012,0.002165,103.62,0.003,0.0,ETH-27MAR20-480-C,187.67,94.44,0.001,1290.0,0.004,976.0,112.69,0.0313,-0.03067,0.00421,0.00056,0.01723
192.85,ETH-27MAR20,1580727543563,open,1.05,5.0,1.016,1.154,1.080659,102.22,2.004,0.0,ETH-27MAR20-400-P,187.67,0.0,0.046,50.0,1.601,1.0,500.0,0.07132,-0.06894,-0.56831,0.0013,-0.95359
198.83,ETH-26JUN20,1580727543572,open,0.52,1.0,0.493,0.546,0.519053,91.01,0.38,0.0,ETH-26JUN20-100-C,187.67,58.1,0.5,49.0,0.538,49.0,111.25,0.16449,-0.05203,0.3234,0.00116,0.93168
9755.13,BTC-26JUN20,1580727543908,open,0.2,284.3,0.165,0.2455,0.20211154,67.17,0.204,0.0,BTC-26JUN20-9000-C,9299.25,64.31,0.1955,15.2,0.202,10.2,67.12,22.53797,-5.26078,17.45803,9e-05,0.65612
9538.35,BTC-27MAR20,1580727543957,open,0.19,26.2,0.163,0.2375,0.19704906,63.12,0.1945,0.0,BTC-27MAR20-11000-P,9299.39,61.6,0.195,3.0,0.2005,1.0,65.64,12.94823,-7.72833,-12.14672,0.00016,-0.68202
9755.26,BTC-26JUN20,1580727543966,open,0.04,230.4,0.0235,0.073,0.04336269,67.17,0.0425,0.0,BTC-26JUN20-7000-P,9299.39,66.6,0.0425,0.8,0.0435,10.7,67.26,14.85141,-3.46669,-7.78798,6e-05,-0.15917
9755.26,BTC-26JUN20,1580727543970,open,0.04,230.4,0.0235,0.073,0.04336269,67.17,0.0425,0.0,BTC-26JUN20-7000-P,9299.39,66.6,0.0425,0.6,0.0435,10.7,67.26,14.85141,-3.46669,-7.78798,6e-05,-0.15917
9755.26,BTC-26JUN20,1580727543971,open,0.04,230.4,0.0235,0.073,0.04336269,67.17,0.0425,0.0,BTC-26JUN20-7000-P,9299.39,66.27,0.042,1.8,0.0435,10.7,67.26,14.85141,-3.46669,-7.78798,6e-05,-0.15917
9411.67,SYN.BTC-28FEB20,1580727543975,open,0.37,1.0,0.35,0.379,0.36359271,82.08,0.37,0.0,BTC-28FEB20-6000-C,9299.39,0.0,0.362,7.1,0.377,7.0,138.28,0.85641,-1.41299,3.99473,2e-05,0.98638
9538.26,BTC-27MAR20,1580727544959,open,2.33,0.0,2.2895,2.4285,2.35582511,118.66,None,0.0,BTC-27MAR20-32000-P,9299.55,0.0,0.0,0.0,0.0,0.0,0.0,0.71247,-0.79941,-46.27192,0.0,-0.99294
9538.26,BTC-27MAR20,1580727544959,open,0.88,0.0,0.8515,0.9395,0.89184712,86.88,1.23,0.0,BTC-27MAR20-18000-P,9299.55,0.0,0.0125,1.0,0.0,0.0,0.0,3.10417,-2.55027,-25.59334,3e-05,-0.96038
9755.24,BTC-26JUN20,1580727544959,open,0.03,406.8,0.012,0.062,0.02970825,75.83,0.032,0.0,BTC-26JUN20-18000-C,9299.55,74.99,0.0285,0.5,0.031,23.9,76.72,14.10113,-3.7162,4.51771,5e-05,0.14719
9538.26,BTC-27MAR20,1580727544959,open,0.19,1148.6,0.1635,0.2175,0.18877742,61.08,0.196,0.0,BTC-27MAR20-8000-C,9299.55,60.33,0.188,2.0,0.192,13.5,64.14,9.896,-5.71562,8.56448,0.00012,0.8086
9538.26,BTC-27MAR20,1580727544959,open,0.0,247.6,0.0005,0.0105,0.00089792,118.42,0.0015,0.0,BTC-27MAR20-32000-C,9299.55,111.79,0.0005,19.6,0.0015,40.0,125.13,0.70236,-0.78649,0.08353,0.0,0.00694
9538.26,BTC-27MAR20,1580727544959,open,3.16,1.0,3.1115,3.2805,3.19383883,119.52,3.41,0.0,BTC-27MAR20-40000-P,9299.55,0.0,0.0,0.0,0.0,0.0,0.0,0.20155,-0.22779,-57.92488,0.0,-0.99827
9538.26,BTC-27MAR20,1580727544960,open,0.01,1552.1,0.003,0.032,0.01271984,72.92,0.0135,0.0,BTC-27MAR20-14000-C,9299.55,71.88,0.012,44.0,0.0135,9.9,74.02,6.68116,-4.6068,1.29943,7e-05,0.10676
9538.26,BTC-27MAR20,1580727544960,open,0.05,523.8,0.023,0.073,0.04379264,63.11,0.044,0.0,BTC-27MAR20-11000-C,9299.55,62.15,0.0425,22.8,0.045,2.5,64.0,12.94713,-7.72637,3.78784,0.00016,0.31792
9538.26,BTC-27MAR20,1580727544960,open,0.38,22.1,0.36,0.3945,0.3757241,74.48,0.354,0.0,BTC-27MAR20-6000-C,9299.55,52.5,0.3715,11.2,0.3915,12.8,107.46,2.98625,-2.10306,8.10397,3e-05,0.96222
9538.26,BTC-27MAR20,1580727544961,open,1.5,0.0,1.4675,1.575,1.5178902,101.56,None,0.0,BTC-27MAR20-24000-P,9299.55,0.0,0.0015,0.5,0.0,0.0,0.0,1.30565,-1.25395,-34.59599,1e-05,-0.98587
9538.26,BTC-27MAR20,1580727544960,open,0.67,1.2,0.647,0.7295,0.68466217,80.08,0.95,0.0,BTC-27MAR20-16000-P,9299.55,0.0,0.05,0.1,0.95,0.1,288.19,4.3926,-3.32635,-22.43222,4e-05,-0.93879
9755.24,BTC-26JUN20,1580727544960,open,2.27,0.0,2.218,2.368,2.28699766,90.7,None,0.0,BTC-26JUN20-32000-P,9299.55,0.0,0.0005,1.0,0.0,0.0,0.0,4.8223,-1.51992,-125.01854,1e-05,-0.96419
9755.24,BTC-26JUN20,1580727544962,open,1.86,0.0,1.817,1.954,1.87944002,87.01,None,0.0,BTC-26JUN20-28000-P,9299.55,0.0,0.0005,1.0,0.0,0.0,0.0,6.19194,-1.87236,-108.8485,2e-05,-0.95123
9755.24,BTC-26JUN20,1580727544963,open,1.66,0.0,1.6165,1.748,1.67608808,84.77,None,0.0,BTC-26JUN20-26000-P,9299.55,0.0,0.0005,1.0,0.0,0.0,0.0,7.05931,-2.07959,-100.69188,2e-05,-0.94247
9538.42,BTC-27MAR20,1580727544963,open,0.03,1020.1,0.0125,0.0505,0.02750922,61.09,0.026,0.0,BTC-27MAR20-8000-P,9299.55,60.11,0.0265,2.5,0.028,15.7,61.56,9.89624,-5.71648,-3.02486,0.00012,-0.1914
9538.42,BTC-27MAR20,1580727544963,open,0.37,0.0,0.3455,0.4235,0.38111234,69.4,0.407,0.0,BTC-27MAR20-13000-P,9299.55,0.0,0.327,3.0,0.4275,3.0,110.1,8.43219,-5.53351,-17.0232,9e-05,-0.85086
9755.4,BTC-26JUN20,1580727544964,open,2.06,0.0,2.0175,2.1625,2.08374605,90.18,None,0.0,BTC-26JUN20-30000-P,9299.55,0.0,0.0005,1.0,0.0,0.0,0.0,5.75129,-1.80251,-116.87148,2e-05,-0.95552
9972.26,SYN.BTC-25SEP20,1580727544960,open,2.21,0.0,2.154,2.3215,2.22946149,84.75,None,0.0,BTC-25SEP20-32000-P,9299.55,0.0,0.0,0.0,0.0,0.0,0.0,12.39985,-2.23715,-201.81137,2e-05,-0.91544
9411.77,SYN.BTC-28FEB20,1580727544960,open,0.01,236.3,0.0005,0.019,0.00608805,71.73,0.008,0.0,BTC-28FEB20-12500-C,9299.55,68.72,0.005,69.0,0.007,61.0,74.05,3.56809,-5.1446,0.45845,8e-05,0.07756
9972.26,SYN.BTC-25SEP20,1580727544959,open,0.21,166.0,0.169,0.273,0.2158592,67.75,0.212,0.0,BTC-25SEP20-10000-P,9299.55,65.85,0.21,6.5,0.219,6.5,68.76,30.79929,-4.44183,-39.19193,7e-05,-0.39488
9972.26,SYN.BTC-25SEP20,1580727544962,open,1.82,0.0,1.7635,1.9195,1.8335771,81.55,None,0.0,BTC-25SEP20-28000-P,9299.55,0.0,0.0,0.0,0.0,0.0,0.0,14.59211,-2.53326,-175.06602,3e-05,-0.89454
9411.77,SYN.BTC-28FEB20,1580727544962,open,0.02,513.8,0.0075,0.0395,0.01993938,56.02,0.0175,0.0,BTC-28FEB20-8500-P,9299.55,52.83,0.0175,44.3,0.02,21.0,56.1,7.2884,-8.20706,-1.54355,0.00022,-0.2207
9348.52,SYN.BTC-14FEB20,1580727544959,open,0.05,66.5,0.025,0.072,0.04049001,51.06,0.0455,0.0,BTC-14FEB20-9250-C,9299.55,50.34,0.04,2.5,0.043,45.7,54.76,6.35149,-14.91106,1.4617,0.00048,0.56524
9972.26,SYN.BTC-25SEP20,1580727544959,open,0.06,168.6,0.0255,0.0975,0.0529539,76.03,0.051,0.0,BTC-25SEP20-20000-C,9299.55,75.16,0.051,9.7,0.055,24.0,76.93,22.49878,-3.64134,9.53464,5e-05,0.20154
9348.52,SYN.BTC-14FEB20,1580727544959,open,0.02,316.2,0.0085,0.047,0.0204169,54.19,0.022,0.0,BTC-14FEB20-9750-C,9299.55,52.75,0.0195,4.5,0.0215,41.1,55.89,5.9363,-14.79014,0.90016,0.00042,0.34357
9411.77,SYN.BTC-28FEB20,1580727544959,open,0.32,11.6,0.296,0.3285,0.31133942,75.87,0.306,0.0,BTC-28FEB20-6500-C,9299.55,52.7,0.3095,12.0,0.327,12.0,125.88,1.41364,-2.15569,4.25994,3e-05,0.97546
9316.9,SYN.BTC-7FEB20,1580727544965,open,0.05,267.2,0.023,0.0685,0.04202447,51.31,0.0415,0.0,BTC-7FEB20-9000-C,9299.55,48.12,0.041,2.0,0.045,4.5,60.15,3.03746,-20.10497,0.70244,0.00064,0.75206
9411.77,SYN.BTC-28FEB20,1580727544964,open,0.26,46.8,0.2425,0.279,0.25973962,70.03,0.249,0.0,BTC-28FEB20-7000-C,9299.55,53.64,0.257,11.0,0.2775,11.0,113.64,2.26868,-3.19333,4.46889,5e-05,0.95644
9348.52,SYN.BTC-14FEB20,1580727544959,open,0.01,217.5,0.002,0.036,0.01159663,51.92,0.01,0.0,BTC-14FEB20-8750-P,9299.55,49.73,0.0105,24.0,0.012,20.0,52.71,4.73763,-11.30767,-0.63614,0.00035,-0.21678
9411.77,SYN.BTC-28FEB20,1580727544960,open,0.0,669.8,0.0005,0.0115,0.00197136,75.91,0.002,0.0,BTC-28FEB20-6500-P,9299.55,72.52,0.0015,62.0,0.0025,20.0,79.18,1.41673,-2.16176,-0.17044,3e-05,-0.0246
9972.26,SYN.BTC-25SEP20,1580727544959,open,0.11,296.4,0.0725,0.165,0.11223677,71.02,0.119,0.0,BTC-25SEP20-14000-C,9299.55,70.94,0.112,0.5,0.1125,7.6,71.11,30.41078,-4.59782,17.05765,7e-05,0.37805
188.74,SYN.ETH-14FEB20,1580727544974,open,0.01,352.0,0.001,0.019,0.005513,74.32,0.005,0.0,ETH-14FEB20-160-P,187.67,72.42,0.005,980.0,0.006,10.0,76.05,0.05213,-0.17811,-0.00527,0.00661,-0.08823
188.74,SYN.ETH-14FEB20,1580727544973,open,0.0,574.0,0.001,0.011,0.000373,90.71,0.001,0.0,ETH-14FEB20-130-P,187.67,0.0,0.0,0.0,0.001,10.0,103.63,0.00632,-0.02635,-0.00041,0.00066,-0.00696
188.74,SYN.ETH-14FEB20,1580727544973,open,0.27,1.0,0.236,0.284,0.259702,90.95,0.27,0.0,ETH-14FEB20-140-C,187.67,0.0,0.252,34.0,0.275,34.0,159.87,0.01827,-0.07638,0.04029,0.00189,0.97621
188.74,SYN.ETH-14FEB20,1580727544974,open,0.0,18.0,0.001,0.014,0.003469,85.99,0.002,0.0,ETH-14FEB20-150-P,187.67,83.35,0.003,950.0,0.004,10.0,88.75,0.03489,-0.13792,-0.00314,0.00382,-0.05242
9316.9,SYN.BTC-7FEB20,1580727544963,open,0.1,130.3,0.07,0.1115,0.089911,63.18,0.085,0.0,BTC-7FEB20-8500-C,9299.55,0.0,0.0785,5.0,0.11,8.4,141.38,1.35401,-11.03591,0.82651,0.00023,0.92536
188.74,SYN.ETH-14FEB20,1580727544973,open,0.17,1.0,0.129,0.186,0.157811,74.48,0.14,0.0,ETH-14FEB20-160-C,187.67,0.0,0.152,53.0,0.18,52.0,130.18,0.05232,-0.17914,0.04238,0.00662,0.91134
188.74,SYN.ETH-14FEB20,1580727544974,open,0.03,123.0,0.007,0.053,0.026547,71.87,0.034,0.0,ETH-14FEB20-200-C,187.67,69.42,0.025,240.0,0.028,582.0,74.15,0.11972,-0.39558,0.01778,0.0157,0.34264
188.74,SYN.ETH-14FEB20,1580727544973,open,0.32,39.0,0.29,0.333,0.311615,91.77,0.318,0.0,ETH-14FEB20-130-C,187.67,0.0,0.305,35.0,0.325,35.0,177.95,0.00674,-0.02844,0.03829,0.00069,0.99251
9348.52,SYN.BTC-14FEB20,1580727544959,open,0.13,0.0,0.105,0.1605,0.13086926,61.24,None,0.0,BTC-14FEB20-10500-P,9299.55,0.0,0.086,4.2,0.1855,2.0,155.81,3.72508,-10.48719,-2.73844,0.00023,-0.85223
9316.9,SYN.BTC-7FEB20,1580727544959,open,0.12,31.5,0.097,0.137,0.11596586,71.76,0.1115,0.0,BTC-7FEB20-8250-C,9299.55,0.0,0.1055,5.0,0.134,8.4,155.68,0.93138,-8.62247,0.82875,0.00014,0.95368
188.74,SYN.ETH-14FEB20,1580727544978,open,0.02,2.0,0.003,0.039,0.016344,76.25,0.023,0.0,ETH-14FEB20-210-C,187.67,73.65,0.015,270.0,0.018,680.0,79.39,0.09845,-0.34513,0.01191,0.01216,0.22804
188.74,SYN.ETH-14FEB20,1580727544979,open,0.01,112.0,0.001,0.028,0.010017,80.01,0.013,0.0,ETH-14FEB20-220-C,187.67,77.41,0.009,270.0,0.011,572.0,82.42,0.07561,-0.27813,0.00781,0.0089,0.14898
188.74,SYN.ETH-14FEB20,1580727544979,open,0.01,50.0,0.002,0.034,0.013561,72.87,0.012,0.0,ETH-14FEB20-170-P,187.67,69.43,0.012,920.0,0.015,1125.0,75.94,0.08715,-0.29195,-0.0112,0.01127,-0.18564
188.74,SYN.ETH-14FEB20,1580727544979,open,0.08,6.0,0.051,0.124,0.086175,71.78,0.075,0.0,ETH-14FEB20-200-P,187.67,65.12,0.082,180.0,0.089,200.0,76.21,0.11969,-0.39499,-0.04183,0.01571,-0.6576
9316.9,SYN.BTC-7FEB20,1580727544962,open,0.07,13.7,0.054,0.1045,0.07777368,61.92,0.0715,0.0,BTC-7FEB20-10000-P,9299.55,0.0,0.0725,2.5,0.078,18.0,62.89,2.14451,-17.13097,-0.92701,0.00038,-0.85926
9316.9,SYN.BTC-7FEB20,1580727544967,open,0.01,458.3,0.0005,0.026,0.00754299,56.94,0.007,0.0,BTC-7FEB20-9750-C,9299.55,55.18,0.007,24.0,0.0085,42.9,59.96,2.90165,-21.31315,0.21819,0.00055,0.2281
188.74,SYN.ETH-14FEB20,1580727544979,open,0.05,27.0,0.021,0.081,0.048868,65.8,0.046,0.0,ETH-14FEB20-190-P,187.67,64.54,0.048,180.0,0.05,1.0,67.44,0.12997,-0.39317,-0.03091,0.01861,-0.5008
188.74,SYN.ETH-14FEB20,1580727544979,open,0.16,0.0,0.136,0.218,0.175608,79.85,None,0.0,ETH-14FEB20-220-P,187.67,0.0,0.0,0.0,0.0,0.0,0.0,0.07543,-0.27693,-0.05776,0.0089,-0.85155
188.74,SYN.ETH-14FEB20,1580727544979,open,0.22,0.0,0.182,0.236,0.208748,86.21,None,0.0,ETH-14FEB20-150-C,187.67,0.0,0.205,1.0,0.226,53.0,142.93,0.03511,-0.13915,0.04153,0.00384,0.94716
188.74,SYN.ETH-14FEB20,1580727544980,open,0.0,38.0,0.001,0.011,0.001442,90.54,0.001,0.0,ETH-14FEB20-140-P,187.67,85.37,0.001,950.0,0.002,5.0,95.84,0.01797,-0.0748,-0.00139,0.00187,-0.02333
188.74,SYN.ETH-14FEB20,1580727544982,open,0.12,0.0,0.091,0.169,0.128953,76.14,None,0.0,ETH-14FEB20-210-P,187.67,0.0,0.013,20.0,0.227,20.0,227.9,0.09836,-0.34428,-0.05069,0.01217,-0.77235
9411.77,SYN.BTC-28FEB20,1580727544991,open,0.37,1.0,0.35,0.379,0.36358556,81.93,0.37,0.0,BTC-28FEB20-6000-C,9299.55,0.0,0.3625,0.1,0.377,7.0,138.26,0.84944,-1.39893,3.99564,2e-05,0.98651
192.85,ETH-27MAR20,1580727545213,open,0.0,2827.0,0.001,0.012,0.002164,103.63,0.003,0.0,ETH-27MAR20-480-C,187.67,94.44,0.001,1070.0,0.004,976.0,112.7,0.0313,-0.03067,0.00421,0.00056,0.01723
198.84,ETH-26JUN20,1580727545214,open,0.21,305.0,0.158,0.275,0.215451,85.62,0.2,0.0,ETH-26JUN20-200-P,187.68,82.55,0.208,180.0,0.22,399.0,87.5,0.48174,-0.14334,-0.48099,0.00361,-0.39822
198.84,ETH-26JUN20,1580727545214,open,0.01,1009.0,0.001,0.022,0.009973,94.73,0.01,0.0,ETH-26JUN20-80-P,187.68,92.6,0.009,650.0,0.011,200.0,96.85,0.09363,-0.03082,-0.03427,0.00063,-0.03375
192.86,ETH-27MAR20,1580727545215,open,2.27,0.0,2.223,2.425,2.319587,120.25,None,0.0,ETH-27MAR20-640-P,187.68,0.0,0.01,50.0,0.0,0.0,0.0,0.01676,-0.01906,-0.92511,0.00026,-0.99162
192.86,ETH-27MAR20,1580727545215,open,0.22,3236.0,0.179,0.252,0.215989,80.11,0.222,0.0,ETH-27MAR20-160-C,187.68,75.66,0.211,320.0,0.227,10.0,89.65,0.21854,-0.16556,0.15698,0.00506,0.77788
198.84,ETH-26JUN20,1580727545215,open,1.61,0.0,1.548,1.741,1.638256,96.84,None,0.0,ETH-26JUN20-520-P,187.68,0.0,0.01,50.0,0.0,0.0,0.0,0.22031,-0.07414,-1.98885,0.00146,-0.89923
198.84,ETH-26JUN20,1580727545214,open,2.0,0.0,1.935,2.144,2.033112,98.84,None,0.0,ETH-26JUN20-600-P,187.68,0.0,0.01,50.0,0.0,0.0,0.0,0.1692,-0.05812,-2.32178,0.0011,-0.92914
192.86,ETH-27MAR20,1580727545215,open,0.08,1776.0,0.051,0.126,0.086726,80.09,0.075,0.0,ETH-27MAR20-180-P,187.68,77.45,0.083,670.0,0.088,476.0,80.99,0.27257,-0.20643,-0.12269,0.00632,-0.35242
192.86,ETH-27MAR20,1580727545215,open,0.11,4258.0,0.067,0.144,0.105688,80.05,0.109,0.0,ETH-27MAR20-200-C,187.68,77.62,0.102,920.0,0.109,280.0,82.24,0.29268,-0.22156,0.11385,0.00679,0.51318
198.84,ETH-26JUN20,1580727545215,open,1.8,0.0,1.741,1.941,1.834944,97.59,None,0.0,ETH-26JUN20-560-P,187.68,0.0,0.01,50.0,0.0,0.0,0.0,0.19126,-0.06487,-2.15674,0.00126,-0.91674
198.84,ETH-26JUN20,1580727545215,open,0.61,0.0,0.59,0.627,0.60762,94.68,None,0.0,ETH-26JUN20-80-C,187.68,56.01,0.598,54.0,0.622,54.0,118.89,0.09354,-0.03078,0.28112,0.00063,0.96629
198.85,ETH-26JUN20,1580727545216,open,2.19,0.0,2.129,2.348,2.231739,100.0,None,0.0,ETH-26JUN20-640-P,187.68,0.0,0.01,50.0,0.0,0.0,0.0,0.15033,-0.05225,-2.48544,0.00096,-0.93917
198.85,ETH-26JUN20,1580727545216,open,0.37,543.0,0.323,0.404,0.364323,85.61,0.354,0.0,ETH-26JUN20-140-C,187.68,65.36,0.333,46.0,0.393,46.0,102.64,0.32573,-0.09691,0.35845,0.00244,0.82163
192.86,ETH-27MAR20,1580727545216,open,0.02,2572.0,0.003,0.034,0.014036,90.9,0.019,0.0,ETH-27MAR20-320-C,187.68,87.7,0.012,1475.0,0.016,1011.0,93.78,0.12735,-0.10947,0.02358,0.0026,0.09844
188.05,SYN.ETH-7FEB20,1580727545215,open,0.16,166.0,0.123,0.178,0.150607,90.42,0.158,0.0,ETH-7FEB20-160-C,187.68,0.0,0.149,1.0,0.167,50.0,179.1,0.01585,-0.18484,0.01621,0.00467,0.96249
188.05,SYN.ETH-7FEB20,1580727545216,open,0.03,433.0,0.009,0.067,0.034836,71.07,0.033,0.0,ETH-7FEB20-190-P,187.68,61.67,0.031,180.0,0.037,455.0,76.36,0.07689,-0.70491,-0.01151,0.02881,-0.54153
203.8,SYN.ETH-25SEP20,1580727545214,open,2.14,0.0,2.067,2.312,2.182082,97.45,None,0.0,ETH-25SEP20-640-P,187.68,0.0,0.0,0.0,0.0,0.0,0.0,0.36672,-0.07607,-3.98735,0.00141,-0.85838
190.11,SYN.ETH-28FEB20,1580727545215,open,0.02,1413.0,0.004,0.037,0.016526,81.55,0.019,0.0,ETH-28FEB20-240-C,187.68,79.12,0.015,217.0,0.018,1022.0,83.82,0.1215,-0.19915,0.01879,0.00605,0.16152
203.8,SYN.ETH-25SEP20,1580727545214,open,0.42,23.0,0.369,0.46,0.415141,85.92,0.327,0.0,ETH-25SEP20-140-C,187.68,70.19,0.382,50.0,0.445,50.0,99.64,0.43915,-0.08033,0.5219,0.00191,0.8131
190.11,SYN.ETH-28FEB20,1580727545216,open,0.05,106.0,0.024,0.083,0.051056,73.76,0.042,0.0,ETH-28FEB20-180-P,187.68,69.57,0.047,1350.0,0.052,192.0,74.74,0.1842,-0.2731,-0.05222,0.01014,-0.35198
188.05,SYN.ETH-7FEB20,1580727545216,open,0.03,1468.0,0.004,0.052,0.024465,71.07,0.023,0.0,ETH-7FEB20-190-C,187.68,67.48,0.023,10.0,0.026,501.0,74.82,0.07689,-0.70491,0.00867,0.02881,0.45847
203.8,SYN.ETH-25SEP20,1580727545214,open,0.72,1.0,0.701,0.731,0.715013,95.91,0.721,0.0,ETH-25SEP20-60-C,187.68,59.38,0.706,62.0,0.725,62.0,114.01,0.09295,-0.01898,0.34201,0.00036,0.97581
203.8,SYN.ETH-25SEP20,1580727545217,open,0.48,0.0,0.439,0.517,0.478111,87.09,0.359,0.0,ETH-25SEP20-120-C,187.68,69.23,0.449,51.0,0.501,51.0,99.93,0.35324,-0.06549,0.50862,0.00152,0.86595
190.11,SYN.ETH-28FEB20,1580727545216,open,0.07,153.0,0.043,0.113,0.076383,73.74,0.068,0.0,ETH-28FEB20-190-P,187.68,69.52,0.072,614.0,0.078,164.0,75.31,0.19702,-0.29204,-0.06956,0.01085,-0.4605
192.86,ETH-27MAR20,1580727545231,open,0.0,2827.0,0.001,0.012,0.002164,103.62,0.003,0.0,ETH-27MAR20-480-C,187.68,94.44,0.001,1290.0,0.004,976.0,112.69,0.03129,-0.03066,0.00421,0.00056,0.01722
192.86,ETH-27MAR20,1580727545239,open,0.16,3675.0,0.113,0.192,0.153358,80.06,0.165,0.0,ETH-27MAR20-180-C,187.68,78.39,0.151,194.0,0.157,1265.0,82.63,0.27257,-0.20634,0.13808,0.00632,0.64759
198.85,ETH-26JUN20,1580727545262,open,0.37,543.0,0.323,0.404,0.364323,85.61,0.354,0.0,ETH-26JUN20-140-C,187.68,65.36,0.333,46.0,0.394,46.0,103.22,0.32573,-0.09691,0.35845,0.00244,0.82163
192.86,ETH-27MAR20,1580727545267,open,0.28,126.0,0.242,0.349,0.293951,82.13,0.311,0.0,ETH-27MAR20-240-P,187.68,0.0,0.005,15.0,0.351,2.0,122.56,0.25267,-0.19624,-0.27951,0.00571,-0.70651
188.05,SYN.ETH-7FEB20,1580727545274,open,0.06,1504.0,0.025,0.086,0.055682,73.27,0.07,0.0,ETH-7FEB20-180-C,187.68,68.26,0.054,670.0,0.058,650.0,80.0,0.0639,-0.60401,0.01349,0.02323,0.73145
198.84,ETH-26JUN20,1580727545282,open,0.52,1.0,0.493,0.546,0.519032,90.96,0.38,0.0,ETH-26JUN20-100-C,187.68,58.02,0.5,49.0,0.536,49.0,109.28,0.16436,-0.05196,0.32349,0.00116,0.93176
9972.26,SYN.BTC-25SEP20,1580727545316,open,0.04,204.6,0.0205,0.0665,0.03879791,67.74,0.0365,0.0,BTC-25SEP20-6000-P,9299.55,65.91,0.036,17.7,0.04,9.9,68.52,15.41119,-2.22251,-9.79195,4e-05,-0.11379
198.84,ETH-26JUN20,1580727545334,open,0.52,1.0,0.493,0.546,0.519032,90.96,0.38,0.0,ETH-26JUN20-100-C,187.68,58.02,0.5,49.0,0.537,49.0,110.26,0.16436,-0.05196,0.32349,0.00116,0.93176
198.84,ETH-26JUN20,1580727545341,open,0.52,1.0,0.493,0.546,0.519032,90.96,0.38,0.0,ETH-26JUN20-100-C,187.68,61.12,0.501,49.0,0.537,49.0,110.26,0.16436,-0.05196,0.32349,0.00116,0.93176
188.74,SYN.ETH-14FEB20,1580727545361,open,0.12,2.0,0.081,0.144,0.112877,72.97,0.09,0.0,ETH-14FEB20-170-C,187.68,73.24,0.113,650.0,0.116,598.0,79.54,0.08723,-0.29264,0.03943,0.01126,0.81407
188.74,SYN.ETH-14FEB20,1580727545369,open,0.08,33.0,0.042,0.106,0.074279,70.82,0.087,0.0,ETH-14FEB20-180-C,187.68,68.76,0.073,608.0,0.077,650.0,75.17,0.11752,-0.38261,0.03368,0.01564,0.67321
188.74,SYN.ETH-14FEB20,1580727545371,open,0.02,45.0,0.008,0.055,0.027945,70.74,0.027,0.0,ETH-14FEB20-180-P,187.68,65.98,0.025,596.0,0.029,915.0,72.43,0.1175,-0.38211,-0.01994,0.01565,-0.32666
188.74,SYN.ETH-14FEB20,1580727545373,open,0.05,97.0,0.016,0.071,0.042221,65.88,0.045,0.0,ETH-14FEB20-190-C,187.68,67.01,0.043,858.0,0.047,602.0,72.82,0.12997,-0.39363,0.0257,0.01859,0.49926
190.11,SYN.ETH-28FEB20,1580727545398,open,0.02,271.0,0.006,0.041,0.019416,76.2,0.016,0.0,ETH-28FEB20-160-P,187.68,74.01,0.018,1088.0,0.021,538.0,78.6,0.12415,-0.19015,-0.02415,0.00661,-0.16698
190.11,SYN.ETH-28FEB20,1580727545402,open,0.03,431.0,0.012,0.058,0.031954,74.16,0.03,0.0,ETH-28FEB20-170-P,187.68,71.8,0.03,25.0,0.034,805.0,76.62,0.15774,-0.23515,-0.03654,0.00864,-0.2501
190.11,SYN.ETH-28FEB20,1580727545404,open,0.03,431.0,0.012,0.058,0.031954,74.16,0.03,0.0,ETH-28FEB20-170-P,187.68,70.57,0.029,842.0,0.034,805.0,76.62,0.15774,-0.23515,-0.03654,0.00864,-0.2501
188.05,SYN.ETH-7FEB20,1580727545409,open,0.11,900.0,0.069,0.128,0.099457,76.01,0.126,0.0,ETH-7FEB20-170-C,187.68,84.35,0.101,650.0,0.103,471.0,93.73,0.03203,-0.31409,0.01614,0.01122,0.90782
188.05,SYN.ETH-7FEB20,1580727545410,open,0.06,1504.0,0.025,0.086,0.055682,73.27,0.07,0.0,ETH-7FEB20-180-C,187.68,71.25,0.055,591.0,0.058,650.0,80.0,0.0639,-0.60401,0.01349,0.02323,0.73145
190.11,SYN.ETH-28FEB20,1580727545420,open,0.03,431.0,0.012,0.058,0.031954,74.16,0.03,0.0,ETH-28FEB20-170-P,187.68,70.57,0.029,1126.0,0.034,805.0,76.62,0.15774,-0.23515,-0.03654,0.00864,-0.2501
192.86,ETH-27MAR20,1580727545635,open,0.01,262.0,0.001,0.018,0.006938,94.81,0.01,0.0,ETH-27MAR20-110-P,187.68,91.91,0.006,952.0,0.008,585.0,97.85,0.06485,-0.05814,-0.01346,0.00127,-0.04124
192.86,ETH-27MAR20,1580727545637,open,0.02,2787.0,0.008,0.044,0.022134,83.62,0.018,0.0,ETH-27MAR20-140-P,187.68,82.13,0.021,498.0,0.024,565.0,86.01,0.14846,-0.11738,-0.04024,0.0033,-0.12188
192.86,ETH-27MAR20,1580727545641,open,0.04,5714.0,0.021,0.076,0.045649,80.15,0.041,0.0,ETH-27MAR20-160-P,187.68,78.69,0.044,672.0,0.047,192.0,81.34,0.21858,-0.16567,-0.07483,0.00506,-0.22219
192.86,ETH-27MAR20,1580727545645,open,0.11,4258.0,0.067,0.144,0.105688,80.05,0.109,0.0,ETH-27MAR20-200-C,187.68,77.62,0.102,918.0,0.109,280.0,82.24,0.29268,-0.22156,0.11385,0.00679,0.51318
192.85,ETH-27MAR20,1580727545647,open,0.08,3033.0,0.038,0.107,0.070741,79.86,0.07,0.0,ETH-27MAR20-220-C,187.68,78.66,0.069,1129.0,0.072,200.0,80.72,0.28146,-0.21254,0.08897,0.00654,0.38921
192.86,ETH-27MAR20,1580727545649,open,0.05,4875.0,0.022,0.083,0.04946,82.08,0.061,0.0,ETH-27MAR20-240-C,187.68,80.97,0.048,829.0,0.051,225.0,83.26,0.2526,-0.19607,0.06813,0.00571,0.29332
192.86,ETH-27MAR20,1580727545651,open,0.03,3137.0,0.008,0.052,0.025781,87.01,0.032,0.0,ETH-27MAR20-280-C,187.68,85.13,0.024,514.0,0.028,772.0,89.29,0.18469,-0.15196,0.03987,0.00394,0.16848
203.8,SYN.ETH-25SEP20,1580727545860,open,0.42,23.0,0.369,0.46,0.41516,85.92,0.327,0.0,ETH-25SEP20-140-C,187.68,71.16,0.384,50.0,0.445,50.0,99.64,0.43915,-0.08033,0.5219,0.00191,0.8131
9538.33,BTC-27MAR20,1580727545966,open,0.13,1531.9,0.0925,0.153,0.1209183,61.08,0.1235,0.0,BTC-27MAR20-9000-C,9299.52,58.67,0.1175,1.5,0.1215,26.0,61.49,13.54422,-7.82235,7.21216,0.00017,0.64287
9538.33,BTC-27MAR20,1580727545968,open,0.43,0.0,0.4125,0.4425,0.42636148,78.98,None,0.0,BTC-27MAR20-5500-C,9299.52,51.99,0.4235,8.0,0.44,8.0,115.68,2.03206,-1.51759,7.59825,2e-05,0.97625
9538.33,BTC-27MAR20,1580727545968,open,0.06,318.9,0.04,0.0965,0.06448662,61.08,0.062,0.0,BTC-27MAR20-9000-P,9299.52,59.33,0.062,2.5,0.064,14.6,60.74,13.54427,-7.823,-5.82584,0.00017,-0.35713
9755.44,BTC-26JUN20,1580727545968,open,0.0,246.4,0.0005,0.011,0.00144514,85.66,0.0015,0.0,BTC-26JUN20-3000-P,9299.52,81.52,0.001,49.4,0.002,11.8,89.76,1.18081,-0.3515,-0.3215,0.0,-0.00692
9972.47,SYN.BTC-25SEP20,1580727545966,open,0.11,156.9,0.0745,0.1545,0.10928504,67.75,0.102,0.0,BTC-25SEP20-8000-P,9299.52,65.07,0.1025,8.6,0.1085,16.6,67.44,25.37372,-3.65929,-22.99974,6e-05,-0.24912
203.8,SYN.ETH-25SEP20,1580727546185,open,0.42,23.0,0.369,0.46,0.41516,85.92,0.327,0.0,ETH-25SEP20-140-C,187.68,70.68,0.383,50.0,0.445,50.0,99.64,0.43915,-0.08033,0.5219,0.00191,0.8131
198.84,ETH-26JUN20,1580727546234,open,0.61,0.0,0.59,0.627,0.607638,94.68,None,0.0,ETH-26JUN20-80-C,187.68,56.01,0.598,54.0,0.62,54.0,116.01,0.09354,-0.03078,0.28112,0.00063,0.96629
198.85,ETH-26JUN20,1580727546236,open,0.37,543.0,0.323,0.404,0.364369,85.61,0.354,0.0,ETH-26JUN20-140-C,187.68,64.66,0.332,46.0,0.394,46.0,103.22,0.32573,-0.09691,0.35845,0.00244,0.82163
9317.05,SYN.BTC-7FEB20,1580727546260,open,0.07,98.4,0.044,0.0885,0.06460474,55.16,0.07,0.0,BTC-7FEB20-8750-C,9299.52,40.23,0.062,2.5,0.0705,6.0,77.88,2.01544,-14.34148,0.79821,0.0004,0.87143
9317.05,SYN.BTC-7FEB20,1580727546262,open,0.07,98.4,0.044,0.0885,0.06460474,55.16,0.07,0.0,BTC-7FEB20-8750-C,9299.52,40.23,0.062,2.5,0.0705,11.8,77.88,2.01544,-14.34148,0.79821,0.0004,0.87143
192.86,ETH-27MAR20,1580727546492,open,0.59,20.0,0.573,0.602,0.587011,111.06,0.613,0.0,ETH-27MAR20-80-C,187.68,0.0,0.578,50.0,0.596,50.0,154.37,0.02113,-0.02219,0.11233,0.00035,0.98907
203.81,SYN.ETH-25SEP20,1580727546563,open,0.63,0.0,0.606,0.651,0.627945,90.72,None,0.0,ETH-25SEP20-80-C,187.68,64.76,0.612,56.0,0.641,56.0,105.05,0.16749,-0.03235,0.42292,0.00069,0.95042
198.85,ETH-26JUN20,1580727546568,open,0.44,318.0,0.403,0.471,0.436826,87.41,0.379,0.0,ETH-26JUN20-120-C,187.68,62.97,0.411,47.0,0.46,47.0,105.13,0.24397,-0.07411,0.35043,0.00179,0.8839
203.81,SYN.ETH-25SEP20,1580727546568,open,0.56,0.0,0.519,0.581,0.549718,89.12,None,0.0,ETH-25SEP20-100-C,187.68,67.88,0.526,53.0,0.567,53.0,101.91,0.261,-0.04951,0.47518,0.0011,0.91204
9972.47,SYN.BTC-25SEP20,1580727546574,open,0.04,204.6,0.0205,0.0665,0.03879456,67.74,0.0365,0.0,BTC-25SEP20-6000-P,9299.52,65.92,0.036,17.8,0.04,9.9,68.52,15.41078,-2.22245,-9.79144,4e-05,-0.11379
198.85,ETH-26JUN20,1580727546671,open,0.61,0.0,0.59,0.627,0.607638,94.68,None,0.0,ETH-26JUN20-80-C,187.68,55.63,0.598,54.0,0.621,54.0,117.44,0.09353,-0.03077,0.28112,0.00063,0.96629
192.86,ETH-27MAR20,1580727547398,open,0.0,2827.0,0.001,0.012,0.002165,103.62,0.003,0.0,ETH-27MAR20-480-C,187.68,94.44,0.001,1070.0,0.004,976.0,112.69,0.0313,-0.03067,0.00421,0.00056,0.01723
192.86,ETH-27MAR20,1580727547404,open,0.0,2827.0,0.001,0.012,0.002165,103.62,0.003,0.0,ETH-27MAR20-480-C,187.68,94.44,0.001,1290.0,0.004,976.0,112.69,0.0313,-0.03067,0.00421,0.00056,0.01723
9755.42,BTC-26JUN20,1580727547526,open,0.1,444.5,0.062,0.1405,0.09619863,68.59,0.0945,0.0,BTC-26JUN20-12000-C,9299.2,67.68,0.094,9.0,0.098,8.8,69.34,23.58814,-5.62292,11.50172,9e-05,0.3953
9755.42,BTC-26JUN20,1580727547529,open,0.1,444.5,0.062,0.1405,0.09619863,68.59,0.0945,0.0,BTC-26JUN20-12000-C,9299.2,67.68,0.094,17.0,0.098,8.8,69.34,23.58814,-5.62292,11.50172,9e-05,0.3953
9755.42,BTC-26JUN20,1580727547539,open,0.1,444.5,0.062,0.1405,0.09619863,68.59,0.0945,0.0,BTC-26JUN20-12000-C,9299.2,67.68,0.094,22.8,0.098,8.8,69.34,23.58814,-5.62292,11.50172,9e-05,0.3953
9755.42,BTC-26JUN20,1580727547541,open,0.1,444.5,0.062,0.1405,0.09619863,68.59,0.0945,0.0,BTC-26JUN20-12000-C,9299.2,67.68,0.094,17.0,0.098,8.8,69.34,23.58814,-5.62292,11.50172,9e-05,0.3953
203.81,SYN.ETH-25SEP20,1580727547874,open,0.48,0.0,0.439,0.517,0.47815,87.09,0.359,0.0,ETH-25SEP20-120-C,187.68,70.53,0.451,51.0,0.501,51.0,99.92,0.35323,-0.06549,0.50864,0.00152,0.86596
9317.02,SYN.BTC-7FEB20,1580727547903,open,0.01,458.3,0.0005,0.026,0.00755147,56.95,0.007,0.0,BTC-7FEB20-9750-C,9299.2,55.17,0.007,24.0,0.008,0.4,58.38,2.90271,-21.32782,0.21833,0.00055,0.22824
9348.28,SYN.BTC-14FEB20,1580727547976,open,0.0,26.0,0.0005,0.012,0.00225586,66.59,0.003,0.0,BTC-14FEB20-7750-P,9299.2,64.99,0.002,30.0,0.0025,0.6,68.02,1.54686,-4.73542,-0.1334,9e-05,-0.04563
9348.28,SYN.BTC-14FEB20,1580727547976,open,0.0,180.8,0.0005,0.013,0.00302333,61.16,0.0025,0.0,BTC-14FEB20-8000-P,9299.2,58.6,0.0025,44.6,0.0035,20.2,63.3,2.00268,-5.63071,-0.18456,0.00013,-0.06323
9348.28,SYN.BTC-14FEB20,1580727547976,open,0.0,6.2,0.0005,0.0115,0.00168452,71.88,0.001,0.0,BTC-14FEB20-7500-P,9299.2,70.38,0.0015,30.0,0.002,34.0,74.23,1.18993,-3.93211,-0.0968,6e-05,-0.03307
9348.28,SYN.BTC-14FEB20,1580727547976,open,0.13,0.0,0.102,0.1455,0.12203322,57.24,None,0.0,BTC-14FEB20-8250-C,9299.2,0.0,0.11,10.2,0.1445,11.8,109.51,2.71427,-7.14306,2.18264,0.00018,0.90562
9348.28,SYN.BTC-14FEB20,1580727547976,open,0.2,0.0,0.182,0.2185,0.19942678,72.1,None,0.0,BTC-14FEB20-7500-C,9299.2,0.0,0.1915,6.0,0.2165,6.0,133.95,1.20155,-3.98285,2.13676,6e-05,0.96654
